product_name,product_image,payback_points,product_link,payback_condition,product_quantity,tag_label,price,product_information,store_address,store,category,date,offer_duration
Barilla Pasta,https://img.rewe-static.de/REWE28_2023/6653839/20768970-25_digital-image.png?impolicy=s-offers&imwidth=200&output-format=image/webp,,,,"versch. Ausformungen , je 500-g-Pckg , (1 kg = 1.90)",Knaller,"0,95 €","b'ProduktbeschreibungArtikelnummer 6653839Fusilli erschienen in ihrer heutigen Form zuerst in S\xc3\xbcditalien und sind urspr\xc3\xbcnglich der Idee entsprungen, Spaghetti auf einer Stricknadel aufzuwickeln. Erst sp\xc3\xa4ter, bedingt durch die unterschiedlichen geschmacklichen Gewohnheiten in den verschiedenen italienischen Regionen, entstanden Fusilli als eigenst\xc3\xa4ndige Sorte. Im Rahmen des Sortiments von Barilla - Italiens beliebtester Pasta - wurde die Pastasorte Fusilli neu interpretiert und erhielt ihre charakteristische Spiralform, die f\xc3\xbcr die Tradition von Mittel- und Norditalien typisch ist.... mehr anzeigenZutaten & AllergeneZutaten: HARTWEIZENGRIESS, Wasser. Kann Spuren von Sojabohnen enthalten.Allergenhinweise: Enth\xc3\xa4lt: Weizen und Weizenerzeugnisse (glutenhaltiges Getreide). Glutenhaltiges Getreide und glutenhaltige Getreideerzeugnisse. Kann enthalten: Soja und Sojaerzeugnisse.N\xc3\xa4hrwerteDurchschnittliche N\xc3\xa4hrwerteUnzubereitet pro 100 gEnergie1.521 kJEnergie359 kcalFett2 gFett, davon ges\xc3\xa4ttigte Fetts\xc3\xa4uren0,5 gKohlenhydrate71,2 gKohlenhydrate, davon Zucker3,5 gBallaststoffe3 gEiwei\xc3\x9f12,5 gSalz0,013 gHinweiseAufbewahrungs- und Verwendungshinweis: Trocken und vor W\xc3\xa4rme gesch\xc3\xbctzt lagern.ArtikeldetailsMarke: BarillaUrsprungsland: ItalienKontaktKontaktname: Barilla G. e R. Fratelli - Societ\xc3\xa0 per AzioniKontaktadresse: Via Mantova 166, Parma - ItalyF\xc3\xbcr die vorstehenden Angaben wird keine Haftung \xc3\xbcbernommen. Bitte pr\xc3\xbcfen Sie im Einzelfall die Angaben auf der jeweiligen Produktverpackung, nur diese sind verbindlich.Das Produktdesign kann von der Abbildung abweichen.'",Am Grünen Hag 2,Rewe,Topangebote,2023-07-09,"Gültig ab morgen bis Samstag, 15.07.2023"
Ehrmann Almighurt,https://img.rewe-static.de/REWE28_2023/7659300/9176090-16_digital-image.png?impolicy=s-offers&imwidth=200&output-format=image/webp,,,,"versch. Sorten , je 150-g-Becher , (1 kg = 2.20)",Knaller,"0,33 €","b'ProduktbeschreibungArtikelnummer 7659300Erlesene Fruchtzubereitung aus Deutschland.Gute Allg\xc3\xa4uer Milch von Familienh\xc3\xb6fen.Zutaten & AllergeneZutaten: JOGHURT mild, Zucker, Heidelbeeren 6,8%, modifizierte St\xc3\xa4rke, f\xc3\xa4rbendes Pflanzenkonzentrat (Karotte), Verdickungsmittel (Pektine, Guarkernmehl), Aroma. Ohne Konservierungsstoffe.Allergenhinweise: Enth\xc3\xa4lt: JoghurtEnth\xc3\xa4lt: Milch und Milcherzeugnisse (einschlie\xc3\x9flich Lactose). Milchzucker (Laktose).N\xc3\xa4hrwerteDurchschnittliche N\xc3\xa4hrwerteUnzubereitet pro 100 gEnergie389 kJEnergie92 kcalFett2,7 gFett, davon ges\xc3\xa4ttigte Fetts\xc3\xa4uren1,8 gKohlenhydrate14 gKohlenhydrate, davon Zucker13 gEiwei\xc3\x9f3 gSalz0,1 gHinweiseAufbewahrungs- und Verwendungshinweis: Bei max. +8 \xc2\xb0C mindestens haltbar bis: siehe DeckelArtikeldetailsMarke: EhrmannUrsprungsland: DeutschlandSorte: HeidelbeereKontaktKontaktname: Ehrmann GmbHKontaktadresse: A.-Ehrmann-Stra\xc3\x9fe 2, 87770 Obersch\xc3\xb6neggMaximale Bestellmenge: 15 St\xc3\xbcckF\xc3\xbcr die vorstehenden Angaben wird keine Haftung \xc3\xbcbernommen. Bitte pr\xc3\xbcfen Sie im Einzelfall die Angaben auf der jeweiligen Produktverpackung, nur diese sind verbindlich.Das Produktdesign kann von der Abbildung abweichen.'",Am Grünen Hag 2,Rewe,Topangebote,2023-07-09,"Gültig ab morgen bis Samstag, 15.07.2023"
Lavazza Caffè Crema Classico oder Crema e Aroma,https://img.rewe-static.de/REWE28_2023/0293182/30798874-10_digital-image.png?impolicy=s-offers&imwidth=200&output-format=image/webp,,,,"ganze Bohnen , je 1000-g-Btl",Knaller,"9,99 €","b'ProduktbeschreibungArtikelnummer 293182Eine sehr vielseitige Mischung aus Arabica und Robusta Bohnen. HinweiseAufbewahrungs- und Verwendungshinweis: trocken lagern.ArtikeldetailsMarke: LavazzaUrsprungsland: ItalienKontaktKontaktname: LUIGI LAVAZZA S.p.A.Kontaktadresse: C. SO NOVARA, 59- 10154 TORINO - ITALIAMaximale Bestellmenge: 15 St\xc3\xbcckF\xc3\xbcr die vorstehenden Angaben wird keine Haftung \xc3\xbcbernommen. Bitte pr\xc3\xbcfen Sie im Einzelfall die Angaben auf der jeweiligen Produktverpackung, nur diese sind verbindlich.Das Produktdesign kann von der Abbildung abweichen.'",Am Grünen Hag 2,Rewe,Topangebote,2023-07-09,"Gültig ab morgen bis Samstag, 15.07.2023"
Campofrio Serrano-Schinken,https://img.rewe-static.de/REWE28_2023/0515409/31641266-6_digital-image.png?impolicy=s-offers&imwidth=200&output-format=image/webp,,,,je 100 g,Aktion,"2,19 €","b'ProduktbeschreibungArtikelnummer 515409Frisch f\xc3\xbcr dich aus unserer Servicetheke. \n \nZutaten: Schweinefleisch, Salz, Konservierungsstoff: Kaliumnitrat, Natriumnitrit. \n \nN\xc3\xa4hrwerte je 100g: \nEnergie: 889kJ \nEnergie: 2120kcal \nFett: 10g \nFett, davon ges\xc3\xa4ttigte Fetts\xc3\xa4uren: 3,8g \nKohlenhydrate: 0,5g \nKohlenhydrate, davon Zucker: 0,5g \nEiwei\xc3\x9f: 30g \nSalz: 5g Zutaten & AllergeneAllergenhinweise: nullN\xc3\xa4hrwerteDurchschnittliche N\xc3\xa4hrwerteUnzubereitet pro 100 gEnergie889 kJEnergie212 kcalFett10 gFett, davon ges\xc3\xa4ttigte Fetts\xc3\xa4uren3,8 gKohlenhydrate0,5 gKohlenhydrate, davon Zucker0,5 gEiwei\xc3\x9f30 gSalz5 gArtikeldetailsMarke: CampofrioMaximale Bestellmenge: 15 St\xc3\xbcckF\xc3\xbcr die vorstehenden Angaben wird keine Haftung \xc3\xbcbernommen. Bitte pr\xc3\xbcfen Sie im Einzelfall die Angaben auf der jeweiligen Produktverpackung, nur diese sind verbindlich.Das Produktdesign kann von der Abbildung abweichen.'",Am Grünen Hag 2,Rewe,Topangebote,2023-07-09,"Gültig ab morgen bis Samstag, 15.07.2023"
Eisbergsalat,https://img.rewe-static.de/REWE28_2023/1366237/36750087-3_digital-image.png?impolicy=s-offers&imwidth=200&output-format=image/webp,,https://shop.rewe.de/productList?search=1366237,,"Kl. I , je St",Aktion,"0,75 €",,Am Grünen Hag 2,Rewe,Topangebote,2023-07-09,"Gültig ab morgen bis Samstag, 15.07.2023"
Iglo Gemüse-Ideen Italienisch,https://img.rewe-static.de/REWE28_2023/0529482/2971930-72_digital-image.png?impolicy=s-offers&imwidth=200&output-format=image/webp,,https://shop.rewe.de/p/iglo-gemuese-ideen-italienisch-480g/529482,,"tiefgefroren , je 480-g-Pckg , (1 kg = 4.63)",Aktion,"2,22 €","ProduktbeschreibungArtikelnummer 529482Die iglo Gemüse-Idee Italienisch ist eine knackige Gemüsemischung, verfeinert mit mediterranen Kräutern. Das Gemüse wird erntefrisch tiefgefroren, damit die vielen wichtigen Vitamine erhalten bleiben. Denn eine zubereitete Portion des italienischen Pfannengemüses deckt über 50% des täglichen Vitamin A-Bedarfs. Die Gemüse-Idee Italienisch lässt sich einfach und schnell in der Mikrowelle oder in der Pfanne zubereiten. Außerdem enthält das Produkt keine Geschmacksverstärker und Farbstoff- und Aromazusätze.
- Verfeinert mit mediterranen Kräutern
- Ohne Zusatz von künstlichen Aromen, Farbstoffen und Geschmacksverstärkern
- Schnelle und einfache Zubereitung
- Vegan
- Tiefgefroren... mehr anzeigenZutaten & AllergeneZutaten: Gemüsemischung (93%) (Brechbohnen, Paprika, Karotten, Zucchini, Zwiebel Brokkoli;in veränderlichen Gewichtsanteilen), pflanzliche Fette und Öle (Palmfett***,Kokosnussöl,Palmkernöl***),Kräutermischung(roteZwiebel, Petersilie,Basilikum,Knoblauch,Thymian,Oregano),Gemüsebrühe (Dextrose,Salz,Karotten,Zwiebeln,Lauch,Schalotten,Tomaten,Paprika), Wasser,Zucker,Salz,Gewürze.  Dieses Produkt enthält zertifiziertes nachhaltiges Palmfett/ Palmkernöl.NährwerteDurchschnittliche NährwerteUnzubereitet pro 100 gEnergie233 kJEnergie56 kcalFett2,7 gFett, davon gesättigte Fettsäuren1,8 gKohlenhydrate4,9 gKohlenhydrate, davon Zucker4,3 gBallaststoffe2,4 gEiweiß1,8 gSalz0,85 gHinweiseAufbewahrungs- und Verwendungshinweis: Aufbewahrung zu Hause: *** - Fach oder Tiefkühltruhe (bei minus 18° C) mindestens haltbar bis Ende: siehe links, Aufbewahrung zu Hause: ** - Fach 2 Wochen, Aufbewahrung zu Hause: * - Fach 1-3 Tage Information: Nach dem Auftauen nicht wieder einfrieren. Vor Verzehr durcherhitzen.ArtikeldetailsMarke: IgloEigenschaften: Vegan, LaktosefreiUrsprungsland: DeutschlandSorte: ItalienischKontaktKontaktname: iglo GmbHKontaktadresse: Postfach 570 521, 22774 HamburgMaximale Bestellmenge: 15 StückFür die vorstehenden Angaben wird keine Haftung übernommen. Bitte prüfen Sie im Einzelfall die Angaben auf der jeweiligen Produktverpackung, nur diese sind verbindlich.Das Produktdesign kann von der Abbildung abweichen.",Am Grünen Hag 2,Rewe,Dein Markt für italienischen Genuss,2023-07-09,"Gültig ab morgen bis Samstag, 15.07.2023"
REWE Beste Wahl Thymian,https://img.rewe-static.de/REWE28_2023/8414795/31134576-11_digital-image.png?impolicy=s-offers&imwidth=200&output-format=image/webp,,https://shop.rewe.de/p/rewe-beste-wahl-thymian-gerebelt-16g/8414795,,"gerebelt , je 16-g-Glas , (1 kg = 86.88)",Aktion,"1,39 €","ProduktbeschreibungArtikelnummer 8414795Zutaten & AllergeneZutaten:  Kann Spuren von Gluten, Senf und Sellerie enthalten.HinweiseAufbewahrungshinweise: Trocken und kühl lagern. Vor Licht schützen.Verwendungshinweise: Trocken lagern. Vor Wärme schützen.ArtikeldetailsMarke: REWE Beste WahlUrsprungsland: BelgienKontaktKontaktname: ISFI SPICES S.A.Kontaktadresse: 20, avenue de l'industrie, 1420 Braine- l`Alleud, BelgienMaximale Bestellmenge: 15 StückFür die vorstehenden Angaben wird keine Haftung übernommen. Bitte prüfen Sie im Einzelfall die Angaben auf der jeweiligen Produktverpackung, nur diese sind verbindlich.Das Produktdesign kann von der Abbildung abweichen.",Am Grünen Hag 2,Rewe,Dein Markt für italienischen Genuss,2023-07-09,"Gültig ab morgen bis Samstag, 15.07.2023"
Zitronen,https://img.rewe-static.de/REWE28_2023/8131318/8722460-33_digital-image.png?impolicy=s-offers&imwidth=200&output-format=image/webp,,https://shop.rewe.de/productList?search=8131318,,"Sorte: siehe Etikett, Kl. I , je 500-g-Netz , (1 kg = 2.58)",Aktion,"1,29 €",,Am Grünen Hag 2,Rewe,Dein Markt für italienischen Genuss,2023-07-09,"Gültig ab morgen bis Samstag, 15.07.2023"
Mövenpick Salted Caramel,https://img.rewe-static.de/REWE28_2023/7713567/38472507-14_digital-image.png?impolicy=s-offers&imwidth=200&output-format=image/webp,,https://shop.rewe.de/p/moevenpick-salted-caramel-eis-800ml/7713567,,"je 800-ml-Becher , (1 l = 2.49)",Aktion,"1,99 €","ProduktbeschreibungArtikelnummer 7713567Eis mit Vanillegeschmack, mit gesalzener Karamellsauce, Karamellstückchen und kakaobutterhaltigen Konfektstückchen mit KaramellgeschmackZutaten & AllergeneZutaten: Entrahmte MILCH, MOLKENERZEUGNIS, Glukosesirup, Zucker,pflanzliche Fette (Kokos, Shea), gezuckerte KONDENSMILCH (eingedickte VOLLMILCH, Zucker, MILCHZUCKER), gezuckerte KONDENSMAGERMILCH (eingedickte entrahmte MILCH, Zucker), Emulgatoren (Mono- und Diglyceride von Speisefettsäuren, Lecithine), Verdickungsmittel (Johannisbrotkernmehl, Guarkernmehl), Kakaobutter*, Salz, VOLLMILCHPULVER, BUTTERFETT, Feuchthaltemittel (Glycerin), färbende Frucht- und Gemüsekonzentrate (schwarze Johannisbeere, Apfel, Zitrone, Karotte, Rettich), färbendes Saflorkonzentrat, natürliche Vanillearomen, Kakaomasse*, MILCHZUCKER, natürliche Aromen. *Rainforest Alliance-zertifiziert. Mehr Informationen unter ra.org.KANN SCHALENFRÜCHTE, GLUTENHALTIGE GETREIDE, SOJA UND EIER ENTHALTEN. Wichtig: Kleinkinder (unter 4 Jahren) verfügenüber eine verminderte Kaufähigkeit und könnten sich an kleinen Stückchen verschlucken.Allergenhinweise: MILCH, MOLKENERZEUGNIS, KONDENSMILCH, VOLLMILCH, MILCHZUCKER, KONDENSMAGERMILCH, VOLLMILCHPULVER, BUTTERFETT.Enthält: Milch und Milcherzeugnisse (einschließlich Lactose). Kann enthalten: Glutenhaltiges Getreide und glutenhaltige Getreideerzeugnisse. Eier und Eierzeugnisse. Nüsse und Nusserzeugnisse. Soja und Sojaerzeugnisse.NährwerteDurchschnittliche NährwerteUnzubereitet pro 100 gEnergie1.009 kJEnergie240 kcalFett9,5 gFett, davon gesättigte Fettsäuren8,2 gKohlenhydrate37 gKohlenhydrate, davon Zucker29 gBallaststoffe< 0,5 gEiweiß2 gSalz0,29 gHinweiseAufbewahrungs- und Verwendungshinweis: Bei -18 °C mindestens haltbar bis Ende: siehe VerpackungsaufdruckInformation: Wichtig: Kleinkinder (unter 4 Jahren) verfügenüber eine verminderte Kaufähigkeit und könnten sich an kleinen Stückchen verschlucken.ArtikeldetailsMarke: MövenpickUrsprungsland: DeutschlandKontaktKontaktname: FRONERI Schöller GmbHKontaktadresse: D-90419 NürnbergMaximale Bestellmenge: 15 StückFür die vorstehenden Angaben wird keine Haftung übernommen. Bitte prüfen Sie im Einzelfall die Angaben auf der jeweiligen Produktverpackung, nur diese sind verbindlich.Das Produktdesign kann von der Abbildung abweichen.",Am Grünen Hag 2,Rewe,Dein Markt für italienischen Genuss,2023-07-09,"Gültig ab morgen bis Samstag, 15.07.2023"
Mövenpick Stracciatella Classico,https://img.rewe-static.de/REWE28_2023/8725654/35463369-11_digital-image.png?impolicy=s-offers&imwidth=200&output-format=image/webp,,https://shop.rewe.de/p/moevenpick-stracciatella-classico-900ml/8725654,,"je 900-ml-Becher , (1 l = 2.21)",Aktion,"1,99 €","ProduktbeschreibungArtikelnummer 8725654Cremiges Eis mit Stracciatellageschmack mit Schokoladenstückchen und einer Schokoladensauce.Zutaten & AllergeneZutaten: Entrahmte MILCH, MOLKENERZEUGNIS, Glukosesirup, Zucker, Kokosfett, Sojaöl, VOLLMILCHPULVER, fettarmer Kakao** (1,3 %), Kakaobutter**, Kakaomasse**, Emulgatoren (Mono- und Diglyceride von Speisefettsäuren, Lecithine (SOJA)), Verdickungsmittel (Johannisbrotkernmehl, Guarkernmehl), natürliche Aromen (enthalten MILCH), Aroma. **Rainforest Alliance-zertifiziert. Mehr Informationen unter ra.org. KANN SCHALENFRÜCHTE, GLUTENHALTIGE GETREIDE UND EIER ENTHALTEN. Wichtig: Kleinkinder (unter 4 Jahren) verfügen über eine verminderte Kaufähigkeit und könnten sich an kleinen Stückchen verschlucken.Allergenhinweise: Milch, Molkenerzeugnis, Schlagsahne, SojaEnthält: Milch und Milcherzeugnisse (einschließlich Lactose). Soja und Sojaerzeugnisse. Kann enthalten: Eier und Eierzeugnisse. Nüsse und Nusserzeugnisse. Glutenhaltiges Getreide und glutenhaltige Getreideerzeugnisse.NährwerteDurchschnittliche NährwerteUnzubereitet pro 100 gEnergie1.079 kJEnergie258 kcalFett15 gFett, davon gesättigte Fettsäuren9,9 gKohlenhydrate28 gKohlenhydrate, davon Zucker23 gBallaststoffe0,7 gEiweiß2,9 gSalz0,09 gHinweiseAufbewahrungs- und Verwendungshinweis: Bei -18 °C mindestens haltbar bis Ende: siehe VerpackungsaufdruckInformation: Wichtig: Kleinkinder (unter 4 Jahren) verfügen über eine verminderte Kaufähigkeit und könnten sich an kleinen Stückchen verschlucken. Packung enthält 9 Portionen. Portionen sollten für Kinder entsprechend ihrem Alter angepasst werden.ArtikeldetailsMarke: MövenpickUrsprungsland: DeutschlandKontaktKontaktname: FRONERI Schöller GmbHKontaktadresse: D-90419 NürnbergMaximale Bestellmenge: 15 StückFür die vorstehenden Angaben wird keine Haftung übernommen. Bitte prüfen Sie im Einzelfall die Angaben auf der jeweiligen Produktverpackung, nur diese sind verbindlich.Das Produktdesign kann von der Abbildung abweichen.",Am Grünen Hag 2,Rewe,Dein Markt für italienischen Genuss,2023-07-09,"Gültig ab morgen bis Samstag, 15.07.2023"
Arla Finello Gratinkäse,https://img.rewe-static.de/REWE28_2023/0674328/21064797-16_digital-image.png?impolicy=s-offers&imwidth=200&output-format=image/webp,,https://shop.rewe.de/p/arla-finello-gratinkaese-gerieben-150g/674328,,"dän. Reibekäse , je 150-g-Pckg , (1 kg = 9.93)",Aktion,"1,49 €","ProduktbeschreibungArtikelnummer 674328Zutaten & AllergeneZutaten: KÄSE, Kartoffelstärke.Allergenhinweise: Enthält: Milch und Milcherzeugnisse (einschließlich Lactose).NährwerteDurchschnittliche NährwerteUnzubereitet pro 100 gEnergie1.305 kJEnergie314 kcalFett23 gFett, davon gesättigte Fettsäuren14 gKohlenhydrate2,8 gKohlenhydrate, davon Zucker0,6 gEiweiß24 gSalz1,5 gHinweiseAufbewahrungs- und Verwendungshinweis: Nach dem Öffnen kühl aufbewahren.Bei 8 °C mindestens haltbar bis: siehe VerpackungsaufdruckInformation: Unter Schutzatmosphäre verpackt.ArtikeldetailsMarke: ArlaUrsprungsland: DänemarkSorte: GratinkäseKontaktKontaktname: Arla Foods ambaKontaktadresse: DK-8260 Viby JMaximale Bestellmenge: 15 StückFür die vorstehenden Angaben wird keine Haftung übernommen. Bitte prüfen Sie im Einzelfall die Angaben auf der jeweiligen Produktverpackung, nur diese sind verbindlich.Das Produktdesign kann von der Abbildung abweichen.",Am Grünen Hag 2,Rewe,Dein Markt für italienischen Genuss,2023-07-09,"Gültig ab morgen bis Samstag, 15.07.2023"
Barilla Pesto alla Genovese,https://img.rewe-static.de/REWE28_2023/4840313/35802412-13_digital-image.png?impolicy=s-offers&imwidth=200&output-format=image/webp,,https://shop.rewe.de/p/barilla-pesto-alla-genovese-190g/4840313,,"je 190-g-Glas , (1 kg = 10.47)",Aktion,"1,99 €","ProduktbeschreibungArtikelnummer 4840313Zutaten & AllergeneZutaten: pflanzliche Öle (Olive, Sonnenblume), frisches Basilikum 30%, CASHEWKERNE, Parmigiano Reggiano g.U. Käse 5% (MILCH), Maisfaser, Molkepulver (MILCH), Salz, MILCHeiweiss, natives Olivenöl extra, Zucker, Basilikumextrakt, natürliche Aromen (MILCH), Säureregulator: Milchsäure, Knoblauch. Kann Spuren von anderen Schalenfrüchten (Hartschalenobst) enthalten.Allergenhinweise: Enthält: Milch und Milcherzeugnisse (einschließlich Lactose). Nüsse und Nusserzeugnisse. Kaschunuss und Kaschunusserzeugnisse.NährwerteDurchschnittliche NährwerteUnzubereitet pro 100 gEnergie1.989 kJEnergie482 kcalFett46 gFett, davon gesättigte Fettsäuren7,1 gKohlenhydrate9,8 gKohlenhydrate, davon Zucker5,5 gBallaststoffe5 gEiweiß4,7 gSalz3,25 gHinweiseAufbewahrungs- und Verwendungshinweis: Nach dem Öffnen gekühlt 5 Tage haltbar.ArtikeldetailsMarke: BarillaUrsprungsland: ItalienKontaktKontaktname: Barilla G. e R. Fratelli S.p.A.Kontaktadresse: Via Mantova 166, Parma - ItalyMaximale Bestellmenge: 15 StückFür die vorstehenden Angaben wird keine Haftung übernommen. Bitte prüfen Sie im Einzelfall die Angaben auf der jeweiligen Produktverpackung, nur diese sind verbindlich.Das Produktdesign kann von der Abbildung abweichen.",Am Grünen Hag 2,Rewe,Dein Markt für italienischen Genuss,2023-07-09,"Gültig ab morgen bis Samstag, 15.07.2023"
Barilla Pesto Basilico Vegan,https://img.rewe-static.de/REWE28_2023/3263361/26586190-10_digital-image.png?impolicy=s-offers&imwidth=200&output-format=image/webp,,https://shop.rewe.de/p/barilla-pesto-basilico-vegan-195g/3263361,,"je 195-g-Glas , (1 kg = 10.21)",Aktion,"1,99 €","ProduktbeschreibungArtikelnummer 3263361Zutaten & AllergeneZutaten: Basilikum 35,6%, pflanzliche Öle (Olive, Sonnenblume), CASHEWKERNE, Glukosesirup, Wasser, modifizierte Maisstärke, Salz, natürliche Aromen, natives Olivenöl extra, Zucker, Säureregulator Milchsäure. Kann Spuren von anderen Schalenfrüchten (Hartschalenobst) enthalten.Allergenhinweise: Enthält: Kaschunuss und Kaschunusserzeugnisse. Kann enthalten: Nüsse und Nusserzeugnisse.NährwerteDurchschnittliche NährwerteUnzubereitet pro 100 gEnergie1.780 kJEnergie431 kcalFett41 gFett, davon gesättigte Fettsäuren5,5 gKohlenhydrate12 gKohlenhydrate, davon Zucker3,3 gBallaststoffe2 gEiweiß2,5 gSalz3 gHinweiseAufbewahrungs- und Verwendungshinweis: Nach dem Öffnen gekühlt 5 Tage haltbar.ArtikeldetailsMarke: BarillaEigenschaften: Vegan, Vegetarisch, LaktosefreiUrsprungsland: ItalienKontaktKontaktname: Barilla G. e R. Fratelli - Società per AzioniKontaktadresse: Via Mantova 166, Parma - ItalyMaximale Bestellmenge: 15 StückFür die vorstehenden Angaben wird keine Haftung übernommen. Bitte prüfen Sie im Einzelfall die Angaben auf der jeweiligen Produktverpackung, nur diese sind verbindlich.Das Produktdesign kann von der Abbildung abweichen.",Am Grünen Hag 2,Rewe,Dein Markt für italienischen Genuss,2023-07-09,"Gültig ab morgen bis Samstag, 15.07.2023"
Barilla Collezione Farfalle,https://img.rewe-static.de/REWE28_2023/7905005/32879874-15_digital-image.png?impolicy=s-offers&imwidth=200&output-format=image/webp,,https://shop.rewe.de/p/barilla-farfalle-500g/7905005,,"je 500-g-Pckg , (1 kg = 3.58)",Aktion,"1,79 €","ProduktbeschreibungArtikelnummer 7905005Zutaten & AllergeneZutaten: HARTWEIZENGRIESS, Wasser. Kann Spuren von Sojabohnen enthalten.Allergenhinweise: Enthält: Weizen und Weizenerzeugnisse (glutenhaltiges Getreide). Glutenhaltiges Getreide und glutenhaltige Getreideerzeugnisse. Kann enthalten: Soja und Sojaerzeugnisse.NährwerteDurchschnittliche NährwerteUnzubereitet pro 100 gEnergie1.521 kJEnergie359 kcalFett2 gFett, davon gesättigte Fettsäuren0,5 gKohlenhydrate71,2 gKohlenhydrate, davon Zucker3,5 gBallaststoffe3 gEiweiß12,5 gSalz0,013 gHinweiseAufbewahrungs- und Verwendungshinweis: Trocken, vor Licht und Wärme geschützt lagern.ArtikeldetailsMarke: BarillaUrsprungsland: ItalienKontaktKontaktname: Barilla G. e R. Fratelli S.p.A.Kontaktadresse: Via Mantova 166, Parma - ItalyMaximale Bestellmenge: 15 StückFür die vorstehenden Angaben wird keine Haftung übernommen. Bitte prüfen Sie im Einzelfall die Angaben auf der jeweiligen Produktverpackung, nur diese sind verbindlich.Das Produktdesign kann von der Abbildung abweichen.",Am Grünen Hag 2,Rewe,Dein Markt für italienischen Genuss,2023-07-09,"Gültig ab morgen bis Samstag, 15.07.2023"
REWE Beste Wahl Balsamico Creme,https://img.rewe-static.de/REWE28_2023/0888363/23928271-32_digital-image.png?impolicy=s-offers&imwidth=200&output-format=image/webp,,https://shop.rewe.de/p/rewe-beste-wahl-creme-mit-aceto-balsamico-di-modena-igp-250ml/888363,,"je 250-ml-Fl , (1 l = 7.16)",Aktion,"1,79 €","ProduktbeschreibungArtikelnummer 888363Ihr außergewöhnlicher Geschmack ist ideal zur Verfeinerung von Salaten, Gemüse und Fleisch geeinigt.

Hergestellt für: REWE Markt GmbH, D-50603 Köln. Zutaten & AllergeneZutaten: Traubenmostkonzentrat, Aceto Balsamico di Modena IGP 39% (Traubenmostkonzentrat, Weinessig, Farbstoff Ammonsulfit-Zuckerkulör, Antioxidationsmittel KALIUMMETABISULFIT), Weinessig, Verdickungsmittel (Guarkernmehl, Xanthan). Zusatzstoffe: E 150d, E 224, E 412, E 415Allergenhinweise: Schwefeldioxid und Sulfite in einer Konzentration von mehr als 10 mg/kg oder 10 mg/l, als SO2 angegebenNährwerteDurchschnittliche Nährwertepro 100 mlEnergie938 kJEnergie220 kcalFett0 gFett, davon gesättigte Fettsäuren0 gKohlenhydrate52,5 gKohlenhydrate, davon Zucker43,5 gEiweiß0,5 gSalz1,14 gHinweiseAufbewahrungshinweise: Nach dem Öffnen im Kühlschrank aufbewahren.Verwendungshinweise: Trocken lagern. Vor Wärme schützen.ArtikeldetailsMarke: REWE Beste WahlUrsprungsland: ItalienKontaktKontaktname: Drogheria e Alimentari Deutschland GmbHKontaktadresse: Hüttenstrasse 87, 87600 Kaufbeuren, DeutschlandMaximale Bestellmenge: 15 StückFür die vorstehenden Angaben wird keine Haftung übernommen. Bitte prüfen Sie im Einzelfall die Angaben auf der jeweiligen Produktverpackung, nur diese sind verbindlich.Das Produktdesign kann von der Abbildung abweichen.",Am Grünen Hag 2,Rewe,Dein Markt für italienischen Genuss,2023-07-09,"Gültig ab morgen bis Samstag, 15.07.2023"
Barilla Spaghetti Al Bronzo,https://img.rewe-static.de/REWE28_2023/8745035/37803714-8_digital-image.png?impolicy=s-offers&imwidth=200&output-format=image/webp,,https://shop.rewe.de/p/barilla-spaghetti-al-bronzo-400g/8745035,,"je 400-g-Pckg , (1 kg = 4.48)",Aktion,"1,79 €","ProduktbeschreibungArtikelnummer 8745035Zutaten & AllergeneZutaten: HARTWEIZENGRIESS, Wasser. Kann Spuren von Sojabohnen und Senf enthalten.Allergenhinweise: Enthält: Weizen und Weizenerzeugnisse (glutenhaltiges Getreide). Glutenhaltiges Getreide und glutenhaltige Getreideerzeugnisse. Kann enthalten: Soja und Sojaerzeugnisse. Senf- und Senferzeugnisse.NährwerteDurchschnittliche NährwerteUnzubereitet pro 100 gEnergie1.521 kJEnergie359 kcalFett2 gFett, davon gesättigte Fettsäuren0,4 gKohlenhydrate69,7 gKohlenhydrate, davon Zucker3,5 gBallaststoffe3 gEiweiß14 gSalz0,013 gHinweiseAufbewahrungs- und Verwendungshinweis: Trocken, vor Licht und Wärme geschützt lagern.ArtikeldetailsMarke: BarillaUrsprungsland: ItalienKontaktKontaktname: Barilla G. e R. Fratelli S.p.A.Kontaktadresse: Via Mantova 166, Parma - ItalyMaximale Bestellmenge: 15 StückFür die vorstehenden Angaben wird keine Haftung übernommen. Bitte prüfen Sie im Einzelfall die Angaben auf der jeweiligen Produktverpackung, nur diese sind verbindlich.Das Produktdesign kann von der Abbildung abweichen.",Am Grünen Hag 2,Rewe,Dein Markt für italienischen Genuss,2023-07-09,"Gültig ab morgen bis Samstag, 15.07.2023"
Rana Tortelloni,https://img.rewe-static.de/REWE28_2023/8657317/33918696-8_digital-image.png?impolicy=s-offers&imwidth=200&output-format=image/webp,,https://shop.rewe.de/p/rana-tortelloni-pesto-basilikum-250g/8657317,,"versch. Sorten , je 250-g-Pckg , (1 kg = 10.76)",Aktion,"2,69 €","ProduktbeschreibungArtikelnummer 8657317Zutaten & AllergeneZutaten: FÜLLUNG 53%: Basilikum Pesto 35%,(Sonnenblumenöl, Basilikum 27% Pecorino Romano g.U. (geschützte Ursprungsbezeichnung) KÄSE 14%, KACHUNÜSSE, geriebener KÄSE, Kochsalz, Pinienkerne 3%), Ricotta 33% (MOLKE, MILCH, Kochsalz), Pflanzenfasern (Mais und Kartoffeln) Mozzarella KÄSE, Paniermehl (WeichWEIZENmehl, Wasser, Kochsalz, Hefe), LAKTOSE, Stärke, natürliche Aromen (enthält GERSTE). TEIGWAREN 47%: WeichWEIZENmehl, EIER 30%,HartWEIZENgrieß. Hergestellt in einem Werk, das auch SCHALENFRÜCHTE, FISCHE, KREBSTIERE, WICHTIERE, SOJABOHNEN und SELLERIE verwendet.Allergenhinweise: Enthält: Glutenhaltiges Getreide und glutenhaltige Getreideerzeugnisse. Milch und Milcherzeugnisse (einschließlich Lactose). Nüsse und Nusserzeugnisse. Eier und Eierzeugnisse. Kann enthalten: Krebstiere und Krebstiererzeugnisse. Weichtiere und Weichtiererzeugnisse. Fisch und Fischerzeugnisse. Soja und Sojaerzeugnisse. Sellerie und Sellerieerzeugnisse.NährwerteDurchschnittliche NährwerteUnzubereitet pro 100 gEnergie1.225 kJEnergie292 kcalFett12 gFett, davon gesättigte Fettsäuren3,1 gKohlenhydrate32 gKohlenhydrate, davon Zucker4,1 gBallaststoffe6,2 gEiweiß11 gSalz0,98 gHinweiseAufbewahrungs- und Verwendungshinweis: Im Kühlschrank bei +4°C bis max. +7°C aufbewahren. Nach dem Öffnen innerhalb von 3 Tagen verbrauchen.Information: Unter Schutzatmosphäre verpackt.ArtikeldetailsMarke: Giovanni RanaUrsprungsland: ItalienKontaktKontaktname: Pastificio RANA S.p.A.Kontaktadresse: Via Pacinotti, 25 - 37057 San Giovanni Lupatoto (VR) - ItaliaMaximale Bestellmenge: 15 StückFür die vorstehenden Angaben wird keine Haftung übernommen. Bitte prüfen Sie im Einzelfall die Angaben auf der jeweiligen Produktverpackung, nur diese sind verbindlich.Das Produktdesign kann von der Abbildung abweichen.",Am Grünen Hag 2,Rewe,Dein Markt für italienischen Genuss,2023-07-09,"Gültig ab morgen bis Samstag, 15.07.2023"
Alta Badia,https://img.rewe-static.de/REWE28_2023/0351001/26962937-8_digital-image.png?impolicy=s-offers&imwidth=200&output-format=image/webp,,https://shop.rewe.de/p/alta-badia-in-scheiben/351001,,"ital. Hartkäse, mind. 50% Fett i.Tr. , je 100 g",Aktion,"1,99 €","ProduktbeschreibungArtikelnummer 351001Frisch für dich aus unserer Servicetheke. 
 
Zutaten: pasteurisierte MILCH, Salz, MILCHSÄUREBAKTERIEN, tierisches Lab, Konservierungsstoff: LYSOZYM (aus EI), Natamycin, Farbstoff: AMMONSULFITZUCKERKULÖR 
 
Laktosefrei* 
*Laktosegehalt: unter 0, 1g/100g 
 
Rinde nicht zum Verzehr geeignet! 
 
Nährwerte je 100g: 
Energie: 1704kJ 
Energie: 411kcal 
Fett: 33,5g 
Fett, davon gesättigte Fettsäuren: 24,1g 
Kohlenhydrate: 0,1g 
Kohlenhydrate, davon Zucker: 0,1g 
Eiweiß: 27,3g 
Salz: 1,7g ArtikeldetailsEigenschaften: LaktosefreiMaximale Bestellmenge: 15 StückFür die vorstehenden Angaben wird keine Haftung übernommen. Bitte prüfen Sie im Einzelfall die Angaben auf der jeweiligen Produktverpackung, nur diese sind verbindlich.Das Produktdesign kann von der Abbildung abweichen.",Am Grünen Hag 2,Rewe,Dein Markt für italienischen Genuss,2023-07-09,"Gültig ab morgen bis Samstag, 15.07.2023"
Belli Cantuccini,https://img.rewe-static.de/REWE28_2023/0218662/22322908-38_digital-image.png?impolicy=s-offers&imwidth=200&output-format=image/webp,,https://shop.rewe.de/p/belli-cantuccini-alla-mandorla-250g/218662,,"je 250-g-Pckg , (1 kg = 10.36)",Aktion,"2,59 €","ProduktbeschreibungArtikelnummer 218662Mit 25% Mandelanteil. Zutaten & AllergeneZutaten: WEIZENMEHL, Zucker, MANDELN (25%), pasteurisierte VOLLEIER, pasteurisiertes HÜHNEREIGELB, BUTTER, Blütenhonig, Salz. Backtriebmittel: Ammoniumhydrogencarbonat, Dinatriumdiphosphat, Natriumhydrogencarbonat, Aromen. Kann Spuren von anderen SCHALENFRÜCHTEN und SOJA enthalten.Allergenhinweise: Enthält: Weizen und Weizenerzeugnisse (glutenhaltiges Getreide). Mandeln und Mandelerzeugnisse. Eier und Eierzeugnisse. Milch und Milcherzeugnisse (einschließlich Lactose). Kann enthalten: Soja und Sojaerzeugnisse. Nüsse und Nusserzeugnisse.NährwerteDurchschnittliche NährwerteUnzubereitet pro 100 gEnergie1.774 kJEnergie424 kcalFett16 gFett, davon gesättigte Fettsäuren3 gKohlenhydrate60 gKohlenhydrate, davon Zucker32 gEiweiß10 gSalz0,06 gHinweiseAufbewahrungs- und Verwendungshinweis: Kühl und trocken lagern.ArtikeldetailsUrsprungsland: ItalienKontaktKontaktname: Biscottificio Belli srlKontaktadresse: Via dell'Albereto, 26/28/30, I-50041 Calenzano - FirenzeMaximale Bestellmenge: 15 StückFür die vorstehenden Angaben wird keine Haftung übernommen. Bitte prüfen Sie im Einzelfall die Angaben auf der jeweiligen Produktverpackung, nur diese sind verbindlich.Das Produktdesign kann von der Abbildung abweichen.",Am Grünen Hag 2,Rewe,Dein Markt für italienischen Genuss,2023-07-09,"Gültig ab morgen bis Samstag, 15.07.2023"
Mionetto Prosecco Spumante DOC,https://img.rewe-static.de/REWE28_2023/2104631/22280027-24_digital-image.png?impolicy=s-offers&imwidth=200&output-format=image/webp,,https://shop.rewe.de/p/mionetto-prosecco-d-o-c-treviso-brut-spumante-0-75l/2104631,,"versch. Sorten , je 0,75-l-Fl , (1 l = 9.32)",Aktion,"6,99 €","Bestellung ab 18 Jahren.Für dieses Produkt gilt das Jugendschutzgesetz.ProduktbeschreibungArtikelnummer 2104631Der Prosecco D.O.C. Treviso Brut der Prestige-Linie überrascht selbst ausgesprochene Kenner. 
Dieser hochwertige Spumante interpretiert die Kategorie 'Brut' völlig neu und zählt geschmacklich zu den modernsten seiner Klasse. 
Der Prosecco D.O.C. Treviso Brut besticht durch seine leuchtend strohgelbe Farbe, intensive Perlage, ein fruchtiges Bukett nach Golden Delicious Äpfeln und Birnen 
sowie durch feine Aromen nach Akazienhonig. Mionetto Prosecco D.O.C. Treviso Brut zeichnet sich durch sein elegantes Design aus. Das raffiniert moderne Etikett im 27-Grad-Winkel spiegelt sich in der Halsschleife wider.

Alkoholgehalt: 11% Vol.... mehr anzeigenZutaten & AllergeneZutaten:  Enthält Sulfite Zusatzstoffe: E 220Allergenhinweise: Schwefeldioxid und Sulfite in einer Konzentration von mehr als 10 mg/kg oder 10 mg/l, als SO2 angegebenArtikeldetailsMarke: MionettoUrsprungsland: ItalienKontaktKontaktname: Mionetto SPAKontaktadresse: Valdobbiadene, ItalienMaximale Bestellmenge: 15 StückFür die vorstehenden Angaben wird keine Haftung übernommen. Bitte prüfen Sie im Einzelfall die Angaben auf der jeweiligen Produktverpackung, nur diese sind verbindlich.Das Produktdesign kann von der Abbildung abweichen.",Am Grünen Hag 2,Rewe,Dein Markt für italienischen Genuss,2023-07-09,"Gültig ab morgen bis Samstag, 15.07.2023"
Galbani Mozzarella Mini,https://img.rewe-static.de/REWE28_2023/0594382/965610-29_digital-image.png?impolicy=s-offers&imwidth=200&output-format=image/webp,,https://shop.rewe.de/p/galbani-mozzarella-mini-150g/594382,,"38% Fett i.Tr. , je 260-g-Pckg , (1 kg = 13.27) , 150-g-Abtropfgew.",Aktion,"1,99 €","ProduktbeschreibungArtikelnummer 594382Zutaten & AllergeneZutaten: pasteurisierte KuhMILCH, Lab, Salz, Säuerungsmittel:ZitronensäureAllergenhinweise: Enthält: Milch und Milcherzeugnisse (einschließlich Lactose).NährwerteDurchschnittliche NährwerteUnzubereitet pro 100 gEnergie819 kJEnergie197 kcalFett13,5 gFett, davon gesättigte Fettsäuren9,4 gKohlenhydrate1,3 gKohlenhydrate, davon Zucker0,6 gEiweiß17,5 gSalz0,6 gHinweiseAufbewahrungs- und Verwendungshinweis: bei 8°C mindestens haltbar bis: siehe VerpackungsaufdruckArtikeldetailsMarke: GalbaniNettofüllmenge: 260 GUrsprungsland: ItalienAbtropfgewicht: 150 gKontaktKontaktname: Lactalis Deutschland GmbHKontaktadresse: Am Yachthafen 2, 77694 KehlMaximale Bestellmenge: 15 StückFür die vorstehenden Angaben wird keine Haftung übernommen. Bitte prüfen Sie im Einzelfall die Angaben auf der jeweiligen Produktverpackung, nur diese sind verbindlich.Das Produktdesign kann von der Abbildung abweichen.",Am Grünen Hag 2,Rewe,Dein Markt für italienischen Genuss,2023-07-09,"Gültig ab morgen bis Samstag, 15.07.2023"
Cellini Grappa Oro,https://img.rewe-static.de/REWE28_2023/9687947/3673940-23_digital-image.png?impolicy=s-offers&imwidth=200&output-format=image/webp,,https://shop.rewe.de/p/grappa-cellini-oro-0-7l/9687947,,"38% Vol. , je 0,7-l-Fl , (1 l = 12.84)",Aktion,"8,99 €","Bestellung ab 18 Jahren.Für dieses Produkt gilt das Jugendschutzgesetz.ProduktbeschreibungArtikelnummer 9687947Zutaten & AllergeneAllergenhinweise: Enthält: Keine deklarationspflichtigen Allergene enthalten.HinweiseAufbewahrungs- und Verwendungshinweis: Lagerfähigkeit 2-3 Jahre, bei Zimmertemperatur servierenArtikeldetailsMarke: CelliniUrsprungsland: ItalienAlkoholgehalt: 38 % Vol.KontaktKontaktname: Rolf Herzberger GmbH & Co. KGKontaktadresse: Am Felsbrunnen 8, 66119 SaarbrückenMaximale Bestellmenge: 15 StückFür die vorstehenden Angaben wird keine Haftung übernommen. Bitte prüfen Sie im Einzelfall die Angaben auf der jeweiligen Produktverpackung, nur diese sind verbindlich.Das Produktdesign kann von der Abbildung abweichen.",Am Grünen Hag 2,Rewe,Dein Markt für italienischen Genuss,2023-07-09,"Gültig ab morgen bis Samstag, 15.07.2023"
Bertolli Brotaufstrich,https://img.rewe-static.de/REWE28_2023/4942531/3398660-52_digital-image.png?impolicy=s-offers&imwidth=200&output-format=image/webp,,https://shop.rewe.de/p/bertolli-brotaufstrich-mit-mildem-olivenoel-250g/4942531,,"mit mildem Olivenöl , je 250-g-Becher , (1 kg = 5.56)",Aktion,"1,39 €","ProduktbeschreibungArtikelnummer 4942531- Das Gute des Olivenbaums 
- Enthält viele einfach ungesättigte Fettsäuren 
- Für eine gesunde, ausgewogene Ernährung. 
- Passt hervorragend zu herzhafen Brotbelägen 
- Aber auch zu Süßem, wie Marmelade oder Honig 
 
Das „Gute des Olivenbaums“ täglich aufs Brot! 
Der BERTOLLI Brotaufstrich enthält viele einfach ungesättigte Fettsäuren, die einen wichtigen Bestandteil der traditionellen mediterranen Ernährung darstellen. 
Der BERTOLLI Brotaufstrich trägt somit dem Trend nach einer gesunden und ausgewogenen Ernährung Rechnung. 
Er passt hervorragend sowohl zu herzhaften Brotbelägen als auch zu Süßem, wie Marmelade oder Honig. Zu den beliebtesten Brotsorten gehören Focaccia, Tramezzino, Ciabatta und Bruschetta. Die mediterranen Brotspezialitäten werden oft zusammen mit Tomaten, Oliven und anderen Leckereien als kleiner Imbiss für zwischendurch gereicht. 
Die Küche Italiens gehört zu den bekanntesten und beliebtesten Küchen der Welt. Vollkommen zu Recht, denn sie besticht durch ihre frischen Zutaten, ihren Abwechslungsreichtum und gilt zudem als gesund. Hier finden Sie typisch italienische Köstlichkeiten, mit denen Sie sich „la Dolce Vita“ in Ihr eigenes Zuhause holen können. 
 
BERTOLLI Brotaufstrich ist in 250g und 500g Packungen erhältlich.... mehr anzeigenDas Gute des OlivenbaumsZutaten & AllergeneZutaten: Trinkwasser, pflanzliche Öle und Fette (Raps, Palm, Palm ganz gehärtet), 7,5% Olivenöl, BUTTERMILCH, modifizierte Stärke, Speisesalz (0,4%), Emulgatoren (Mono- und Diglyceride von Speisefettsäuren, Lecithine), Konservierungsstoff (Kaliumsorbat), Säuerungsmittel (Citronensäure), Aroma, Vitamine (A, D), Farbstoff (Carotin).Allergenhinweise: Enthält: Milch und Milcherzeugnisse (einschließlich Lactose).NährwerteDurchschnittliche NährwerteUnzubereitet pro 100 gEnergie1.445 kJEnergie339 kcalFett38 gFett, davon gesättigte Fettsäuren9 gKohlenhydrate1,7 gKohlenhydrate, davon Zucker< 0,5 gEiweiß< 0,5 gSalz0,4 gVitamin A800 µgVitamin D7,5 µgHinweiseAufbewahrungs- und Verwendungshinweis: Beste Lagerung zwischen +2°C und +15°CArtikeldetailsMarke: BertolliUrsprungsland: NiederlandePackungsgröße: 250gKontaktKontaktname: Upfield Deutschland GmbHKontaktadresse: Valentinskamp 88-90, 20355 HamburgMaximale Bestellmenge: 15 StückFür die vorstehenden Angaben wird keine Haftung übernommen. Bitte prüfen Sie im Einzelfall die Angaben auf der jeweiligen Produktverpackung, nur diese sind verbindlich.Das Produktdesign kann von der Abbildung abweichen.",Am Grünen Hag 2,Rewe,Dein Markt für italienischen Genuss,2023-07-09,"Gültig ab morgen bis Samstag, 15.07.2023"
REWE Beste Wahl Gnocchi,https://img.rewe-static.de/REWE28_2023/0118000/23128380-35_digital-image.png?impolicy=s-offers&imwidth=200&output-format=image/webp,,https://shop.rewe.de/p/rewe-beste-wahl-gnocchi-400g/118000,,"frische, italienische Kartoffelklößchen aus 78% Kartoffelpüree , je 400-g-Btl , (1 kg = 3.73)",Aktion,"1,49 €","ProduktbeschreibungArtikelnummer 118000Zutaten & AllergeneZutaten: Kartoffelpüree 80% (Wasser, Kartoffelflocken 16%), WEIZENMEHL, Kartoffelstärke, Reismehl, Speisesalz.  Kann Spuren von Soja enthalten.Allergenhinweise: Glutenhaltiges Getreide (Weizen, Gerste, Roggen, Hafer, Dinkel, Kamut oder Hybridstämme)NährwerteDurchschnittliche Nährwertepro 100 gEnergie630 kJEnergie149 kcalFett0,6 gFett, davon gesättigte Fettsäuren0 gKohlenhydrate32 gKohlenhydrate, davon Zucker0,3 gEiweiß3,3 gSalz1,08 gHinweiseAufbewahrungshinweise:  Nach dem Öffnen kühl lagern und innerhalb von drei Tagen verzehren.Verwendungshinweise: Bei +4 °C bis +7 °CArtikeldetailsMarke: REWE Beste WahlUrsprungsland: ItalienPackungsgröße: 400gKontaktKontaktname: CIEMME ALIMENTARI S.R.L.Kontaktadresse: VIA FOGGIA, 28/30, BARLETTA, 76121, ItalienMaximale Bestellmenge: 15 StückFür die vorstehenden Angaben wird keine Haftung übernommen. Bitte prüfen Sie im Einzelfall die Angaben auf der jeweiligen Produktverpackung, nur diese sind verbindlich.Das Produktdesign kann von der Abbildung abweichen.",Am Grünen Hag 2,Rewe,Dein Markt für italienischen Genuss,2023-07-09,"Gültig ab morgen bis Samstag, 15.07.2023"
REWE Feine Welt Burrata,https://img.rewe-static.de/REWE28_2023/8643941/34631257-8_digital-image.png?impolicy=s-offers&imwidth=200&output-format=image/webp,,https://shop.rewe.de/p/rewe-feine-welt-burrata-aus-apulien-250g/8643941,,"je 250-g-Becher-Pckg , (1 kg = 14.90) , 100-g-Abtropfgew.",Aktion,"1,49 €","ProduktbeschreibungArtikelnummer 8643941Zutaten & AllergeneZutaten: Zutaten: KÄSEREIMILCH, SAHNE 41 %, Speisesalz, mikrobielles Lab, Säuerungsmittel Milchsäure, Konservierungsstoff Kaliumsorbat. Zusatzstoffe: E 202, E 270Allergenhinweise: Milch und Milcherzeugnisse (einschließlich Lactose)NährwerteDurchschnittliche Nährwertepro 100 gEnergie1.054 kJEnergie255 kcalFett23,9 gFett, davon gesättigte Fettsäuren15,3 gKohlenhydrate2 gKohlenhydrate, davon Zucker2 gEiweiß8 gSalz0,54 gArtikeldetailsMarke: REWE Feine WeltNettofüllmenge: 250 GUrsprungsland: ItalienAbtropfgewicht: 100 gKontaktKontaktname: DELIZIA S.P.A.Kontaktadresse: Contrada Pizunzo Z.I., Noci (BA), 70015, ItalienMaximale Bestellmenge: 15 StückFür die vorstehenden Angaben wird keine Haftung übernommen. Bitte prüfen Sie im Einzelfall die Angaben auf der jeweiligen Produktverpackung, nur diese sind verbindlich.Das Produktdesign kann von der Abbildung abweichen.",Am Grünen Hag 2,Rewe,Dein Markt für italienischen Genuss,2023-07-09,"Gültig ab morgen bis Samstag, 15.07.2023"
La Gioiosa Prosecco Frizzante Treviso DOC,https://img.rewe-static.de/REWE28_2023/0321558/7433190-34_digital-image.png?impolicy=s-offers&imwidth=200&output-format=image/webp,,https://shop.rewe.de/p/la-gioiosa-prosecco-frizzante-0-75l/321558,,"je 0,75-l-Fl , (1 l = 7.99)",Aktion,"5,99 €","Bestellung ab 18 Jahren.Für dieses Produkt gilt das Jugendschutzgesetz.ProduktbeschreibungArtikelnummer 321558Alkoholgehalt: 10 % Vol. Zutaten & AllergeneZutaten: Nicht deklariert:Perlwein, Antioxidationsmittel (Ascorbinsäure, Schwefeldioxid). Zusatzstoffe: E 220Allergenhinweise: Schwefeldioxid und Sulfite in einer Konzentration von mehr als 10 mg/kg oder 10 mg/l, als SO2 angegebenNährwerteDurchschnittliche Nährwertepro 100 mlEnergie292 kJEnergie70 kcalFett0 gFett, davon gesättigte Fettsäuren0 gKohlenhydrate2,9 gKohlenhydrate, davon Zucker1,1 gEiweiß< 0,1 gSalz< 0,02 gHinweiseVerwendungshinweise: Trocken und kühl lagern. Vor Licht schützen.ArtikeldetailsMarke: La GioiosaUrsprungsland: ItalienKontaktKontaktname: La Gioiosa S.p.A.Kontaktadresse: Crocetta del Montello, 31035, ItalienMaximale Bestellmenge: 15 StückFür die vorstehenden Angaben wird keine Haftung übernommen. Bitte prüfen Sie im Einzelfall die Angaben auf der jeweiligen Produktverpackung, nur diese sind verbindlich.Das Produktdesign kann von der Abbildung abweichen.",Am Grünen Hag 2,Rewe,Dein Markt für italienischen Genuss,2023-07-09,"Gültig ab morgen bis Samstag, 15.07.2023"
REWE Beste Wahl Bolognese Pasta Sauce,https://img.rewe-static.de/REWE28_2023/7123786/27851232-24_digital-image.png?impolicy=s-offers&imwidth=200&output-format=image/webp,,https://shop.rewe.de/p/rewe-beste-wahl-bolognese-sauce-380ml/7123786,,"je 380-ml-Glas , (1 l = 4.18)",Aktion,"1,59 €","ProduktbeschreibungArtikelnummer 7123786Zutaten & AllergeneZutaten: Passierte Tomaten 61%, Rindfleisch 28%, Gemüse 6% (Karotten, Zwiebeln, Knoblauch), Zucker, Salz, Säuerungsmittel Milchsäure, Sonnenblumenöl, Kräuter, Gewürze.    Zusatzstoffe: E 270NährwerteDurchschnittliche Nährwertepro 100 mlEnergie392 kJEnergie94 kcalFett4,6 gFett, davon gesättigte Fettsäuren2,3 gKohlenhydrate6,1 gKohlenhydrate, davon Zucker5 gEiweiß5,9 gSalz1,4 gHinweiseAufbewahrungshinweise: Nach dem Öffnen im Kühlschrank aufbewahren und innerhalb von 3-4 Tagen verbrauchen.Verwendungshinweise: Trocken lagern. Vor Wärme schützen.ArtikeldetailsMarke: REWE Beste WahlUrsprungsland: ItalienKontaktKontaktname: LA DORIA S.P.A.Kontaktadresse: Via Nazionale, 320, Angri, 84012, ItalienMaximale Bestellmenge: 15 StückFür die vorstehenden Angaben wird keine Haftung übernommen. Bitte prüfen Sie im Einzelfall die Angaben auf der jeweiligen Produktverpackung, nur diese sind verbindlich.Das Produktdesign kann von der Abbildung abweichen.",Am Grünen Hag 2,Rewe,Dein Markt für italienischen Genuss,2023-07-09,"Gültig ab morgen bis Samstag, 15.07.2023"
S. Pellegrino Mineralwasser,https://img.rewe-static.de/REWE28_2023/0106565/9482880-6_digital-image.png?impolicy=s-offers&imwidth=200&output-format=image/webp,,https://shop.rewe.de/p/san-pellegrino-mineralwasser-medium-1l/106565,,"je 1-l-Fl , zzgl. 0.25 Pfand",Aktion,"0,79 €","ProduktbeschreibungArtikelnummer 106565S.Pellegrino bringt echtes italienisches Lebensgefühl direkt zu Ihnen nach Hause. Ein feinperliges natürliches Mineralwasser für Genießer, das stilvoll erfrischt.

Unnachahmlich prickelnd und frisch, so schmeckt S.Pellegrino. Das liegt an der einzigartigen Balance, die das Mineralwasser besonders feinperlig sprudeln lässt. Ausgewogen mineralisiert, ist S.Pellegrino ein ebenso spritziger wie authentischer Genuss.

Ein Wasser mit Tradition

S.Pellegrino, das bereits seit 1899 Genießer begeistert, entspringt in der nahezu unberührten Natur der lombardischen Alpen. Auf seiner langen Reise durch breite Schichten Dolomit- und Gipsgestein erhält das Wasser seine ausgewogene Mineralisierung und seine besondere Reinheit. 

Immer ein Genuss

Mit seinem natürlichen und lebendigen Temperament ist S.Pellegrino ein Wasser, das einfach überall genossen werden kann. Darum gibt es den italienischen Klassiker auch in handlichen 1,0L Pet-Flaschen – Wie geschaffen für geselliges Beisammensein und genussvolles Miteinander. Besonders praktisch: Im Sixpack haben Sie immer eine Flasche in Reserve.

S.Pellegrino
- Natürliches feinperliges Mineralwasser
- Erfrischt einfach herrlich italienisch
- Ein Wasser für anspruchsvolle Genießer
- Ausgewogen mineralisiert und besonders prickelnd
- Wassergenuss für jede Gelegenheit in handlichen Pet-Flaschen... mehr anzeigenSeit 1899 ist S.Pellegrino eine Ikone italienischen Stils und eines der bekanntesten natürlichen Mineralwasser der Welt. Dank seiner perfekten Balance aus feinperliger Kohlensäure, Mineralisierung und einzigartigem Geschmack überzeugt es Sommeliers und Spitzenköche. 
So inspiriert S.Pellegrino dazu, genussvolle Momente auszukosten und sie zu teilen.NährwerteDurchschnittliche NährwerteUnzubereitet pro 1 lChlorid49,4 mgCalcium166 mgMagnesium49,5 mgBikarbonat244 mgNatrium30 mgSulfat 4+401 mgHinweiseAufbewahrungs- und Verwendungshinweis: Vor Sonne und Frost schützen und an einem sauberen, trockenen, kühlen und geruchlosen Ort lagern.Information: Abdampfrückstand bei 180 Grad: 853 mg/LpH-Wert an der Quelle: 7,7Aus der S.PELLEGRINO Quelle in SAN PELLEGRINO TERME (BERGAMO) ITALIENArtikeldetailsMarke: San PellegrinoNettofüllmenge: 1 LUrsprungsland: ItalienPackungsgröße: 1,0lKontaktKontaktname: SANPELLEGRINO S.P.A.Kontaktadresse: 24016 SAN PELLEGRINO TERME (BG)LOCALITÀ RUSPINO - ITALIENMaximale Bestellmenge: 15 StückFür die vorstehenden Angaben wird keine Haftung übernommen. Bitte prüfen Sie im Einzelfall die Angaben auf der jeweiligen Produktverpackung, nur diese sind verbindlich.Das Produktdesign kann von der Abbildung abweichen.",Am Grünen Hag 2,Rewe,Dein Markt für italienischen Genuss,2023-07-09,"Gültig ab morgen bis Samstag, 15.07.2023"
Fabbri Amarenakirschen,https://img.rewe-static.de/REWE28_2023/3797015/1603730-43_digital-image.png?impolicy=s-offers&imwidth=200&output-format=image/webp,,https://shop.rewe.de/p/fabbri-amarena-frucht-100g/3797015,,"Frucht in Sirup , je 230-g-Glas , (1 kg = 39.90) , 100-g-Abtropfgew.",Aktion,"3,99 €","ProduktbeschreibungArtikelnummer 3797015Zutaten & AllergeneZutaten: Zucker, Sauerkirschen (43%), Glukose Sirup, Wasser, Sauerkirschen saft (4%), Säuerungsmittel Zitronensäure, Aromen, Farbstoff Anthocyane aus Pflanzenextrakt.NährwerteDurchschnittliche NährwerteUnzubereitet pro 100 gEnergie1.160 kJEnergie273 kcalFett0 gFett, davon gesättigte Fettsäuren0 gKohlenhydrate67 gKohlenhydrate, davon Zucker61 gEiweiß0 gSalz0,03 gArtikeldetailsMarke: FabbriNettofüllmenge: 230 GUrsprungsland: ItalienAbtropfgewicht: 100 gKontaktKontaktname: G. Fabbri Deutschland GmbHKontaktadresse: Witneystr. 1 - 82008 UnterhachingMaximale Bestellmenge: 15 StückFür die vorstehenden Angaben wird keine Haftung übernommen. Bitte prüfen Sie im Einzelfall die Angaben auf der jeweiligen Produktverpackung, nur diese sind verbindlich.Das Produktdesign kann von der Abbildung abweichen.",Am Grünen Hag 2,Rewe,Dein Markt für italienischen Genuss,2023-07-09,"Gültig ab morgen bis Samstag, 15.07.2023"
Citterio Mailänder Salami Strafino,https://img.rewe-static.de/REWE28_2023/5310075/23629963-7_digital-image.png?impolicy=s-offers&imwidth=200&output-format=image/webp,,https://shop.rewe.de/p/strafino-mailaender-salami-in-scheiben/5310075,,je 100 g,Aktion,"2,19 €","ProduktbeschreibungArtikelnummer 5310075Frisch für dich aus unserer Servicetheke.

Zutaten: Schweinefleisch, Nitritpökelsalz (Kochsalz), Konservierungsstoff: E250 Gewürze, Zucker, Gewürzkräuter Antioxidationsmittel: E300, E 301, Konservierungsstoff. E252.

100g Salami werden hergestellt aus 155g Schweinefleisch.

Nährwerte je 100g:
Energie: 1660kj
Energie: 400kcal
Fett: 32g
Fett, davon gesättigte Fettsäuren: 13g
Kohlenhydrate: 0,5g
Kohlenhydrate, davon Zucker: 0,5g
Eiweiß: 28g
Salz: 4,6g fein gekörnte Spitzenqualität, leicht geräuchert, mindestens 3 Monate gereiftZutaten & AllergeneZutaten: Schweinefleisch, Nitritpökelsalz (Kochsalz, Konservierungsstoff: Natriumnitrit), Zucker, Gewürze, Gewürzkräuter, Antioxidationsmittel: Natriumascorbat, Ascorbinsäure; Konservierungsstoff: Kaliumnitrat. 100g Salami hergestellt aus 155g Schweinefleisch.Allergenhinweise: Enthält: Keine deklarationspflichtigen Allergene enthalten.NährwerteDurchschnittliche NährwerteUnzubereitet pro 100 gEnergie1.660 kJEnergie400 kcalFett32 gFett, davon gesättigte Fettsäuren13 gKohlenhydrate0,5 gKohlenhydrate, davon Zucker0,5 gEiweiß28 gSalz4,6 gHinweiseAufbewahrungs- und Verwendungshinweis: Unter +7°C lagern, nach dem Öffnen innerhalb kurzer Zeit verzehren.Information: Konservierungsstoff: E250 (Natriumnitrit), E252(Kaliumnitrat); Antioxidationsmittel: E301 (Natriumascorbat), E300 (Ascorbinsäure); Wursthülle nicht essbar.ArtikeldetailsUrsprungsland: ItalienKontaktKontaktname: Giuseppe Citterio Salumificio S.P.A.Kontaktadresse: Corso Europa 206, 20017 RhoMaximale Bestellmenge: 15 StückFür die vorstehenden Angaben wird keine Haftung übernommen. Bitte prüfen Sie im Einzelfall die Angaben auf der jeweiligen Produktverpackung, nur diese sind verbindlich.Das Produktdesign kann von der Abbildung abweichen.",Am Grünen Hag 2,Rewe,Dein Markt für italienischen Genuss,2023-07-09,"Gültig ab morgen bis Samstag, 15.07.2023"
Mestemacher Wraps,https://img.rewe-static.de/REWE28_2023/8722477/35581003-6_digital-image.png?impolicy=s-offers&imwidth=200&output-format=image/webp,,https://shop.rewe.de/p/mestemacher-bio-dinkelwraps-300g/8722477,,"versch. Sorten , je 300-g-Pckg , (1 kg = 7.30)",Aktion,"2,19 €","ProduktbeschreibungArtikelnummer 8722477Man nehme italienisches Temperament, ein Originalrezept und kaltgepresstes Olivenöl. Diese Zutaten machen unsere Wraps zu etwas ganz Besonderem!Zutaten & AllergeneZutaten: DINKELMEHL*1), Wasser, natives Olivenöl extra* (5 %), Sonnenblumenöl*, Meersalz, natürliches Rosmarinaroma. * aus biologischem Landbau 1)Mit Dinkelmehl aus der EU. Kann Spuren von SOJA und SENF enthalten.Allergenhinweise: Enthält: Glutenhaltiges Getreide und glutenhaltige Getreideerzeugnisse. Dinkel und Dinkelerzeugnisse (glutenhaltiges Getreide). Kann enthalten: Soja und Sojaerzeugnisse. Senf- und Senferzeugnisse.NährwerteDurchschnittliche NährwerteUnzubereitet pro 100 gEnergie1.280 kJEnergie304 kcalFett8,6 gFett, davon gesättigte Fettsäuren1,1 gKohlenhydrate45,7 gKohlenhydrate, davon Zucker1 gBallaststoffe3,1 gEiweiß9,5 gSalz1,1 gHinweiseAufbewahrungs- und Verwendungshinweis: Kühl und trocken lagern.ArtikeldetailsMarkeMestemacherEigenschaftenVegan, BioUrsprungslandItalienServiervorschlagNach Belieben füllen, z.B. mit Salat oder Geschnetzeltem.Öko KontrollstelleIT-BIO-007Ort der ErzeugungEU-LandwirtschaftKontaktKontaktname: Mestemacher GmbHKontaktadresse: Postfach 2451 - 33254 GüterslohFür die vorstehenden Angaben wird keine Haftung übernommen. Bitte prüfen Sie im Einzelfall die Angaben auf der jeweiligen Produktverpackung, nur diese sind verbindlich.Das Produktdesign kann von der Abbildung abweichen.",Am Grünen Hag 2,Rewe,Dein Markt für italienischen Genuss,2023-07-09,"Gültig ab morgen bis Samstag, 15.07.2023"
Ponnath Delikatess Prosciutto Cotto,https://img.rewe-static.de/REWE28_2023/2231617/25159847-9_digital-image.png?impolicy=s-offers&imwidth=200&output-format=image/webp,,https://shop.rewe.de/p/ponnath-prosciutto-cotto-150g/2231617,,"je 150-g-Pckg , (1 kg = 15.27)",Aktion,"2,29 €","ProduktbeschreibungArtikelnummer 2231617Original italienisches Rezept. Zutaten & AllergeneZutaten: Schweinefleisch, Säureregulatoren: Kaliumlactat, Natriumacetate; jodiertes Speisesalz (Speisesalz, Kaliumjodat), Glukosesirup, Gewürzextrakte, Gewürze, Stabilisator: Triphosphate, Antioxidationsmittel: Natriumascorbat, Konservierungsstoff: Natriumnitrit.NährwerteDurchschnittliche NährwerteUnzubereitet pro 100 gEnergie455 kJEnergie108 kcalFett2,5 gFett, davon gesättigte Fettsäuren1,1 gKohlenhydrate1 gKohlenhydrate, davon Zucker0,8 gEiweiß20,2 gSalz2,1 gHinweiseAufbewahrungs- und Verwendungshinweis: Bei unter + 7°CInformation: Unter Schutzatmosphäre verpackt.ArtikeldetailsMarke: PonnathUrsprungsland: DeutschlandKontaktKontaktname: Ponnath DIE MEISTERMETZGER GmbHKontaktadresse: Bayreuther Str. 40, D-95478 KemnathFür die vorstehenden Angaben wird keine Haftung übernommen. Bitte prüfen Sie im Einzelfall die Angaben auf der jeweiligen Produktverpackung, nur diese sind verbindlich.Das Produktdesign kann von der Abbildung abweichen.",Am Grünen Hag 2,Rewe,Dein Markt für italienischen Genuss,2023-07-09,"Gültig ab morgen bis Samstag, 15.07.2023"
Saupiquet Thunfisch,https://img.rewe-static.de/REWE28_2023/2071371/2519210-44_digital-image.png?impolicy=s-offers&imwidth=200&output-format=image/webp,,https://shop.rewe.de/p/saupiquet-thunfisch-naturale-ohne-oel-140g/2071371,,"Naturale ohne Öl oder in Sonnenblumenöl , je 185-g-Dose , (1 kg = 17.79) , 140-g-Abtropfgew.",Aktion,"2,49 €","ProduktbeschreibungArtikelnummer 2071371Zutaten & AllergeneZutaten: THUNFISCH (Skipjack, Katsuwonus pelamis), Wasser, Salz.Allergenhinweise: Enthält: Fisch und Fischerzeugnisse.NährwerteDurchschnittliche NährwerteUnzubereitet pro 100 gEnergie410 kJEnergie97 kcalFett0,5 gFett, davon gesättigte Fettsäuren0,2 gKohlenhydrate0 gKohlenhydrate, davon Zucker0 gBallaststoffe0 gEiweiß23 gSalz1,3 gHinweiseAufbewahrungs- und Verwendungshinweis: Mindestens haltbar bis: siehe VerpackungsaufdruckArtikeldetailsMarke: SaupiquetNettofüllmenge: 185 GUrsprungsland: EcuadorAbtropfgewicht: 140 gSorte: Naturale ohne ÖlKontaktKontaktname: Saupiquet D GmbHKontaktadresse: Postfach 9307, 47750 KrefeldMaximale Bestellmenge: 15 StückFür die vorstehenden Angaben wird keine Haftung übernommen. Bitte prüfen Sie im Einzelfall die Angaben auf der jeweiligen Produktverpackung, nur diese sind verbindlich.Das Produktdesign kann von der Abbildung abweichen.",Am Grünen Hag 2,Rewe,Dein Markt für italienischen Genuss,2023-07-09,"Gültig ab morgen bis Samstag, 15.07.2023"
Lavazza Crema e Gusto oder Espresso,https://img.rewe-static.de/REWE28_2023/7713584/29141056-8_digital-image.png?impolicy=s-offers&imwidth=200&output-format=image/webp,,https://shop.rewe.de/p/lavazza-crema-e-gusto-250g/7713584,,"versch. Sorten , je 250-g-Pckg , (1 kg = 13.96)",Aktion,"3,49 €","ProduktbeschreibungArtikelnummer 7713584Die Mischung besteht aus einer Auswahl hochwertiger, rassiger Arabicas (30 %) und Robustas (70 %) und ist ideal für all diejenigen geeignet, die jeden Augenblick des Tages ein intensives Geschmackserlebnis genieβen möchten. HinweiseAufbewahrungs- und Verwendungshinweis: trocken lagern.ArtikeldetailsMarke: LavazzaUrsprungsland: ItalienSorte: Crema e GustoKontaktKontaktname: LUIGI LAVAZZA S.p.A.Kontaktadresse: C. SO NOVARA, 59- 10154 TORINO - ITALIAMaximale Bestellmenge: 15 StückFür die vorstehenden Angaben wird keine Haftung übernommen. Bitte prüfen Sie im Einzelfall die Angaben auf der jeweiligen Produktverpackung, nur diese sind verbindlich.Das Produktdesign kann von der Abbildung abweichen.",Am Grünen Hag 2,Rewe,Dein Markt für italienischen Genuss,2023-07-09,"Gültig ab morgen bis Samstag, 15.07.2023"
Gelb- oder weißfleischige Nektarinen,https://img.rewe-static.de/REWE28_2023/1952216/8687110-16_digital-image.png?impolicy=s-offers&imwidth=200&output-format=image/webp,,https://shop.rewe.de/productList?search=1952216,,"Kl. I , je 1 kg",Aktion,"2,99 €",,Am Grünen Hag 2,Rewe,Obst & Gemüse,2023-07-09,"Gültig ab morgen bis Samstag, 15.07.2023"
Cherry Romatomaten,https://img.rewe-static.de/REWE28_2023/7011307/31264808-6_digital-image.png?impolicy=s-offers&imwidth=200&output-format=image/webp,,https://shop.rewe.de/productList?search=7011307,,"Kl. I , je 400-g-Eimer , (1 kg = 6.23)",Aktion,"2,49 €",,Am Grünen Hag 2,Rewe,Obst & Gemüse,2023-07-09,"Gültig ab morgen bis Samstag, 15.07.2023"
Kluth Nusskernmischung,https://img.rewe-static.de/REWE28_2023/7137980/26996585-15_digital-image.png?impolicy=s-offers&imwidth=200&output-format=image/webp,,https://shop.rewe.de/p/kluth-nusskernmischung-200g/7137980,,"je 200-g-Btl , (1 kg = 14.95)",Aktion,"2,99 €","ProduktbeschreibungArtikelnummer 7137980Zutaten & AllergeneZutaten: CASHEWKERNE, MANDELN(blanchiert), MANDELN, RÖMER-HASELNUSSKERNE, WALNUSSKERNEKann Spuren von weiteren Schalenfrüchten und Erdnüssen enthalten.Allergenhinweise: Kann enthalten: Nüsse und Nusserzeugnisse.NährwerteDurchschnittliche NährwerteUnzubereitet pro 100 gEnergie2.608 kJEnergie630 kcalFett54 gFett, davon gesättigte Fettsäuren5,6 gFett, davon einfach ungesättigte Fettsäuren32 gFett, davon mehrfach ungesättigte Fettsäuren14 gKohlenhydrate11 gKohlenhydrate, davon Zucker4,8 gBallaststoffe7,7 gEiweiß21 gSalz0,01 gVitamin E16 mgHinweiseAufbewahrungs- und Verwendungshinweis: Bei trockener Lagerung mindestens haltbar bis Ende: siehe VerpackungsaufdruckInformation: unter Schutzatmosphäre verpacktArtikeldetailsMarke: KluthUrsprungsland: DeutschlandKontaktKontaktname: Herbert Kluth (GmbH & Co. KG)Kontaktadresse: Heidekoppel 31, 24558 Henstedt-UlzburgFür die vorstehenden Angaben wird keine Haftung übernommen. Bitte prüfen Sie im Einzelfall die Angaben auf der jeweiligen Produktverpackung, nur diese sind verbindlich.Das Produktdesign kann von der Abbildung abweichen.",Am Grünen Hag 2,Rewe,Obst & Gemüse,2023-07-09,"Gültig ab morgen bis Samstag, 15.07.2023"
Honigmelone,https://img.rewe-static.de/REWE28_2023/8436752/8613000-32_digital-image.png?impolicy=s-offers&imwidth=200&output-format=image/webp,,https://shop.rewe.de/productList?search=8436752,,"Kl. I , je St",Aktion,"2,99 €",,Am Grünen Hag 2,Rewe,Obst & Gemüse,2023-07-09,"Gültig ab morgen bis Samstag, 15.07.2023"
Mini Rispentomaten,https://img.rewe-static.de/REWE28_2023/1365342/31264784-8_digital-image.png?impolicy=s-offers&imwidth=200&output-format=image/webp,,https://shop.rewe.de/productList?search=1365342,,"Kl. I , je 350-g-Schale , (1 kg = 4.26)",Aktion,"1,49 €",,Am Grünen Hag 2,Rewe,Obst & Gemüse,2023-07-09,"Gültig ab morgen bis Samstag, 15.07.2023"
Paprika Mix,https://img.rewe-static.de/REWE28_2023/1913973/20938720-3_digital-image.png?impolicy=s-offers&imwidth=200&output-format=image/webp,,https://shop.rewe.de/productList?search=1913973,,"Kl. I , je 500-g-Pckg , (1 kg = 3.38)",Aktion,"1,69 €",,Am Grünen Hag 2,Rewe,Obst & Gemüse,2023-07-09,"Gültig ab morgen bis Samstag, 15.07.2023"
Gelb- oder weißfleischige Bio Nektarinen,https://img.rewe-static.de/REWE28_2023/0429803/31335233-4_digital-image.png?impolicy=s-offers&imwidth=200&output-format=image/webp,,https://shop.rewe.de/productList?search=429803,,"Kl. II , je 1 kg",,"3,99 €",,Am Grünen Hag 2,Rewe,Obst & Gemüse,2023-07-09,"Gültig ab morgen bis Samstag, 15.07.2023"
Speisemöhren,https://img.rewe-static.de/REWE28_2023/8108969/34636887-3_digital-image.png?impolicy=s-offers&imwidth=200&output-format=image/webp,,https://shop.rewe.de/productList?search=8108969,,"Kl. I , je 1-kg-Btl",Aktion,"1,29 €",,Am Grünen Hag 2,Rewe,Obst & Gemüse,2023-07-09,"Gültig ab morgen bis Samstag, 15.07.2023"
Avocados,https://img.rewe-static.de/REWE28_2023/8906591/33086431-2_digital-image.png?impolicy=s-offers&imwidth=200&output-format=image/webp,,https://shop.rewe.de/productList?search=8906591,,"»Hass«, Kl. I , je 700-g-Netz , (1 kg = 2.84)",Aktion,"1,99 €",,Am Grünen Hag 2,Rewe,Obst & Gemüse,2023-07-09,"Gültig ab morgen bis Samstag, 15.07.2023"
Bio Bunte Salate,https://img.rewe-static.de/REWE28_2023/0146421/27990259-3_digital-image.png?impolicy=s-offers&imwidth=200&output-format=image/webp,,https://shop.rewe.de/productList?search=146421,,"Kl. II , je St",,"1,99 €",,Am Grünen Hag 2,Rewe,Obst & Gemüse,2023-07-09,"Gültig ab morgen bis Samstag, 15.07.2023"
Rote Bio Tafeläpfel,https://img.rewe-static.de/REWE28_2023/3366162/30888510-8_digital-image.png?impolicy=s-offers&imwidth=200&output-format=image/webp,,https://shop.rewe.de/productList?search=3366162,,"Sorte: siehe Etikett, Kl. II , je 1-kg-Netz",,"1,99 €",,Am Grünen Hag 2,Rewe,Obst & Gemüse,2023-07-09,"Gültig ab morgen bis Samstag, 15.07.2023"
Bio Bananen,https://img.rewe-static.de/REWE28_2023/7708685/30177546-11_digital-image.png?impolicy=s-offers&imwidth=200&output-format=image/webp,,https://shop.rewe.de/productList?search=7708685,,je 1 kg,,"1,79 €",,Am Grünen Hag 2,Rewe,Obst & Gemüse,2023-07-09,"Gültig ab morgen bis Samstag, 15.07.2023"
Mini Gurken,https://img.rewe-static.de/REWE28_2023/7240489/32111765-5_digital-image.png?impolicy=s-offers&imwidth=200&output-format=image/webp,,https://shop.rewe.de/productList?search=7240489,,"Kl. I , je St",Aktion,"0,45 €",,Am Grünen Hag 2,Rewe,Obst & Gemüse,2023-07-09,"Gültig ab morgen bis Samstag, 15.07.2023"
Brombeeren,https://img.rewe-static.de/REWE28_2023/0561586/12563490-11_digital-image.png?impolicy=s-offers&imwidth=200&output-format=image/webp,,https://shop.rewe.de/productList?search=561586,,"Kl. I , je 125-g-Schale , (1 kg = 14.32)",Aktion,"1,79 €",,Am Grünen Hag 2,Rewe,Obst & Gemüse,2023-07-09,"Gültig ab morgen bis Samstag, 15.07.2023"
Rispentomaten,https://img.rewe-static.de/REWE28_2023/2061181/34638052-8_digital-image.png?impolicy=s-offers&imwidth=200&output-format=image/webp,,https://shop.rewe.de/productList?search=2061181,,"Kl. I , je 1 kg",Aktion,"0,89 €",,Am Grünen Hag 2,Rewe,Obst & Gemüse,2023-07-09,"Gültig ab morgen bis Samstag, 15.07.2023"
Speisekartoffeln,https://img.rewe-static.de/REWE28_2023/8019779/33066527-3_digital-image.png?impolicy=s-offers&imwidth=200&output-format=image/webp,,https://shop.rewe.de/productList?search=8019779,,"Sorte, Kocheigenschaft und Ursprung: siehe Etikett, Qualität I , je 2-kg-Netz , (1 kg = 1.50)",Aktion,"2,99 €",,Am Grünen Hag 2,Rewe,Obst & Gemüse,2023-07-09,"Gültig ab morgen bis Samstag, 15.07.2023"
Zitronen,https://img.rewe-static.de/REWE28_2023/8131318/8722460-33_digital-image.png?impolicy=s-offers&imwidth=200&output-format=image/webp,,https://shop.rewe.de/productList?search=8019779,,"Sorte: siehe Etikett, Kl. I , je 500-g-Netz , (1 kg = 2.58)",Aktion,"1,29 €",nan,Am Grünen Hag 2,Rewe,Obst & Gemüse,2023-07-09,"Gültig ab morgen bis Samstag, 15.07.2023"
Plattnektarinen,https://img.rewe-static.de/REWE28_2023/2454901/12387090-12_digital-image.png?impolicy=s-offers&imwidth=200&output-format=image/webp,,https://shop.rewe.de/p/nektarinen-platt-500g/2454901,,"Kl. I , je 500-g-Schale , (1 kg = 3.98)",Aktion,"1,99 €","ProduktbeschreibungArtikelnummer 2454901Spanien; Klasse I; Ursprungsland und Klasse können je nach Angebot abweichen. 

Sind im online Shop bei einem Produkt alternative Herkunftsländer angegeben, so gilt das an der Ware ausgezeichnete Herkunftsland, welches Sie bei Warenlieferung überprüfen können. ArtikeldetailsUrsprungsland: SpanienFür die vorstehenden Angaben wird keine Haftung übernommen. Bitte prüfen Sie im Einzelfall die Angaben auf der jeweiligen Produktverpackung, nur diese sind verbindlich.Das Produktdesign kann von der Abbildung abweichen.",Am Grünen Hag 2,Rewe,Obst & Gemüse,2023-07-09,"Gültig ab morgen bis Samstag, 15.07.2023"
Eisbergsalat,https://img.rewe-static.de/REWE28_2023/1366237/36750087-3_digital-image.png?impolicy=s-offers&imwidth=200&output-format=image/webp,,https://shop.rewe.de/p/nektarinen-platt-500g/2454901,,"Kl. I , je St",Aktion,"0,75 €",nan,Am Grünen Hag 2,Rewe,Obst & Gemüse,2023-07-09,"Gültig ab morgen bis Samstag, 15.07.2023"
Radieschen,https://img.rewe-static.de/REWE28_2023/6909086/4732590-14_digital-image.png?impolicy=s-offers&imwidth=200&output-format=image/webp,,https://shop.rewe.de/productList?search=6909086,,"Kl. I , je Bund",Aktion,"0,49 €",,Am Grünen Hag 2,Rewe,Obst & Gemüse,2023-07-09,"Gültig ab morgen bis Samstag, 15.07.2023"
Rote Stachelbeeren oder Rote Johannisbeeren,https://img.rewe-static.de/REWE28_2023/8399383/8570030-27_digital-image.png?impolicy=s-offers&imwidth=200&output-format=image/webp,,https://shop.rewe.de/productList?search=8399383,,"Kl. I , je z.B. 500 g , (1 kg = 4.98)",Aktion,"2,49 €",,Am Grünen Hag 2,Rewe,Obst & Gemüse,2023-07-09,"Gültig ab morgen bis Samstag, 15.07.2023"
Bio Zucchini,https://img.rewe-static.de/REWE28_2023/8181276/29354659-9_digital-image.png?impolicy=s-offers&imwidth=200&output-format=image/webp,,https://shop.rewe.de/productList?search=8181276,,"Kl. II , je 500-g-Pckg , (1 kg = 2.58)",,"1,29 €",,Am Grünen Hag 2,Rewe,Obst & Gemüse,2023-07-09,"Gültig ab morgen bis Samstag, 15.07.2023"
Gelb- oder weißfleischige Pfirsiche,https://img.rewe-static.de/REWE28_2023/7126212/31363907-4_digital-image.png?impolicy=s-offers&imwidth=200&output-format=image/webp,,https://shop.rewe.de/productList?search=7126212,,"Kl. I , je 1-kg-Schale",Aktion,"1,69 €",,Am Grünen Hag 2,Rewe,Obst & Gemüse,2023-07-09,"Gültig ab morgen bis Samstag, 15.07.2023"
Dunkle Pflaumen,https://img.rewe-static.de/REWE28_2023/7673066/20190760-11_digital-image.png?impolicy=s-offers&imwidth=200&output-format=image/webp,,https://shop.rewe.de/productList?search=7673066,,"Kl. I , je 500-g-Schale , (1 kg = 3.38)",Aktion,"1,69 €",,Am Grünen Hag 2,Rewe,Obst & Gemüse,2023-07-09,"Gültig ab morgen bis Samstag, 15.07.2023"
10% Rabatt auf alle REWE Beste Wahl Produkte,https://img.rewe-static.de/REWE_TH25_2023/8939024/39291866-9_digital-image.png?impolicy=s-offers&imwidth=200&output-format=image/webp,,https://shop.rewe.de/productList?search=8939024,,Beim Kauf von mindestens 2 Produkten,App Deal,-10%,,Am Grünen Hag 2,Rewe,Mit der REWE App sparen,2023-07-09,"Gültig ab morgen bis Samstag, 15.07.2023"
Freixenet Produkten,https://img.rewe-static.de/REWE28_2023/8467214/31461078-22_digital-image.png?impolicy=s-offers&imwidth=200&output-format=image/webp,20fach Punkte,https://shop.rewe.de/productList?search=8939024,im Gesamtwert von über 2 €,,,,,Am Grünen Hag 2,Rewe,PAYBACK Punkte Highlights,2023-07-09,"Gültig ab morgen bis Samstag, 15.07.2023"
Batterien Energizer/Duracell,https://img.rewe-static.de/REWE28_2023/7996783/40194438-6_digital-image.png?impolicy=s-offers&imwidth=200&output-format=image/webp,10fach Punkte,https://shop.rewe.de/productList?search=8939024,im Gesamtwert von über 2 €,,,,,Am Grünen Hag 2,Rewe,PAYBACK Punkte Highlights,2023-07-09,"Gültig ab morgen bis Samstag, 15.07.2023"
Ültje Produkten,https://img.rewe-static.de/REWE28_2023/7884382/33479751-4_digital-image.png?impolicy=s-offers&imwidth=200&output-format=image/webp,30fach Punkte,https://shop.rewe.de/productList?search=8939024,im Gesamtwert von über 2 €,,,,,Am Grünen Hag 2,Rewe,PAYBACK Punkte Highlights,2023-07-09,"Gültig ab morgen bis Samstag, 15.07.2023"
Capri Sun Produkten,https://img.rewe-static.de/REWE28_2023/0194646/26222775-19_digital-image.png?impolicy=s-offers&imwidth=200&output-format=image/webp,20fach Punkte,https://shop.rewe.de/productList?search=8939024,im Gesamtwert von über 2 €,,,,,Am Grünen Hag 2,Rewe,PAYBACK Punkte Highlights,2023-07-09,"Gültig ab morgen bis Samstag, 15.07.2023"
Fackelbrot,https://img.rewe-static.de/REWE28_2023/2149313/25038501-16_digital-image.png?impolicy=s-offers&imwidth=200&output-format=image/webp,,https://shop.rewe.de/p/bard-fackelbrot-cheddar-mozzarella/2149313,,"versch. Sorten , je 100 g",Knaller,"1,29 €","ProduktbeschreibungArtikelnummer 2149313Frisch für dich aus unserer Servicetheke. 
 
Zutaten: 60% Weizentortilla (69% Weizenmehl, Wasser, Rapsöl, Backmittel (Backtriebmittel: E500, E450; Emulgator: E471; Traubenzucker, Konservierungsstoff: E202, E282; Säuerungsmittel: E296; Stabilisator: E466; Mehlbehandlungsmittel: E920; Feuchthaltemittel: E422), Leinsamen, jodiertes Speisesalz, Karamell), 27% Frühlingszwiebelfüllung (Salatmayonnaise 50% Fett (Rapsöl, Wasser, modifizierte Stärke, Eigelb, Verdickungsmittel: E401, E412; Senfsaaten, Zucker, Branntweinessig, Salz, Gewürze), 24% Frühlingszwiebel, Gewürze (Sellerie), Kräuter, Salz, Glucosesirup, Rapsöl, Knoblauch, Säuerungsmittel: E330; Verdickungsmittel: E417, E412; Konservierungsstoffe: E211, E202; modifizierte Stärke, Stärke, Maltodextrin, Hefe, Milcheiweiß), 13 % Cheddar-Mozzarella-Käsemix 45% Fett i.Tr. (Milch, Salz, Stärke, Farbstoff: E160b). 
 
Nährwerte je 100g: 
Energie: 1390kJ 
Energie: 332kcal 
Fett: 19g 
Fett, davon gesättigte Fettsäuren: 4,7g 
Kohlenhydrate: 31g 
Kohlenhydrate, davon Zucker: 2,5g 
Eiweiß: 9g 
Natrium: 0,8g 
Ballaststoffe: 2,2g 
 
Herkunftsland: 
Weizentortilla: Dänemark 
Frühlingszwiebelfüllung: Deutschland 
Cheddar-Mozzarella-Käsemix: Niederlande... mehr anzeigenZutaten & AllergeneZutaten: 60% WEIzenfladen (WEIZENMEHL, Wasser, Palmöl, jodiertes SpEIsesalz (SpEIsesalz, Kaliumjodat), LEInsamen, Backtriebmittel E500, Säureregulator E330, E296, Verdickungsmittel E412, Feuchthaltemittel E422, Emulgator E471, Konservierungsstoffe E202, E282), 26% Frühlingszwiebelfüllung (Salatmayonnaise 50% Fett (Rapsöl, Wasser, modifizierte Stärke, EIgelb, Verdickungsmittel E401, E412, SENFsaat, Zucker, BranntwEInessig, Salz, Gewürze), 24% Frühlingszwiebel, Gewürze (SELLERIE), Kräuter, Salz, Glucosesirup, Rapsöl, Knoblauch, Säuerungsmittel E330, Verdickungsmittel E417, E412, Konservierungsstoffe E211, E202, modifizierte Stärke, Stärke, Maltodextrin, Hefe, MILCHEIwEIß), 13 % Cheddar-Mozzarella-Käsemix 45% Fett i.Tr. (MILCH, SpEIsesalz, Stärke, Farbstoff E160b), Karamell, färbend.  Sesam, Soja, Sulfit, Erdnuss, LupineArtikeldetailsMarke: BardFür die vorstehenden Angaben wird keine Haftung übernommen. Bitte prüfen Sie im Einzelfall die Angaben auf der jeweiligen Produktverpackung, nur diese sind verbindlich.Das Produktdesign kann von der Abbildung abweichen.",Am Grünen Hag 2,Rewe,Frische & Convenience,2023-07-09,"Gültig ab morgen bis Samstag, 15.07.2023"
Schweine-Filet,https://img.rewe-static.de/REWE28_2023/2532018/34373114-10_digital-image.png?impolicy=s-offers&imwidth=200&output-format=image/webp,,https://shop.rewe.de/p/wilhelm-brandenburg-schweinefilet-ca-560g/2532018,,je 100 g,Knaller,"0,88 €","ProduktbeschreibungArtikelnummer 2532018Das beste Stück vom Schwein, ideal auch für Medaillons; SB-verpackt. Ursprung: Deutschland. Um einen Hinweis zur tatsächlichen Herkunft zu erhalten, beachten Sie bitte die Angaben auf der Ihnen gelieferten Ware selbst; nur diese sind maßgeblich wie auch verbindlich. VOR DEM VERZEHR GUT DURCHGAREN. NICHT ZUM ROHVERZEHR GEEIGNET. Die Haltbarkeit des Produktes ist bis zum angegebenen Datum durch die Einhaltung der angegebenen Temperatur gesichert. Bei einer Unterbrechung der Kühlkette über +4 °C, empfehlen wir Ihnen den Verzehr am Tag des Einkaufes. Nach Öffnen der Packung Ware noch am selben Tag verwenden.... mehr anzeigenZutaten & AllergeneZutaten: -  -NährwerteDurchschnittliche Nährwertepro 100 gEnergie448 kJEnergie106 kcalFett2 gFett, davon gesättigte Fettsäuren0,7 gKohlenhydrate0 gKohlenhydrate, davon Zucker0 gBallaststoffe0 gEiweiß22 gSalz0,19 gArtikeldetailsMarke: Wilhelm BrandenburgNachhaltigkeitWeitere Informationen zu den Siegeln findest du in unserer Siegelkunde.Maximale Bestellmenge: 15 StückFür die vorstehenden Angaben wird keine Haftung übernommen. Bitte prüfen Sie im Einzelfall die Angaben auf der jeweiligen Produktverpackung, nur diese sind verbindlich.Das Produktdesign kann von der Abbildung abweichen.",Am Grünen Hag 2,Rewe,Frische & Convenience,2023-07-09,"Gültig ab morgen bis Samstag, 15.07.2023"
Spare Ribs,https://img.rewe-static.de/REWE28_2023/2290040/31070165-4_digital-image.png?impolicy=s-offers&imwidth=200&output-format=image/webp,,https://shop.rewe.de/productList?search=2290040,,"vom Schwein, in versch. Marinaden, SB-verpackt , je 1 kg",Knaller,"9,90 €",,Am Grünen Hag 2,Rewe,Frische & Convenience,2023-07-09,"Gültig ab morgen bis Samstag, 15.07.2023"
Rote Wurst,https://img.rewe-static.de/REWE28_2023/7731883/23270769-10_digital-image.png?impolicy=s-offers&imwidth=200&output-format=image/webp,,https://shop.rewe.de/p/wilhelm-brandenburg-bockwurst/7731883,,je 100 g,Aktion,"0,88 €","ProduktbeschreibungArtikelnummer 7731883Frisch für dich aus unserer Servicetheke.

Zutaten: Schweinefleisch 80%, Wasser, Speck, jodiertes Speisesalz (Speisesalz, Kaliumjodat), Konservierungsstoff (Natriumnitrit), Gewürze, Stabilisatoren (Natriumcitrate, Diphosphate), Dextrose, Antioxidationsmittel (Ascorbinsäure) , Gewürzextrakte, Maltodextrin, Schweinedarm, Rauch.

Kann Spuren von GLUTEN, MILCH und SENF enthalten.

Nährwerte je 100g:
Energie: 1179kJ
Energie: 285kcal
Fett: 26g
Fett, davon gesättigte Fettsäuren: 12g
Kohlenhydrate: 0,5g
Kohlenhydrate, davon Zucker: 0,5g
Eiweiß: 12g
Salz: 2,2g... mehr anzeigenArtikeldetailsMarke: Wilhelm BrandenburgMaximale Bestellmenge: 15 StückFür die vorstehenden Angaben wird keine Haftung übernommen. Bitte prüfen Sie im Einzelfall die Angaben auf der jeweiligen Produktverpackung, nur diese sind verbindlich.Das Produktdesign kann von der Abbildung abweichen.Bei abgewogenen Waren zahlen Sie die im Markt tatsächlich gewogene Menge. Der bei Abholung oder Lieferung zu zahlende Betrag kann deshalb von dem hier angegebenen Betrag abweichen. Für die Berechnung des hier angegebenen Betrags wird ein Durchschnittsgewicht des jeweiligen Artikels zu Grunde gelegt.",Am Grünen Hag 2,Rewe,Frische & Convenience,2023-07-09,"Gültig ab morgen bis Samstag, 15.07.2023"
Bresso Kräuter der Provence,https://img.rewe-static.de/REWE28_2023/4533135/9167380-57_digital-image.png?impolicy=s-offers&imwidth=200&output-format=image/webp,,https://shop.rewe.de/p/bresso-kraeuter-aus-der-provence-150g/4533135,,"60% Fett i.Tr. , je 150-g-Pckg , (1 kg = 9.27)",Aktion,"1,39 €","ProduktbeschreibungArtikelnummer 4533135Die Qualität der exklusiv von BRESSO entwickelten Kräuter-Mischung wird durch die Auswahl eigener Setzlinge und deren Anbau in der Provence garantiert. BRESSO steht für unbeschwerten Frischkäse-Genuss & provenzalisch-mediterrane Lebensweise. 
Die hohe Qualität der vielfältigen Zutaten kombiniert mit locker aufgeschlagenem Frischkäse machen unseren BRESSO so besonders.
Die Qualität der exklusiv von BRESSO verwendeten Kräuter wird durch die Auswahl eigener Setzlinge & deren Anbau in der Provence garantiert. 
BRESSO. BESTE ZUTATEN IN LUFTIG-LOCKEREN FRISCHKÄSE.
OHNE GENTECHNIK, gemäß dem deutschen EG-Gentechnik-Durchführungsgesetz.Zutaten & AllergeneZutaten: FRISCHKÄSE, CREME FRAÎCHE, BUTTER, Kräuter der Provence, Kräuter, Stärke, Gewürze, Speisesalz, natürliche Aromen, Stickstoff zum Aufschlagen. Kann Spuren von Sellerie enthalten.Allergenhinweise: MilchEnthält: Milch und Milcherzeugnisse (einschließlich Lactose). Kann enthalten: Sellerie und Sellerieerzeugnisse.NährwerteDurchschnittliche NährwerteUnzubereitet pro 100 gEnergie974 kJEnergie235 kcalFett21 gFett, davon gesättigte Fettsäuren14 gKohlenhydrate4,4 gKohlenhydrate, davon Zucker2,8 gEiweiß7,2 gSalz1,1 gHinweiseAufbewahrungs- und Verwendungshinweis: Bei +2°C bis +8°C mindestens haltbar bis: siehe VerpackungsaufdruckInformation: 62% Fett i.Tr./F.i.T.ArtikeldetailsMarke: BressoUrsprungsland: DeutschlandKontaktKontaktname: Edelweiss GmbH & Co.KGKontaktadresse: D-87435 Kempten/AllgäuMaximale Bestellmenge: 15 StückFür die vorstehenden Angaben wird keine Haftung übernommen. Bitte prüfen Sie im Einzelfall die Angaben auf der jeweiligen Produktverpackung, nur diese sind verbindlich.Das Produktdesign kann von der Abbildung abweichen.",Am Grünen Hag 2,Rewe,Frische & Convenience,2023-07-09,"Gültig ab morgen bis Samstag, 15.07.2023"
Etorki,https://img.rewe-static.de/REWE28_2023/7327242/24091218-12_digital-image.png?impolicy=s-offers&imwidth=200&output-format=image/webp,,https://shop.rewe.de/p/savencia-etorki/7327242,,"frz. Schnittkäse, aus Schafsmilch hergestellt, 54% Fett i.Tr. , je 100 g",Aktion,"1,89 €","ProduktbeschreibungArtikelnummer 7327242Frisch für dich aus unserer Servicetheke. 
 
Zutaten: pasteurisierte SCHAFSMILCH, Speisesalz, Konservierungsstoffe: Natamycin, LYSOZYM (aus EI), tierisches Lab. 
 
Allergene: Kuh-, Ziegen- und SCHAFSMILCH. 
 
Laktosefrei* 
*Laktosegehalt: unter 0, 1g/100g 
 
Kunststoffüberzug nicht zum Verzehr geeignet! Hergestellt in Mauléon im Herzen des Baskenlandes, aus Schafsmilch, die in einem Umkreis von 80 km um die Käserei gesammelt wird.  ETORKI® RESERVE symbolisiert die ganze Kraft und den Reichtum des Baskenlandes. Von unseren Käsemeistern gereift und ausgewählt, ist sein Geschmack offen und schafartig. Seine Textur ist schmelzend und charakteristisch.Zutaten & AllergeneZutaten: pasteurisierte SCHAFSMILCH, Speisesalz, Käsereikulturen, Lab, Konservierungsstoffe Natamycin (in der Rinde), Lysozym ( aus EIKLAR ). Hergestellt in einer Käserei die Kuh- , Ziegen - und Schafsmilch verarbeitet.Allergenhinweise: Milch,EiklarEnthält: Milch und Milcherzeugnisse (einschließlich Lactose). Eier und Eierzeugnisse.NährwerteDurchschnittliche NährwerteUnzubereitet pro 100 gEnergie1.629 kJEnergie393 kcalFett33 gFett, davon gesättigte Fettsäuren23 gKohlenhydrate< 0,5 gKohlenhydrate, davon Zucker< 0,5 gEiweiß24 gSalz1,5 gCalcium710 mgHinweiseAufbewahrungs- und Verwendungshinweis: Bei +2°C bis +8°C mindestens haltbar bis: siehe VerpackungsaufdruckInformation: Kunststoffüberzug nicht zum Verzehr geeignet., 54% Fett i.Tr.ArtikeldetailsMarke: EtorkiUrsprungsland: FrankreichKontaktKontaktname: Fromageries des ChaumesKontaktadresse: 155 avenue Rauski 64110 Jurançon FranceMaximale Bestellmenge: 15 StückFür die vorstehenden Angaben wird keine Haftung übernommen. Bitte prüfen Sie im Einzelfall die Angaben auf der jeweiligen Produktverpackung, nur diese sind verbindlich.Das Produktdesign kann von der Abbildung abweichen.",Am Grünen Hag 2,Rewe,Frische & Convenience,2023-07-09,"Gültig ab morgen bis Samstag, 15.07.2023"
St. Mang Allgäuer Limburger,https://img.rewe-static.de/REWE28_2023/4485173/942460-35_digital-image.png?impolicy=s-offers&imwidth=200&output-format=image/webp,,https://shop.rewe.de/p/st-mang-allgaeuer-limburger-200g/4485173,,"Weichkäse, 40% Fett i.Tr. , je 200-g-Pckg , (1 kg = 9.45)",Aktion,"1,89 €","ProduktbeschreibungArtikelnummer 4485173Der St.Mang Limburger ist ein „Original Allgäuer“ – so charaktervoll und
ausdrucksstark, wie das Allgäu. Zur  Herstellung unserer Käsespezialitäten verwenden wir nur
beste Allgäuer Kuhmilch und die Original St.Mang Rotkulturen, welche unserem Limburger seine typische orangerote Rinde verleihen. Der Geschmack entwickelt sich je nach Reifestadium von
mild-würzig bis herzhaft-pikant.Zutaten & AllergeneZutaten: pasteurisierte MILCH, Salz, mikrobielles Lab, Milchsäuerungskulturen, Reifungskulturen.Allergenhinweise: Enthält: Milch und Milcherzeugnisse (einschließlich Lactose).NährwerteDurchschnittliche NährwerteUnzubereitet pro 100 gEnergie1.103 kJEnergie265 kcalFett19 gFett, davon gesättigte Fettsäuren12 gKohlenhydrate< 0,5 gKohlenhydrate, davon Zucker< 0,5 gEiweiß23 gSalz2,3 gHinweiseAufbewahrungs- und Verwendungshinweis: Bei +2°C - +8°C mindestens haltbar bis: siehe Verpackungsaufdruck.ArtikeldetailsMarke: St. MangNettofüllmenge: 200 GEigenschaften: VegetarischUrsprungsland: DeutschlandKontaktKontaktname: Mang KäsewerkKontaktadresse: Untere Hauptstraße 287754 Kammlach/AllgäuMaximale Bestellmenge: 15 StückFür die vorstehenden Angaben wird keine Haftung übernommen. Bitte prüfen Sie im Einzelfall die Angaben auf der jeweiligen Produktverpackung, nur diese sind verbindlich.Das Produktdesign kann von der Abbildung abweichen.",Am Grünen Hag 2,Rewe,Frische & Convenience,2023-07-09,"Gültig ab morgen bis Samstag, 15.07.2023"
Schulte Edelsalami,https://img.rewe-static.de/REWE28_2023/8261047/25900106-4_digital-image.png?impolicy=s-offers&imwidth=200&output-format=image/webp,,https://shop.rewe.de/p/schulte-edelsalami-mit-rind/8261047,,"mit Rind , je 100 g",Aktion,"1,99 €","ProduktbeschreibungArtikelnummer 8261047Frisch für dich aus unserer Servicetheke. 
 
Zutaten Schweinefleisch, Rindfleisch, jodiertes Speisesalz (Speisesalz, Kaliumjodat),Gewürze, Dextrose, Antioxidationsmittel: Natriumascorbat, Konservierungsstoff: Natriumnitrit, Reifekultur, Buchenholzrauch. 
 
Kann Spuren von SENF, SELLERIE und MILCH enthalten. 
 
100g Salami werden aus 108g Schweinefleisch und 27g Rindfleisch hergestellt. 
 
Nährwerte je 100g: 
Energie: 1387kJ 
Energie: 334kcal 
Fett: 26g 
Fett, davon gesättigte Fettsäuren: 12,2g 
Kohlenhydrate: 1g 
Kohlenhydrate, davon Zucker: 1g 
Eiweiß: 24g 
Salz: 3,8g... mehr anzeigenArtikeldetailsMarke: SchulteMaximale Bestellmenge: 15 StückFür die vorstehenden Angaben wird keine Haftung übernommen. Bitte prüfen Sie im Einzelfall die Angaben auf der jeweiligen Produktverpackung, nur diese sind verbindlich.Das Produktdesign kann von der Abbildung abweichen.",Am Grünen Hag 2,Rewe,Frische & Convenience,2023-07-09,"Gültig ab morgen bis Samstag, 15.07.2023"
Gazi Schaf- oder Ziegenkäse,https://img.rewe-static.de/REWE28_2023/7711509/37883476-6_digital-image.png?impolicy=s-offers&imwidth=200&output-format=image/webp,,https://shop.rewe.de/p/gazi-schafskaese-150g/7711509,,"50% Fett i.Tr. , je 150-g-Pckg , (1 kg = 14.60)",Aktion,"2,19 €","ProduktbeschreibungArtikelnummer 7711509Zutaten & AllergeneZutaten: pasteurisierte SCHAFMILCH, Speisesalz, mikrobielles Lab, MilchsäurekulturenAllergenhinweise: Enthält: Milch und Milcherzeugnisse (einschließlich Lactose).NährwerteDurchschnittliche NährwerteUnzubereitet pro 100 gEnergie1.140 kJEnergie275 kcalFett23 gFett, davon gesättigte Fettsäuren17 gKohlenhydrate1 gKohlenhydrate, davon Zucker0,1 gEiweiß16 gSalz2,4 gHinweiseAufbewahrungs- und Verwendungshinweis: Ungeöffnet bei +4°C bis +8°C mindestens haltbar bis: siehe AufdruckInformation: 50% Fett i.Tr.ArtikeldetailsMarke: GaziNettofüllmenge: 150 GUrsprungsland: GriechenlandKontaktKontaktname: garmo AGKontaktadresse: Ulmer Straße 181-191, 70188 StuttgartFür die vorstehenden Angaben wird keine Haftung übernommen. Bitte prüfen Sie im Einzelfall die Angaben auf der jeweiligen Produktverpackung, nur diese sind verbindlich.Das Produktdesign kann von der Abbildung abweichen.",Am Grünen Hag 2,Rewe,Frische & Convenience,2023-07-09,"Gültig ab morgen bis Samstag, 15.07.2023"
"Zwiebelmettwurst, Zwiebelmettwurst- kugel oder Puten-zwiebelmettwurst",https://img.rewe-static.de/REWE28_2023/7225733/30597714-6_digital-image.png?impolicy=s-offers&imwidth=200&output-format=image/webp,,https://shop.rewe.de/p/wilhelm-brandenburg-zwiebelmettwurst-100g/7225733,,je 100 g,Aktion,"1,49 €","ProduktbeschreibungArtikelnummer 7225733Frisch für dich aus unserer Servicetheke. 
 
Zutaten: 91 % Schweinefleisch, Säureregulator Kaliumlactrat, jodiertes Nitritpökelsalz (Speisesalz), Konservierungsstoff Natriumnitrit, Säuerungsmittel: MILCHSÄURE, Zwiebeln, Trockenglukosesirup, Verdickungsmittel: Guarkernmehl, Johannisbrotkernmehl, Xanthan, Gewürze (enthält SELLERIE), Dextrose, Geschmacksverstärker: Mononatriumglutamat, Antioxidationsmittel: Natriumascorbat, Ascorbinsäure. 
 
Kann Spuren von SENF enthalten. 
 
Nährwerte je 100g: 
Energie: 655kJ 
Energie: 157kcal 
Fett: 8,5g 
Fett, davon gesättigt: 4,5g 
Kohlenhydrate: 1g 
Kohlenhydrate, davon Zucker: 1g 
Eiweiß: 19g 
Salz: 2,5g... mehr anzeigenZutaten & AllergeneAllergenhinweise: nullNährwerteDurchschnittliche NährwerteUnzubereitet pro 100 gEnergie655 kJEnergie157 kcalFett8,5 gFett, davon gesättigte Fettsäuren4,5 gKohlenhydrate1 gKohlenhydrate, davon Zucker1 gEiweiß19 gSalz2,5 gArtikeldetailsMarke: Wilhelm BrandenburgMaximale Bestellmenge: 15 StückFür die vorstehenden Angaben wird keine Haftung übernommen. Bitte prüfen Sie im Einzelfall die Angaben auf der jeweiligen Produktverpackung, nur diese sind verbindlich.Das Produktdesign kann von der Abbildung abweichen.Bei abgewogenen Waren zahlen Sie die im Markt tatsächlich gewogene Menge. Der bei Abholung oder Lieferung zu zahlende Betrag kann deshalb von dem hier angegebenen Betrag abweichen. Für die Berechnung des hier angegebenen Betrags wird ein Durchschnittsgewicht des jeweiligen Artikels zu Grunde gelegt.",Am Grünen Hag 2,Rewe,Frische & Convenience,2023-07-09,"Gültig ab morgen bis Samstag, 15.07.2023"
Spinat-Käse-Bratwurst,https://img.rewe-static.de/REWE28_2023/0074010/25041032-9_digital-image.png?impolicy=s-offers&imwidth=200&output-format=image/webp,,https://shop.rewe.de/p/wilhelm-brandenburg-spinat-kaese-bratwurst-3x90g/74010,,"je 3 x 90-g-Pckg , (1 kg = 10.33)",Aktion,"2,79 €","ProduktbeschreibungArtikelnummer 74010Zutaten & AllergeneZutaten: Schweinefleisch 62%, Spinat 12%, KÄSE 10%, Wasser, jodiertes Speisesalz, Gewürze, Maismehl, Glukosesirup, Emulgator Mono- und Diglyceride von Speisefettsäuren, Stabilisatoren (Natriumcitrate, Diphosphate), Dextrose, Zitronenöl, Gewürzextrakte, Säuerungsmittel Citronensäure, Antioxidationsmittel Ascorbinsäure, Säureregulator Natriumacetate, Schweinedarm. Zusatzstoffe: E 262, E 300, E 330, E 331, E 450, E 471NährwerteDurchschnittliche Nährwertepro 100 gEnergie983 kJEnergie237 kcalFett18,4 gFett, davon gesättigte Fettsäuren8,3 gKohlenhydrate1,8 gKohlenhydrate, davon Zucker0,8 gBallaststoffe0,1 gEiweiß15,9 gSalz1,77 gArtikeldetailsMarke: Wilhelm BrandenburgKontaktKontaktname: Metzgerei Robert Müller Großkunden GmbHKontaktadresse: Industriestr. 2;36103;Flieden;DEUFür die vorstehenden Angaben wird keine Haftung übernommen. Bitte prüfen Sie im Einzelfall die Angaben auf der jeweiligen Produktverpackung, nur diese sind verbindlich.Das Produktdesign kann von der Abbildung abweichen.",Am Grünen Hag 2,Rewe,Frische & Convenience,2023-07-09,"Gültig ab morgen bis Samstag, 15.07.2023"
Merl Zarte Heringsfilets,https://img.rewe-static.de/REWE28_2023/6920730/7398540-35_digital-image.png?impolicy=s-offers&imwidth=200&output-format=image/webp,,https://shop.rewe.de/p/merl-heringsfilet-in-sahnesauce-250g/6920730,,"in Sahnesauce, versch. Sorten , je 250-g-Becher , (1 kg = 9.16)",Aktion,"2,29 €","ProduktbeschreibungArtikelnummer 6920730Ohne KonservierungsstoffeZutaten & AllergeneZutaten: 40% enthäutete HERINGSFILETS ,40% Sahnesauce ( Rapsöl,Trinkwasser, Zucker, SAURE SAHNE, 10% SCHLAGSAHNE,Branntweinessig, EIGELB, Speisesalz, SENFMEHL, Gewürze,Verdickungsmittel (Johannisbrotkernmehl,Guarkernmehl)), 7% Äpfel,7% Zwiebeln, 6% Gurken.Hering (Clupea harengus),gefangen im Nordostatlantik (Nordsee undNorwegische See),FAO (27-16,27-03),Fangmethoden: Ringwaden ohne FADs und pelagische SchleppnetzeNährwerteDurchschnittliche NährwerteUnzubereitet pro 100 gEnergie1.033 kJEnergie249 kcalFett20,7 gFett, davon gesättigte Fettsäuren3,1 gKohlenhydrate7,2 gKohlenhydrate, davon Zucker7,1 gBallaststoffe0,3 gEiweiß7,8 gSalz1,4 gHinweiseAufbewahrungs- und Verwendungshinweis: Bei +2°C bis +7°C mindestens haltbar bis: siehe AufdruckArtikeldetailsMarke: MerlNettofüllmenge: 250 GUrsprungsland: DeutschlandSorte: In SahnesauceKontaktKontaktname: Edmund Merl GmbH & Co. KGKontaktadresse: 50321 Brühl Wesselinger Str. 18-20Maximale Bestellmenge: 15 StückFür die vorstehenden Angaben wird keine Haftung übernommen. Bitte prüfen Sie im Einzelfall die Angaben auf der jeweiligen Produktverpackung, nur diese sind verbindlich.Das Produktdesign kann von der Abbildung abweichen.",Am Grünen Hag 2,Rewe,Frische & Convenience,2023-07-09,"Gültig ab morgen bis Samstag, 15.07.2023"
Deutsche See Lachs-Filet,https://img.rewe-static.de/REWE28_2023/8437260/30793152-8_digital-image.png?impolicy=s-offers&imwidth=200&output-format=image/webp,,https://shop.rewe.de/p/deutsche-see-lachsfilet-250g/8437260,,"mit Haut , je 250-g-Schale , (1 kg = 19.96)",Aktion,"4,99 €","ProduktbeschreibungArtikelnummer 8437260Zutaten & AllergeneZutaten: LACHSFILETAllergenhinweise: Enthält: Fisch und Fischerzeugnisse.NährwerteDurchschnittliche NährwerteUnzubereitet pro 100 gEnergie924 kJEnergie222 kcalFett16 gFett, davon gesättigte Fettsäuren3,3 gKohlenhydrate0 gKohlenhydrate, davon Zucker0 gEiweiß20,2 gSalz0,24 gHinweiseAufbewahrungs- und Verwendungshinweis: bei 0 - 2°CInformation: Nur im durchgegarten Zustand verzehren!. Auf 70 °C Kerntemperatur erhitzen und mind. 2 Min. halten. Unter Schutzatmospäre verpackt.ArtikeldetailsMarke: Deutsche SeeUrsprungsland: DeutschlandKontaktKontaktname: Deutsche See GmbHKontaktadresse: Maifischstrasse 3-9, 27572 BremerhavenFür die vorstehenden Angaben wird keine Haftung übernommen. Bitte prüfen Sie im Einzelfall die Angaben auf der jeweiligen Produktverpackung, nur diese sind verbindlich.Das Produktdesign kann von der Abbildung abweichen.",Am Grünen Hag 2,Rewe,Frische & Convenience,2023-07-09,"Gültig ab morgen bis Samstag, 15.07.2023"
Virginia Pfefferschinken,https://img.rewe-static.de/REWE28_2023/1428942/37769208-6_digital-image.png?impolicy=s-offers&imwidth=200&output-format=image/webp,,https://shop.rewe.de/p/virginia-schinken-mit-pfeffer-in-scheiben/1428942,,"geräuchert und luftgetrocknet, besonders mild , je 100 g",Aktion,"2,79 €","ProduktbeschreibungArtikelnummer 1428942Frisch für dich aus unserer Servicetheke. 
 
Zutaten: Schweinefleisch, Speisesalz, Dextrose, Maltodextrin, Gewürze, Kräuter, Kräuterextrakte, Säureregulator: Natriumlactat, Geschmacksverstärker: Mononatriumglutamat, Antioxidationsmittel: Natriumascorbat, Konservierungsstoff: Natriumnitrit, Kaliumnitrat, Fermente, Raucharoma, Rauch. 
 
Pfefferhülle: Pfeffer, Stärke, MILCHPULVER, Schweinegelatine, Konservierungsstoff: Kaliumsorbat. 
 
100g Produkt bereitet aus 135g Fleisch und 4g Pfeffer. Zutaten & AllergeneAllergenhinweise: nullNährwerteDurchschnittliche NährwerteUnzubereitet pro 100 gEnergie602 kJEnergie143 kcalFett3 gFett, davon gesättigte Fettsäuren1,1 gKohlenhydrate0,9 gKohlenhydrate, davon Zucker0,9 gEiweiß28 gSalz4,4 gMaximale Bestellmenge: 15 StückFür die vorstehenden Angaben wird keine Haftung übernommen. Bitte prüfen Sie im Einzelfall die Angaben auf der jeweiligen Produktverpackung, nur diese sind verbindlich.Das Produktdesign kann von der Abbildung abweichen.",Am Grünen Hag 2,Rewe,Frische & Convenience,2023-07-09,"Gültig ab morgen bis Samstag, 15.07.2023"
REWE Beste Wahl Tagliatelle,https://img.rewe-static.de/REWE28_2023/0118047/22923270-33_digital-image.png?impolicy=s-offers&imwidth=200&output-format=image/webp,,https://shop.rewe.de/p/rewe-beste-wahl-tagliatelle-400g/118047,,"je 400-g-Btl , (1 kg = 3.73)",Aktion,"1,49 €","ProduktbeschreibungArtikelnummer 118047Hergestellt für: REWE Markt GmbH, D-50603 Köln Zutaten & AllergeneZutaten: HARTWEIZENGRIESS, Wasser, VOLLEI* 13%, Rapsöl, Speisesalz.*aus FreilandhaltungAllergenhinweise: Eier und Eierzeugnisse , Glutenhaltiges Getreide (Weizen, Gerste, Roggen, Hafer, Dinkel, Kamut oder Hybridstämme)NährwerteDurchschnittliche Nährwertepro 100 gEnergie759 kJEnergie180 kcalFett2,5 gFett, davon gesättigte Fettsäuren0,5 gKohlenhydrate31 gKohlenhydrate, davon Zucker0,5 gEiweiß7 gSalz0,5 gHinweiseVerwendungshinweise: bei +2 °C bis +7 °C lagernArtikeldetailsMarke: REWE Beste WahlUrsprungsland: DeutschlandKontaktKontaktname: Landmanns GmbHKontaktadresse: 91183 Abenberg, DeutschlandMaximale Bestellmenge: 15 StückFür die vorstehenden Angaben wird keine Haftung übernommen. Bitte prüfen Sie im Einzelfall die Angaben auf der jeweiligen Produktverpackung, nur diese sind verbindlich.Das Produktdesign kann von der Abbildung abweichen.",Am Grünen Hag 2,Rewe,Frische & Convenience,2023-07-09,"Gültig ab morgen bis Samstag, 15.07.2023"
Palatum Partyschale,https://img.rewe-static.de/REWE28_2023/1387047/24370859-16_digital-image.png?impolicy=s-offers&imwidth=200&output-format=image/webp,,https://shop.rewe.de/p/partyschale-mailand-270g/1387047,,"versch. Sorten , je 270-g-Schale , (1 kg = 14.78)",Aktion,"3,99 €","ProduktbeschreibungArtikelnummer 1387047Zutaten & AllergeneZutaten: Oliven grün ohne Stein , Gemüsekürbisse, Champignon gegrillt, Sonnenblumenöl, FRISCHKÄSE (66 % Fett i.Tr., aus Kuhmilch), Kirschpaprika, Olivenöl, Zucker, Peperoni, Salz, Ahornsirup, Kräuter, Gewürzmischung, Knoblauch, modifizierte Stärke (Mais), Festigungsmittel: Calciumchlorid, Antioxidationsmittel: Ascorbinsäure, Säuerungsmittel: Milchsäure, Citronensäure und Essigsäure, Konservierungsstoff: Sorbinsäure und Benzoesäure. Spuren von GLUTEN/WEIZEN und SELLERIE möglich.Allergenhinweise: Enthält: Milch und Milcherzeugnisse (einschließlich Lactose). Kann enthalten: Weizen und Weizenerzeugnisse (glutenhaltiges Getreide). Sellerie und Sellerieerzeugnisse.NährwerteDurchschnittliche NährwerteUnzubereitet pro 100 gEnergie743 kJEnergie180 kcalFett15,6 gFett, davon gesättigte Fettsäuren3,7 gKohlenhydrate6,2 gKohlenhydrate, davon Zucker5,4 gBallaststoffe2 gEiweiß2,6 gSalz1,89 gHinweiseAufbewahrungs- und Verwendungshinweis: Bei 4-7 °C lagern. Nach dem Öffnen innerhalb von 3 Tagen verzehren.Information: Unter Schutzatmosphäre verpackt.ArtikeldetailsNettofüllmenge: 270 GEigenschaften: VegetarischUrsprungsland: DeutschlandKontaktKontaktname: Palatum Feinkost KGKontaktadresse: Carl-von-Linde-Str. 28, 85716 Unterschleißheim, DEMaximale Bestellmenge: 15 StückFür die vorstehenden Angaben wird keine Haftung übernommen. Bitte prüfen Sie im Einzelfall die Angaben auf der jeweiligen Produktverpackung, nur diese sind verbindlich.Das Produktdesign kann von der Abbildung abweichen.",Am Grünen Hag 2,Rewe,Frische & Convenience,2023-07-09,"Gültig ab morgen bis Samstag, 15.07.2023"
Reinert Aspik-Aufschnitt,https://img.rewe-static.de/REWE28_2023/8844402/39006025-7_digital-image.png?impolicy=s-offers&imwidth=200&output-format=image/webp,,https://shop.rewe.de/p/reinert-schinken-in-aspik-mit-champignons-in-scheiben/8844402,,"versch. Sorten , je 100 g",Aktion,"1,19 €","ProduktbeschreibungArtikelnummer 8844402Frisch für dich aus unserer Servicetheke.

Zutaten: 51% Schweinefleisch, Wasser, 5% Champignons, Branntweinessig, Zucker, Speisegelatine (Schwein), Speisesalz, Säuerungsmittel: Citronensäure; Stabilisator: Diphosphate; Antioxidationsmittel: Natriumascorbat; Konservierungsstoff: Natriumnitrit. Wursthülle nicht essbar Zutaten & AllergeneAllergenhinweise: nullNährwerteDurchschnittliche NährwerteUnzubereitet pro 100 gEnergie408 kJEnergie97 kcalFett2 gFett, davon gesättigte Fettsäuren0,8 gKohlenhydrate2,5 gKohlenhydrate, davon Zucker2 gEiweiß17 gSalz2 gArtikeldetailsMarke: ReinertMaximale Bestellmenge: 15 StückFür die vorstehenden Angaben wird keine Haftung übernommen. Bitte prüfen Sie im Einzelfall die Angaben auf der jeweiligen Produktverpackung, nur diese sind verbindlich.Das Produktdesign kann von der Abbildung abweichen.",Am Grünen Hag 2,Rewe,Frische & Convenience,2023-07-09,"Gültig ab morgen bis Samstag, 15.07.2023"
Mondarella Grill-Camembert,https://img.rewe-static.de/REWE28_2023/7684624/39489687-7_digital-image.png?impolicy=s-offers&imwidth=200&output-format=image/webp,,https://shop.rewe.de/p/mondarella-grill-camembert-alternative-blanc-vegan-95g/7684624,,"versch. Sorten , je 95-g-Pckg , (1 kg = 20.95)",Aktion,"1,99 €","ProduktbeschreibungArtikelnummer 7684624Zutaten & AllergeneZutaten: Wasser, pflanzliches Fett (Sheabutter), 10 % Mandeln (gemahlen), native Stärke, Salz, Verdickungsmittel (Carrageen), Dextrose, natürliches Aroma, Inulin, Säuerungsmittel (Äpfelsäure), vegane EdelschimmelkulturenAllergenhinweise: Enthält: Mandeln und Mandelerzeugnisse.NährwerteDurchschnittliche NährwerteUnzubereitet pro 100 gEnergie1.001 kJEnergie242 kcalFett21 gFett, davon gesättigte Fettsäuren9 gKohlenhydrate8,1 gKohlenhydrate, davon Zucker0,9 gBallaststoffe3,1 gEiweiß3,6 gSalz1,9 gHinweiseAufbewahrungs- und Verwendungshinweis: Ungeöffnet bei max. +8°C mindestens haltbar bis: tt.mm.jjjjArtikeldetailsEigenschaften: Laktosefrei, VeganUrsprungsland: DeutschlandKontaktKontaktname: Mondarella GmbHKontaktadresse: Oberwallstr. 6 10117 Berlin, DeutschlandFür die vorstehenden Angaben wird keine Haftung übernommen. Bitte prüfen Sie im Einzelfall die Angaben auf der jeweiligen Produktverpackung, nur diese sind verbindlich.Das Produktdesign kann von der Abbildung abweichen.",Am Grünen Hag 2,Rewe,Frische & Convenience,2023-07-09,"Gültig ab morgen bis Samstag, 15.07.2023"
Lamm-Keule,https://img.rewe-static.de/REWE28_2023/0499226/3251580-11_digital-image.png?impolicy=s-offers&imwidth=200&output-format=image/webp,,https://shop.rewe.de/productList?search=499226,,"mit Röhrenknochen, SB-verpackt , je 1 kg",Aktion,"11,99 €",,Am Grünen Hag 2,Rewe,Frische & Convenience,2023-07-09,"Gültig ab morgen bis Samstag, 15.07.2023"
REWE Beste Wahl Lasagne Bolognese,https://img.rewe-static.de/REWE28_2023/2316984/23559547-28_digital-image.png?impolicy=s-offers&imwidth=200&output-format=image/webp,,https://shop.rewe.de/p/rewe-beste-wahl-lasagne-bolognese-400g/2316984,,"je 400-g-Pckg , (1 kg = 5.73)",Aktion,"2,29 €","ProduktbeschreibungArtikelnummer 2316984Zutaten & AllergeneZutaten: Wasser, Rindfleisch gegart 14%, HARTWEIZENGRIESS, Tomatenkonzentrat 7%, Tomaten 6%, Emmentaler 6%, modifizierte Stärke, Zwiebeln, Rapsöl, Stärke, MILCHPULVER, WEIZENMEHL, Speisesalz, Gewürze, Gewürzextrakte, Dextrose, Zucker, Branntweinessigpulver, Kräuter, Olivenextrakt.  Kann Spuren von Ei, Soja und Sellerie enthalten.NährwerteDurchschnittliche Nährwertepro 100 gEnergie549 kJEnergie131 kcalFett5,7 gFett, davon gesättigte Fettsäuren2,6 gKohlenhydrate13,4 gKohlenhydrate, davon Zucker2,5 gEiweiß6 gSalz0,89 gHinweiseVerwendungshinweise: bei +2 °C bis +7 °C lagernArtikeldetailsMarke: REWE Beste WahlUrsprungsland: ÖsterreichKontaktKontaktname: Condeli GmbHKontaktadresse: Gewerbepark 1, 4193 Reichenthal, ÖsterreichMaximale Bestellmenge: 15 StückFür die vorstehenden Angaben wird keine Haftung übernommen. Bitte prüfen Sie im Einzelfall die Angaben auf der jeweiligen Produktverpackung, nur diese sind verbindlich.Das Produktdesign kann von der Abbildung abweichen.",Am Grünen Hag 2,Rewe,Frische & Convenience,2023-07-09,"Gültig ab morgen bis Samstag, 15.07.2023"
Werz Käseknacker,https://img.rewe-static.de/REWE28_2023/0560657/23781380-9_digital-image.png?impolicy=s-offers&imwidth=200&output-format=image/webp,,https://shop.rewe.de/p/bad-liebenwerda-mineralwasser-medium-6x0-5l/50677,,je 100 g,Aktion,"1,29 €","ProduktbeschreibungArtikelnummer 50677NährwerteDurchschnittliche NährwerteUnzubereitet pro 1 lKalium1,5 mgChlorid5,2 mgCalcium16,2 mgMagnesium3,1 mgMangan< 0,05 mgBikarbonat8 mgNatrium6,8 mgNitrate< 1 mgSulfat 4+55 mgHinweiseAufbewahrungs- und Verwendungshinweis: Bitte kühl, trocken und lichtgeschützt lagern.Information: aus der Bad Liebenwerda Mineralquelle, Bad Liebenwerda, Analysenauszug vom15.11.17 des SGS INSTITUT FRESENIUS, bestätigt durch laufende KontrollenArtikeldetailsMarke: Bad LiebenwerdaNettofüllmenge: 0,5 LKontaktKontaktname: Mineralquellen Bad Liebenwerda GmbHKontaktadresse: 04924 Bad LiebenwerdaFür die vorstehenden Angaben wird keine Haftung übernommen. Bitte prüfen Sie im Einzelfall die Angaben auf der jeweiligen Produktverpackung, nur diese sind verbindlich.Das Produktdesign kann von der Abbildung abweichen.",Am Grünen Hag 2,Rewe,Frische & Convenience,2023-07-09,"Gültig ab morgen bis Samstag, 15.07.2023"
Rougette Grill- und Ofentaler,https://img.rewe-static.de/REWE28_2023/8920655/38882164-4_digital-image.png?impolicy=s-offers&imwidth=200&output-format=image/webp,,https://shop.rewe.de/p/rougette-marinierter-grill-und-ofentaler-paprika-vegan-140g/8920655,,"versch. Sorten , je 140-g-Pckg , (1 kg = 15.86)",Aktion,"2,22 €","ProduktbeschreibungArtikelnummer 8920655Ein runder Genuss für alle ROUGETTE-Fans! Der vegane Grill- & Ofentaler raffiniert mariniert in der praktischen Aluschale, das ist leckere Abwechslung für jeden Tag.Zutaten & AllergeneZutaten: 86 % Pflanzliche Lebensmittelzubereitung (Wasser, Rapsöl, Stärke, modifizierte Stärke, Verdickungsmittel: Cellulose, Methylcellulose; 6 % geschälte Hanfsamen, 6 % Blumenkohl, glutenfreies HAFERvollkornmehl, Salz, natürliches Aroma, Säuerungsmittel: Zitronensäure), 14 % Marinade (Rapsöl, Gewürze, Kräuter, Paprika, Rapsöl (ganz gehärtet), Zucker, natürliches Aroma, Salz, Gewürzextrakt).NährwerteDurchschnittliche NährwerteUnzubereitet pro 100 gEnergie1.328 kJEnergie321 kcalFett29 gFett, davon gesättigte Fettsäuren2,5 gKohlenhydrate13 gKohlenhydrate, davon Zucker1,4 gEiweiß2 gSalz2,7 gHinweiseAufbewahrungs- und Verwendungshinweis: Bei +2°C - +8°C mindestens haltbar bis: siehe VerpackungsaufdruckArtikeldetailsMarke: RougetteEigenschaften: Laktosefrei, VeganUrsprungsland: DeutschlandKontaktKontaktname: Käserei ChampignonKontaktadresse: Kemptener Straße 17-2487493 Lauben/AllgäuMaximale Bestellmenge: 15 StückFür die vorstehenden Angaben wird keine Haftung übernommen. Bitte prüfen Sie im Einzelfall die Angaben auf der jeweiligen Produktverpackung, nur diese sind verbindlich.Das Produktdesign kann von der Abbildung abweichen.",Am Grünen Hag 2,Rewe,Frische & Convenience,2023-07-09,"Gültig ab morgen bis Samstag, 15.07.2023"
Bonduelle Gartensalat,https://img.rewe-static.de/REWE28_2023/2284666/27054891-28_digital-image.png?impolicy=s-offers&imwidth=200&output-format=image/webp,,https://shop.rewe.de/p/bonduelle-garten-salat-wuerziges-trio-150g/2284666,,"je 150-g-Btl , (1 kg = 11.93)",Aktion,"1,79 €","ProduktbeschreibungArtikelnummer 2284666Zutaten & AllergeneZutaten: Grüner Salanova-Kopfsalat, roter Salatnova-Kopfsalat, PetersilieNährwerteDurchschnittliche NährwerteUnzubereitet pro 100 gEnergie64 kJEnergie15 kcalFett0,2 gFett, davon gesättigte Fettsäuren0 gKohlenhydrate1,3 gKohlenhydrate, davon Zucker1 gBallaststoffe1,5 gEiweiß1,3 gSalz0,02 gHinweiseAufbewahrungs- und Verwendungshinweis: Kühl lagern bei +2° bis +7°C.Information: Unter Schutzatmosphäre verpacktArtikeldetailsMarke: BonduelleUrsprungsland: DeutschlandKontaktKontaktname: Bonduelle Deutschland GmbHKontaktadresse: Am Heilbrunnen 136/13872766 ReutlingenMaximale Bestellmenge: 15 StückFür die vorstehenden Angaben wird keine Haftung übernommen. Bitte prüfen Sie im Einzelfall die Angaben auf der jeweiligen Produktverpackung, nur diese sind verbindlich.Das Produktdesign kann von der Abbildung abweichen.",Am Grünen Hag 2,Rewe,Frische & Convenience,2023-07-09,"Gültig ab morgen bis Samstag, 15.07.2023"
Kalbs-Tafelspitz,https://img.rewe-static.de/REWE28_2023/0922048/38900259-2_digital-image.png?impolicy=s-offers&imwidth=200&output-format=image/webp,,https://shop.rewe.de/productList?search=922048,,je 100 g,Aktion,"1,29 €",,Am Grünen Hag 2,Rewe,Frische & Convenience,2023-07-09,"Gültig ab morgen bis Samstag, 15.07.2023"
Frische Hähnchen-Unterschenkel,https://img.rewe-static.de/REWE28_2023/7697813/25859719-6_digital-image.png?impolicy=s-offers&imwidth=200&output-format=image/webp,,https://shop.rewe.de/p/haehnchen-unterschenkel-6-stueck-ca-670g/7697813,,"natur, Hkl. A, oder gewürzt, Haltungsform 2, SB-verpackt , je 1 kg",Aktion,"4,99 €","ProduktbeschreibungArtikelnummer 7697813Ursprung: Deutschland, Österreich, Niederlande oder Italien. Um einen Hinweis zur tatsächlichen Herkunft zu erhalten, beachten Sie bitte die Angaben auf der Ihnen gelieferten Ware selbst; nur diese sind maßgeblich wie auch verbindlich. VOR DEM VERZEHR GUT DURCHGAREN. NICHT ZUM ROHVERZEHR GEEIGNET. Die Haltbarkeit des Produktes ist bis zum angegebenen Datum durch die Einhaltung der angegebenen Temperatur gesichert. Bei einer Unterbrechung der Kühlkette über +4 °C, empfehlen wir Ihnen den Verzehr am Tag des Einkaufes. Nach Öffnen der Packung Ware noch am selben Tag verwenden. Rohes Geflügelfleisch nicht mit anderen Lebensmittel in Kontakt bringen. Tropfsaft sorgfältig entsorgen. Geschirr und Hände gründlich reinigen.... mehr anzeigenZutaten & AllergeneZutaten: KEINE  KEINENährwerteDurchschnittliche Nährwertepro 100 gEnergie543 kJEnergie130 kcalFett6,4 gFett, davon gesättigte Fettsäuren2,1 gKohlenhydrate0 gKohlenhydrate, davon Zucker0 gBallaststoffe0 gEiweiß18 gSalz0,2 gArtikeldetailsMarke: Wilhelm BrandenburgNachhaltigkeitWeitere Informationen zu den Siegeln findest du in unserer Siegelkunde.Für die vorstehenden Angaben wird keine Haftung übernommen. Bitte prüfen Sie im Einzelfall die Angaben auf der jeweiligen Produktverpackung, nur diese sind verbindlich.Das Produktdesign kann von der Abbildung abweichen.",Am Grünen Hag 2,Rewe,Frische & Convenience,2023-07-09,"Gültig ab morgen bis Samstag, 15.07.2023"
Spanferkel-Cevapcici,https://img.rewe-static.de/REWE28_2023/8405213/31022150-11_digital-image.png?impolicy=s-offers&imwidth=200&output-format=image/webp,,https://shop.rewe.de/p/beck-spanferkel-cevapcici-300g/8405213,,"je 300-g-Pckg , (1 kg = 9.97)",Aktion,"2,99 €","ProduktbeschreibungArtikelnummer 8405213Zutaten & AllergeneZutaten: Spanferkelfleisch (98%), jodiertes Speisesalz (Kochsalz, Kaliumjodat), Speisesalz, Zwiebel, Gewürze, Würze, Glukosesirup, Knoblauch, Gewürzextrakte, Stabilisator: E 262, E331; Dextrose, Stärke.Allergenhinweise: Enthält: Keine deklarationspflichtigen Allergene enthalten.NährwerteDurchschnittliche NährwerteUnzubereitet pro 100 gEnergie929 kJEnergie223 kcalFett13,3 gFett, davon gesättigte Fettsäuren5,1 gKohlenhydrate6,2 gKohlenhydrate, davon Zucker1,8 gEiweiß19,5 gSalz2,5 gHinweiseAufbewahrungs- und Verwendungshinweis: ungeöffnet und gekühlt bei +2°C bis +4°C zu verbrauchen bis: siehe VerpackungsaufdruckArtikeldetailsMarke: BeckUrsprungsland: Europäische UnionNachhaltigkeitWeitere Informationen zu den Siegeln findest du in unserer Siegelkunde.KontaktKontaktname: Beck GmbH & Co. KGKontaktadresse: Flurweg 21, 74635 Neu-KupferFür die vorstehenden Angaben wird keine Haftung übernommen. Bitte prüfen Sie im Einzelfall die Angaben auf der jeweiligen Produktverpackung, nur diese sind verbindlich.Das Produktdesign kann von der Abbildung abweichen.",Am Grünen Hag 2,Rewe,Frische & Convenience,2023-07-09,"Gültig ab morgen bis Samstag, 15.07.2023"
Rostbratwurst,https://img.rewe-static.de/REWE28_2023/8940242/39624544-8_digital-image.png?impolicy=s-offers&imwidth=200&output-format=image/webp,,https://shop.rewe.de/productList?search=8940242,,"je 300-g-Pckg , (1 kg = 11.30)",Aktion,"3,39 €",,Am Grünen Hag 2,Rewe,Frische & Convenience,2023-07-09,"Gültig ab morgen bis Samstag, 15.07.2023"
REWE Beste Wahl Grüne & Rote Pfefferonen,https://img.rewe-static.de/REWE28_2023/2028724/21917891-21_digital-image.png?impolicy=s-offers&imwidth=200&output-format=image/webp,,https://shop.rewe.de/p/rewe-beste-wahl-pfefferonen-gefuellt-mit-frischkaese-150g/2028724,,"je 150-g-Schale , (1 kg = 11.93)",Aktion,"1,79 €","ProduktbeschreibungArtikelnummer 2028724Hergestellt für: REWE Markt GmbH, D-50603 Köln. Zutaten & AllergeneZutaten: Grüne und rote Peperoni 42%, FRISCHKÄSE 34%, Rapsöl, Kalamata Oliven mit Stein 3 %, Branntweinessig, Stärke, Zucker, jodiertes Speisesalz, Kräuter, Speisesalz, Gewürze, Knoblauch, Chili, Säuerungsmittel CitronensäureAllergenhinweise: Enthält: Milch und Milcherzeugnisse (einschließlich Lactose).NährwerteDurchschnittliche NährwerteUnzubereitet pro 100 gEnergie1.141 kJEnergie277 kcalFett26,9 gFett, davon gesättigte Fettsäuren7,5 gKohlenhydrate5,3 gKohlenhydrate, davon Zucker1,5 gEiweiß2,9 gSalz1,72 gHinweiseAufbewahrungs- und Verwendungshinweis: Ungeöffnet bei unter +7°C mindestens haltbar bis: siehe AufdruckInformation: unter Schutzatmosphäre verpacktArtikeldetailsMarke: REWE Beste WahlNettofüllmenge: 150 GUrsprungsland: DeutschlandAbtropfgewicht: 150 gKontaktKontaktname: Heinrich Kühlmann GmbH & Co.KGKontaktadresse: 33397 RietbergMaximale Bestellmenge: 15 StückFür die vorstehenden Angaben wird keine Haftung übernommen. Bitte prüfen Sie im Einzelfall die Angaben auf der jeweiligen Produktverpackung, nur diese sind verbindlich.Das Produktdesign kann von der Abbildung abweichen.",Am Grünen Hag 2,Rewe,Frische & Convenience,2023-07-09,"Gültig ab morgen bis Samstag, 15.07.2023"
Schweine-Nackensteaks,https://img.rewe-static.de/REWE28_2023/2172863/25004517-4_digital-image.png?impolicy=s-offers&imwidth=200&output-format=image/webp,,https://shop.rewe.de/productList?search=2172863,,"Classic BBQ Spicy , je 1 kg",Aktion,"12,90 €",,Am Grünen Hag 2,Rewe,Frische & Convenience,2023-07-09,"Gültig ab morgen bis Samstag, 15.07.2023"
Greenforce Vegane Fleischalternative,https://img.rewe-static.de/REWE28_2023/8678106/34780508-16_digital-image.png?impolicy=s-offers&imwidth=200&output-format=image/webp,,https://shop.rewe.de/p/greenforce-cevapcici-vegan-180g/8678106,,"versch. Sorten , je 180-g-Pckg , (1 kg = 14.94)",Aktion,"2,69 €","ProduktbeschreibungArtikelnummer 8678106Zutaten & AllergeneZutaten: Trinkwasser, 13% texturiertes Erbsenprotein (Erbsenprotein, Erbsenextrakt), Paprika, Rapsöl, Gewürze, Sonnenblumenkerne teilentölt, Zwiebeln, Kokosfett(ganz gehärtet), Verdickungsmittel: Methylcellulose, Cellulose; 3% Erbsenmehl, 2% Erbseneiweiß, Speisesalz, Kartoffelstärke, Aromen, Rauch, Säureregulatoren: Kaliumlactat, Natriumacetate; Maltodextrin.Allergenhinweise: Kann enthalten: Soja und Sojaerzeugnisse. Glutenhaltiges Getreide und glutenhaltige Getreideerzeugnisse. Senf- und Senferzeugnisse.NährwerteDurchschnittliche NährwerteUnzubereitet pro 100 gEnergie972 kJEnergie234 kcalFett16 gFett, davon gesättigte Fettsäuren4 gKohlenhydrate6,5 gKohlenhydrate, davon Zucker1,5 gBallaststoffe6 gEiweiß13 gSalz2,2 gHinweiseAufbewahrungs- und Verwendungshinweis: im Kühlschrank bei max. 7° GradArtikeldetailsMarke: GREENFORCEEigenschaften: VeganKontaktKontaktname: Greenforce Future Food AGKontaktadresse: Tal 12, D-80331 MünchenFür die vorstehenden Angaben wird keine Haftung übernommen. Bitte prüfen Sie im Einzelfall die Angaben auf der jeweiligen Produktverpackung, nur diese sind verbindlich.Das Produktdesign kann von der Abbildung abweichen.",Am Grünen Hag 2,Rewe,Frische & Convenience,2023-07-09,"Gültig ab morgen bis Samstag, 15.07.2023"
Bonduelle Wildkräutersalat,https://img.rewe-static.de/REWE28_2023/8741381/35929479-7_digital-image.png?impolicy=s-offers&imwidth=200&output-format=image/webp,,https://shop.rewe.de/productList?search=8741381,,"je 110-g-Btl , (1 kg = 16.27)",Aktion,"1,79 €",,Am Grünen Hag 2,Rewe,Frische & Convenience,2023-07-09,"Gültig ab morgen bis Samstag, 15.07.2023"
Meica Bratmaxe,https://img.rewe-static.de/REWE28_2023/8559132/32684863-3_digital-image.png?impolicy=s-offers&imwidth=200&output-format=image/webp,,https://shop.rewe.de/productList?search=8559132,,"für Grill & Pfanne, versch. Sorten , je 560-g-Pckg , (1 kg = 10.70)",Aktion,"5,99 €",,Am Grünen Hag 2,Rewe,Frische & Convenience,2023-07-09,"Gültig ab morgen bis Samstag, 15.07.2023"
Aoste Ringsalami,https://img.rewe-static.de/REWE28_2023/2152240/2456630-90_digital-image.png?impolicy=s-offers&imwidth=200&output-format=image/webp,,https://shop.rewe.de/p/aoste-luftgetrocknete-ringsalami-250g/2152240,,"luftgetrocknet , je 250-g-Pckg , (1 kg = 17.96)",Aktion,"4,49 €","ProduktbeschreibungArtikelnummer 2152240Zutaten & AllergeneZutaten: Schweinefleisch, Salz, LAKTOSE, Dextrose, Zucker, Gewürze, Konservierungsstoffe: Kaliumnitrat, Natriumnitrit; Starterkulturen. Salami-Hülle nicht essbar. Bitte vor Verzehr entfernen. Kann Spuren von Schalenfrüchten und Milcheiweißen enthalten. 100 g Salami werden aus 160 g Schweinefleisch hergestellt.Allergenhinweise: Enthält LAKTOSE.Enthält: Milchzucker (Laktose). Kann enthalten: Nüsse und Nusserzeugnisse. Milch und Milcherzeugnisse (einschließlich Lactose).NährwerteDurchschnittliche NährwerteUnzubereitet pro 100 gEnergie1.845 kJEnergie445 kcalFett37 gFett, davon gesättigte Fettsäuren15 gKohlenhydrate2 gKohlenhydrate, davon Zucker1,5 gEiweiß26 gSalz5 gHinweiseAufbewahrungs- und Verwendungshinweis: Vor Hitze schützen und trocken lagern. Nach dem Öffnen innerhalb kurzer Zeit verzehren.Information: Unter Schutzatmosphäre verpackt.Salami-Hülle nicht essbar. Bitte vor Verzehr entfernen.Identitätskennzeichen: FR 69.238.001 CEArtikeldetailsMarke: AosteUrsprungsland: FrankreichPackungsgröße: 250gKontaktKontaktname: Aoste SNCKontaktadresse: Hameau de Saint Didier - RD 592 - 38490 Aoste - FranceMaximale Bestellmenge: 15 StückFür die vorstehenden Angaben wird keine Haftung übernommen. Bitte prüfen Sie im Einzelfall die Angaben auf der jeweiligen Produktverpackung, nur diese sind verbindlich.Das Produktdesign kann von der Abbildung abweichen.",Am Grünen Hag 2,Rewe,Frische & Convenience,2023-07-09,"Gültig ab morgen bis Samstag, 15.07.2023"
Schweine-Nacken,https://img.rewe-static.de/REWE28_2023/3468321/29796119-6_digital-image.png?impolicy=s-offers&imwidth=200&output-format=image/webp,,https://shop.rewe.de/p/schweinenacken-ohne-knochen-am-stueck/3468321,,"ohne Knochen, am Stück oder in Scheiben, Haltungsform 2 , je 100 g",Aktion,"0,69 €","ProduktbeschreibungArtikelnummer 3468321Frisch für dich aus unserer Servicetheke. NachhaltigkeitWeitere Informationen zu den Siegeln findest du in unserer Siegelkunde.Für die vorstehenden Angaben wird keine Haftung übernommen. Bitte prüfen Sie im Einzelfall die Angaben auf der jeweiligen Produktverpackung, nur diese sind verbindlich.Das Produktdesign kann von der Abbildung abweichen.",Am Grünen Hag 2,Rewe,Frische & Convenience,2023-07-09,"Gültig ab morgen bis Samstag, 15.07.2023"
Hackfleisch gemischt,https://img.rewe-static.de/REWE28_2023/8818612/36852327-13_digital-image.png?impolicy=s-offers&imwidth=200&output-format=image/webp,,https://shop.rewe.de/productList?search=8818612,,"vom Rind und Schwein, XXL Family Pack , je 1000-g-Pckg",Aktion,"7,77 €",,Am Grünen Hag 2,Rewe,Frische & Convenience,2023-07-09,"Gültig ab morgen bis Samstag, 15.07.2023"
Butcher’s Burger Patties,https://img.rewe-static.de/REWE28_2023/7938024/33031415-14_digital-image.png?impolicy=s-offers&imwidth=200&output-format=image/webp,,https://shop.rewe.de/productList?search=8818612,,"vom Rind, versch. Sorten , je 230-g-Pckg , (1 kg = 15.17)",Aktion,"3,49 €","ProduktbeschreibungArtikelnummer 7938024Zutaten & AllergeneZutaten: Rindfleisch 98 %, Speisesalz, Gewürze, Gewürzextrakte, Antioxidationsmittel Ascorbinsäure.  Kann Spuren von Senf und Sellerie enthalten.NährwerteDurchschnittliche Nährwertepro 100 gEnergie1.038 kJEnergie250 kcalFett20 gFett, davon gesättigte Fettsäuren8 gKohlenhydrate0,5 gKohlenhydrate, davon Zucker0,5 gBallaststoffe0 gEiweiß17 gSalz1,5 gArtikeldetailsMarke: Butcher's BurgerFür die vorstehenden Angaben wird keine Haftung übernommen. Bitte prüfen Sie im Einzelfall die Angaben auf der jeweiligen Produktverpackung, nur diese sind verbindlich.Das Produktdesign kann von der Abbildung abweichen.",Am Grünen Hag 2,Rewe,Frische & Convenience,2023-07-09,"Gültig ab morgen bis Samstag, 15.07.2023"
Lammkeulen-Scheiben,https://img.rewe-static.de/REWE28_2023/8766589/40055970-2_digital-image.png?impolicy=s-offers&imwidth=200&output-format=image/webp,,https://shop.rewe.de/productList?search=8818612,,"in Kräuterbutter-Marinade, mit Knochen, SB-verpackt , je 1 kg",Aktion,"19,90 €","ProduktbeschreibungArtikelnummer 8766589Zutaten & AllergeneZutaten: Lammfleisch mit Knochen 94 %, Marinade 6 % (Rapsöl, Speisesalz, Gewürze (enthalten SENF), Butter, Kräuter, Palmfett, Gewürzextrakte).  SellerieNährwerteDurchschnittliche Nährwertepro 100 gEnergie599 kJEnergie143 kcalFett7 gFett, davon gesättigte Fettsäuren2,6 gKohlenhydrate1 gKohlenhydrate, davon Zucker1 gBallaststoffe0 gEiweiß19 gSalz1,2 gFür die vorstehenden Angaben wird keine Haftung übernommen. Bitte prüfen Sie im Einzelfall die Angaben auf der jeweiligen Produktverpackung, nur diese sind verbindlich.Das Produktdesign kann von der Abbildung abweichen.",Am Grünen Hag 2,Rewe,Frische & Convenience,2023-07-09,"Gültig ab morgen bis Samstag, 15.07.2023"
Rinder-Filet,https://img.rewe-static.de/REWE28_2023/3455289/39482382-2_digital-image.png?impolicy=s-offers&imwidth=200&output-format=image/webp,,https://shop.rewe.de/p/rinderfiletsteak-200g/3455289,,"vom Jungbullen, am Stück oder in Scheiben , je 100 g",Aktion,"4,99 €","ProduktbeschreibungArtikelnummer 3455289Frisch für dich aus unserer Servicetheke. Für die vorstehenden Angaben wird keine Haftung übernommen. Bitte prüfen Sie im Einzelfall die Angaben auf der jeweiligen Produktverpackung, nur diese sind verbindlich.Das Produktdesign kann von der Abbildung abweichen.",Am Grünen Hag 2,Rewe,Frische & Convenience,2023-07-09,"Gültig ab morgen bis Samstag, 15.07.2023"
Grünländer mild & nussig,https://img.rewe-static.de/REWE28_2023/4092074/34973807-8_digital-image.png?impolicy=s-offers&imwidth=200&output-format=image/webp,,https://shop.rewe.de/p/hochland-gruenlaender-brot-mild-nussig/4092074,,"Schnittkäse, 48% Fett i.Tr. , je 100 g",Aktion,"0,99 €","ProduktbeschreibungArtikelnummer 4092074Frisch für dich aus unserer Servicetheke. 
 
Zutaten: pasteurisierte MILCH, Farbstoff: Beta-Carotin, mikrobielles Lab, Kulturen, Speisesalz. 
 
Laktosefrei* 
*Laktosegehalt: unter 0, 1g/100g 
 
Rinde zum Verzehr geeignet! Zutaten & AllergeneAllergenhinweise: nullNährwerteDurchschnittliche NährwerteUnzubereitet pro 100 gEnergie1.481 kJEnergie357 kcalFett29 gFett, davon gesättigte Fettsäuren19 gKohlenhydrate0,1 gKohlenhydrate, davon Zucker0,1 gEiweiß24 gSalz0,8 gArtikeldetailsMarke: GrünländerMaximale Bestellmenge: 15 StückFür die vorstehenden Angaben wird keine Haftung übernommen. Bitte prüfen Sie im Einzelfall die Angaben auf der jeweiligen Produktverpackung, nur diese sind verbindlich.Das Produktdesign kann von der Abbildung abweichen.",Am Grünen Hag 2,Rewe,Frische & Convenience,2023-07-09,"Gültig ab morgen bis Samstag, 15.07.2023"
Salakis Schafskäse Natur,https://img.rewe-static.de/REWE28_2023/8874226/37902848-5_digital-image.png?impolicy=s-offers&imwidth=200&output-format=image/webp,,https://shop.rewe.de/p/salakis-schafskaese-natur-180g/8874226,,"je 180-g-Pckg , (1 kg = 9.94)",Aktion,"1,79 €","ProduktbeschreibungArtikelnummer 8874226Zutaten & AllergeneZutaten: pasteurisierte SchafMILCH, Lab, SalzAllergenhinweise: Enthält: Milch und Milcherzeugnisse (einschließlich Lactose).NährwerteDurchschnittliche NährwerteUnzubereitet pro 100 gEnergie1.126 kJEnergie272 kcalFett23 gFett, davon gesättigte Fettsäuren16 gKohlenhydrate0,8 gKohlenhydrate, davon Zucker0,8 gEiweiß16 gSalz2,8 gHinweiseAufbewahrungs- und Verwendungshinweis: bei 8°C mindestens haltbar bis: siehe Verpackungsaufdruck: tt.mm.jjjjArtikeldetailsMarke: SalakisNettofüllmenge: 180 GUrsprungsland: FrankreichKontaktKontaktname: Lactalis Deutschland GmbHKontaktadresse: Am Yachthafen 2, 77694 KehlMaximale Bestellmenge: 15 StückFür die vorstehenden Angaben wird keine Haftung übernommen. Bitte prüfen Sie im Einzelfall die Angaben auf der jeweiligen Produktverpackung, nur diese sind verbindlich.Das Produktdesign kann von der Abbildung abweichen.",Am Grünen Hag 2,Rewe,Frische & Convenience,2023-07-09,"Gültig ab morgen bis Samstag, 15.07.2023"
Arla Finello Gratinkäse,https://img.rewe-static.de/REWE28_2023/0674328/21064797-16_digital-image.png?impolicy=s-offers&imwidth=200&output-format=image/webp,,https://shop.rewe.de/p/salakis-schafskaese-natur-180g/8874226,,"dän. Reibekäse , je 150-g-Pckg , (1 kg = 9.93)",Aktion,"1,49 €","b'ProduktbeschreibungArtikelnummer 674328Zutaten & AllergeneZutaten: K\xc3\x84SE, Kartoffelst\xc3\xa4rke.Allergenhinweise: Enth\xc3\xa4lt: Milch und Milcherzeugnisse (einschlie\xc3\x9flich Lactose).N\xc3\xa4hrwerteDurchschnittliche N\xc3\xa4hrwerteUnzubereitet pro 100 gEnergie1.305 kJEnergie314 kcalFett23 gFett, davon ges\xc3\xa4ttigte Fetts\xc3\xa4uren14 gKohlenhydrate2,8 gKohlenhydrate, davon Zucker0,6 gEiwei\xc3\x9f24 gSalz1,5 gHinweiseAufbewahrungs- und Verwendungshinweis: Nach dem \xc3\x96ffnen k\xc3\xbchl aufbewahren.Bei 8 \xc2\xb0C mindestens haltbar bis: siehe VerpackungsaufdruckInformation: Unter Schutzatmosph\xc3\xa4re verpackt.ArtikeldetailsMarke: ArlaUrsprungsland: D\xc3\xa4nemarkSorte: Gratink\xc3\xa4seKontaktKontaktname: Arla Foods ambaKontaktadresse: DK-8260 Viby JMaximale Bestellmenge: 15 St\xc3\xbcckF\xc3\xbcr die vorstehenden Angaben wird keine Haftung \xc3\xbcbernommen. Bitte pr\xc3\xbcfen Sie im Einzelfall die Angaben auf der jeweiligen Produktverpackung, nur diese sind verbindlich.Das Produktdesign kann von der Abbildung abweichen.'",Am Grünen Hag 2,Rewe,Frische & Convenience,2023-07-09,"Gültig ab morgen bis Samstag, 15.07.2023"
Wiltmann Salami,https://img.rewe-static.de/REWE28_2023/4240936/6554940-38_digital-image.png?impolicy=s-offers&imwidth=200&output-format=image/webp,,https://shop.rewe.de/p/wiltmann-feinschmecker-salami-80g/4240936,,"versch. Sorten , je 80-g-Pckg , (1 kg = 16.13)",Aktion,"1,29 €","ProduktbeschreibungArtikelnummer 4240936Feinschmecker-Salami aus Rind- und Schweinefleisch. Zutaten & AllergeneZutaten: Schweinefleisch, Rindfleisch, jodierters Speisesalz (Speisesalz, Kaliumiodat), Traubenzucker, Trockenglucose, Gewürze, Gewürzextrakte, Antioxidationsmittel: Natriumascorbat; Konservierungsstoff: Natriumnitrit; Reifekulturen, Buchenholzrauch. 100g Salami, hergestellt aus 119g Schweinefleisch und 21g Rindfleisch.NährwerteDurchschnittliche NährwerteUnzubereitet pro 100 gEnergie1.474 kJEnergie355 kcalFett28,1 gFett, davon gesättigte Fettsäuren11 gKohlenhydrate1 gKohlenhydrate, davon Zucker1 gEiweiß24,1 gSalz4,1 gHinweiseAufbewahrungs- und Verwendungshinweis: Bei maximal 7°C ungeöffnet mindestens haltbar bis: siehe VerpackungsaufdruckArtikeldetailsMarke: WiltmannUrsprungsland: DeutschlandKontaktKontaktname: Franz Wiltmann GmbH & Co. KGKontaktadresse: Wilhelm-Kleine-Strasse 16, D-33775 VersmoldMaximale Bestellmenge: 15 StückFür die vorstehenden Angaben wird keine Haftung übernommen. Bitte prüfen Sie im Einzelfall die Angaben auf der jeweiligen Produktverpackung, nur diese sind verbindlich.Das Produktdesign kann von der Abbildung abweichen.",Am Grünen Hag 2,Rewe,Frische & Convenience,2023-07-09,"Gültig ab morgen bis Samstag, 15.07.2023"
Bresso Feine Kräuter,https://img.rewe-static.de/REWE28_2023/0396707/3684540-43_digital-image.png?impolicy=s-offers&imwidth=200&output-format=image/webp,,https://shop.rewe.de/p/bresso-frischkaese-feine-kraeuter-8x15g/396707,,"60% Fett i.Tr. , je 120-g-Pckg , (1 kg = 11.58)",Aktion,"1,39 €","ProduktbeschreibungArtikelnummer 396707BRESSO steht für unbeschwerten Frischkäse-Genuss & provenzalisch-mediterrane Lebensweise. Eine Frischkäse-Spezialität mit feinen Kräutern veredelt und mit Knoblauch raffiniert abgerundet – unser Klassiker unter den BRESSO Frischkäse-Portionen – mit aromatischer Geschmacksnote. Als Packung mit acht praktischen Portionen erhältlich.Zutaten & AllergeneZutaten: FRISCHKÄSE (pasteurisierte KUHMILCH, pasteurisierte SAHNE/RAHM), Speisesalz, Knoblauch, Kräuter, Pfeffer, Konservierungsstoff (Kaliumsorbat). Dieser Frischkäse kann Spuren von Schalenfrüchten und Ziegenmilch enthalten.Allergenhinweise: Frischkäse, Kuhmilch, Sahne/RahmEnthält: Milch und Milcherzeugnisse (einschließlich Lactose). Kann enthalten: Nüsse und Nusserzeugnisse.NährwerteDurchschnittliche NährwerteUnzubereitet pro 100 gEnergie1.391 kJEnergie337 kcalFett32 gFett, davon gesättigte Fettsäuren23 gKohlenhydrate3 gKohlenhydrate, davon Zucker2,4 gEiweiß9,2 gSalz1,2 gHinweiseAufbewahrungs- und Verwendungshinweis: Bei +2°C bis +8°C mindestens haltbar bis: siehe VerpackungsaufdruckInformation: DoppelrahmstufeArtikeldetailsMarke: BressoUrsprungsland: FrankreichKontaktKontaktname: FromarsacKontaktadresse: Marsac sur L'Isle, 24052 Périgueux, Cedex 9, FranceMaximale Bestellmenge: 15 StückFür die vorstehenden Angaben wird keine Haftung übernommen. Bitte prüfen Sie im Einzelfall die Angaben auf der jeweiligen Produktverpackung, nur diese sind verbindlich.Das Produktdesign kann von der Abbildung abweichen.",Am Grünen Hag 2,Rewe,Frische & Convenience,2023-07-09,"Gültig ab morgen bis Samstag, 15.07.2023"
Rana Tortelloni,https://img.rewe-static.de/REWE28_2023/8657317/33918696-8_digital-image.png?impolicy=s-offers&imwidth=200&output-format=image/webp,,https://shop.rewe.de/p/bresso-frischkaese-feine-kraeuter-8x15g/396707,,"versch. Sorten , je 250-g-Pckg , (1 kg = 10.76)",Aktion,"2,69 €","b'ProduktbeschreibungArtikelnummer 8657317Zutaten & AllergeneZutaten: F\xc3\x9cLLUNG 53%: Basilikum Pesto 35%,(Sonnenblumen\xc3\xb6l, Basilikum 27% Pecorino Romano g.U. (gesch\xc3\xbctzte Ursprungsbezeichnung) K\xc3\x84SE 14%, KACHUN\xc3\x9cSSE, geriebener K\xc3\x84SE, Kochsalz, Pinienkerne 3%), Ricotta 33% (MOLKE, MILCH, Kochsalz), Pflanzenfasern (Mais und Kartoffeln) Mozzarella K\xc3\x84SE, Paniermehl (WeichWEIZENmehl, Wasser, Kochsalz, Hefe), LAKTOSE, St\xc3\xa4rke, nat\xc3\xbcrliche Aromen (enth\xc3\xa4lt GERSTE). TEIGWAREN 47%: WeichWEIZENmehl, EIER 30%,HartWEIZENgrie\xc3\x9f. Hergestellt in einem Werk, das auch SCHALENFR\xc3\x9cCHTE, FISCHE, KREBSTIERE, WICHTIERE, SOJABOHNEN und SELLERIE verwendet.Allergenhinweise: Enth\xc3\xa4lt: Glutenhaltiges Getreide und glutenhaltige Getreideerzeugnisse. Milch und Milcherzeugnisse (einschlie\xc3\x9flich Lactose). N\xc3\xbcsse und Nusserzeugnisse. Eier und Eierzeugnisse. Kann enthalten: Krebstiere und Krebstiererzeugnisse. Weichtiere und Weichtiererzeugnisse. Fisch und Fischerzeugnisse. Soja und Sojaerzeugnisse. Sellerie und Sellerieerzeugnisse.N\xc3\xa4hrwerteDurchschnittliche N\xc3\xa4hrwerteUnzubereitet pro 100 gEnergie1.225 kJEnergie292 kcalFett12 gFett, davon ges\xc3\xa4ttigte Fetts\xc3\xa4uren3,1 gKohlenhydrate32 gKohlenhydrate, davon Zucker4,1 gBallaststoffe6,2 gEiwei\xc3\x9f11 gSalz0,98 gHinweiseAufbewahrungs- und Verwendungshinweis: Im K\xc3\xbchlschrank bei +4\xc2\xb0C bis max. +7\xc2\xb0C aufbewahren. Nach dem \xc3\x96ffnen innerhalb von 3 Tagen verbrauchen.Information: Unter Schutzatmosph\xc3\xa4re verpackt.ArtikeldetailsMarke: Giovanni RanaUrsprungsland: ItalienKontaktKontaktname: Pastificio RANA S.p.A.Kontaktadresse: Via Pacinotti, 25 - 37057 San Giovanni Lupatoto (VR) - ItaliaMaximale Bestellmenge: 15 St\xc3\xbcckF\xc3\xbcr die vorstehenden Angaben wird keine Haftung \xc3\xbcbernommen. Bitte pr\xc3\xbcfen Sie im Einzelfall die Angaben auf der jeweiligen Produktverpackung, nur diese sind verbindlich.Das Produktdesign kann von der Abbildung abweichen.'",Am Grünen Hag 2,Rewe,Frische & Convenience,2023-07-09,"Gültig ab morgen bis Samstag, 15.07.2023"
Homann Kartoffel- oder Pellkartoffelsalat,https://img.rewe-static.de/REWE28_2023/8698632/34937248-11_digital-image.png?impolicy=s-offers&imwidth=200&output-format=image/webp,,https://shop.rewe.de/p/homann-feiner-pellkartoffel-salat-400g/8698632,,"versch. Sorten , je 400-g-Pckg , (1 kg = 4.23)",Aktion,"1,69 €","ProduktbeschreibungArtikelnummer 8698632Zutaten & AllergeneZutaten: 62% Kartoffeln, Rapsöl, 8% HÜHNEREIER, 6% Gurken, Wasser, Zucker, Branntweinessig, 2% Zwiebeln, Speisesalz, HÜHNEREIGELB, Säureregulatoren: Calciumchlorid und Natriumacetate, Sahne (MILCH), Konservierungsstoff: Kaliumsorbat, Stärke, Gewürze (enthält SENF), färbendes Lebensmittel: Karottenkonzentrat, Verdickungsmittel: Guarkernmehl, Säuerungsmittel: Citronensäure, Antioxidationsmittel: Ascorbinsäure, Stabilisator: Carrageen. Kann Spuren von Erdnüssen, Fischen, glutenhaltiges Getreide, Krebstieren, Schalenfrüchten, Sellerie, Sesamsamen und Sojabohnen enthalten.Allergenhinweise: Enthält: Eier und Eierzeugnisse. Milch und Milcherzeugnisse (einschließlich Lactose). Senf- und Senferzeugnisse. Kann enthalten: Erdnüsse und Erdnusserzeugnisse. Glutenhaltiges Getreide und glutenhaltige Getreideerzeugnisse. Nüsse und Nusserzeugnisse. Sellerie und Sellerieerzeugnisse. Sesamsamen und Sesamsamenerzeugnisse. Soja und Sojaerzeugnisse. Weizen und Weizenerzeugnisse (glutenhaltiges Getreide). Fisch und Fischerzeugnisse.NährwerteDurchschnittliche NährwerteUnzubereitet pro 100 gEnergie770 kJEnergie185 kcalFett13,2 gFett, davon gesättigte Fettsäuren1,2 gKohlenhydrate12,8 gKohlenhydrate, davon Zucker3 gEiweiß2,6 gSalz1,3 gHinweiseAufbewahrungs- und Verwendungshinweis: Gekühlt bei max. +7°CArtikeldetailsMarke: HomannUrsprungsland: NiederlandeKontaktKontaktname: Signature Foods Deutschland GmbHKontaktadresse: Winkelhausenstraße 10, 49090 OsnabrückMaximale Bestellmenge: 15 StückFür die vorstehenden Angaben wird keine Haftung übernommen. Bitte prüfen Sie im Einzelfall die Angaben auf der jeweiligen Produktverpackung, nur diese sind verbindlich.Das Produktdesign kann von der Abbildung abweichen.",Am Grünen Hag 2,Rewe,Frische & Convenience,2023-07-09,"Gültig ab morgen bis Samstag, 15.07.2023"
Alta Badia,https://img.rewe-static.de/REWE28_2023/0351001/26962937-8_digital-image.png?impolicy=s-offers&imwidth=200&output-format=image/webp,,https://shop.rewe.de/p/homann-feiner-pellkartoffel-salat-400g/8698632,,"ital. Hartkäse, mind. 50% Fett i.Tr. , je 100 g",Aktion,"1,99 €","b'ProduktbeschreibungArtikelnummer 351001Frisch f\xc3\xbcr dich aus unserer Servicetheke. \n \nZutaten: pasteurisierte MILCH, Salz, MILCHS\xc3\x84UREBAKTERIEN, tierisches Lab, Konservierungsstoff: LYSOZYM (aus EI), Natamycin, Farbstoff: AMMONSULFITZUCKERKUL\xc3\x96R \n \nLaktosefrei* \n*Laktosegehalt: unter 0, 1g/100g \n \nRinde nicht zum Verzehr geeignet! \n \nN\xc3\xa4hrwerte je 100g: \nEnergie: 1704kJ \nEnergie: 411kcal \nFett: 33,5g \nFett, davon ges\xc3\xa4ttigte Fetts\xc3\xa4uren: 24,1g \nKohlenhydrate: 0,1g \nKohlenhydrate, davon Zucker: 0,1g \nEiwei\xc3\x9f: 27,3g \nSalz: 1,7g ArtikeldetailsEigenschaften: LaktosefreiMaximale Bestellmenge: 15 St\xc3\xbcckF\xc3\xbcr die vorstehenden Angaben wird keine Haftung \xc3\xbcbernommen. Bitte pr\xc3\xbcfen Sie im Einzelfall die Angaben auf der jeweiligen Produktverpackung, nur diese sind verbindlich.Das Produktdesign kann von der Abbildung abweichen.'",Am Grünen Hag 2,Rewe,Frische & Convenience,2023-07-09,"Gültig ab morgen bis Samstag, 15.07.2023"
Campofrio Serrano-Schinken,https://img.rewe-static.de/REWE28_2023/0515409/31641266-6_digital-image.png?impolicy=s-offers&imwidth=200&output-format=image/webp,,https://shop.rewe.de/p/homann-feiner-pellkartoffel-salat-400g/8698632,,je 100 g,Aktion,"2,19 €","b'ProduktbeschreibungArtikelnummer 515409Frisch f\xc3\xbcr dich aus unserer Servicetheke. \n \nZutaten: Schweinefleisch, Salz, Konservierungsstoff: Kaliumnitrat, Natriumnitrit. \n \nN\xc3\xa4hrwerte je 100g: \nEnergie: 889kJ \nEnergie: 2120kcal \nFett: 10g \nFett, davon ges\xc3\xa4ttigte Fetts\xc3\xa4uren: 3,8g \nKohlenhydrate: 0,5g \nKohlenhydrate, davon Zucker: 0,5g \nEiwei\xc3\x9f: 30g \nSalz: 5g Zutaten & AllergeneAllergenhinweise: nullN\xc3\xa4hrwerteDurchschnittliche N\xc3\xa4hrwerteUnzubereitet pro 100 gEnergie889 kJEnergie212 kcalFett10 gFett, davon ges\xc3\xa4ttigte Fetts\xc3\xa4uren3,8 gKohlenhydrate0,5 gKohlenhydrate, davon Zucker0,5 gEiwei\xc3\x9f30 gSalz5 gArtikeldetailsMarke: CampofrioMaximale Bestellmenge: 15 St\xc3\xbcckF\xc3\xbcr die vorstehenden Angaben wird keine Haftung \xc3\xbcbernommen. Bitte pr\xc3\xbcfen Sie im Einzelfall die Angaben auf der jeweiligen Produktverpackung, nur diese sind verbindlich.Das Produktdesign kann von der Abbildung abweichen.'",Am Grünen Hag 2,Rewe,Frische & Convenience,2023-07-09,"Gültig ab morgen bis Samstag, 15.07.2023"
Galbani Mozzarella Mini,https://img.rewe-static.de/REWE28_2023/0594382/965610-29_digital-image.png?impolicy=s-offers&imwidth=200&output-format=image/webp,,https://shop.rewe.de/p/homann-feiner-pellkartoffel-salat-400g/8698632,,"38% Fett i.Tr. , je 260-g-Pckg , (1 kg = 13.27) , 150-g-Abtropfgew.",Aktion,"1,99 €","b'ProduktbeschreibungArtikelnummer 594382Zutaten & AllergeneZutaten: pasteurisierte KuhMILCH, Lab, Salz, S\xc3\xa4uerungsmittel:Zitronens\xc3\xa4ureAllergenhinweise: Enth\xc3\xa4lt: Milch und Milcherzeugnisse (einschlie\xc3\x9flich Lactose).N\xc3\xa4hrwerteDurchschnittliche N\xc3\xa4hrwerteUnzubereitet pro 100 gEnergie819 kJEnergie197 kcalFett13,5 gFett, davon ges\xc3\xa4ttigte Fetts\xc3\xa4uren9,4 gKohlenhydrate1,3 gKohlenhydrate, davon Zucker0,6 gEiwei\xc3\x9f17,5 gSalz0,6 gHinweiseAufbewahrungs- und Verwendungshinweis: bei 8\xc2\xb0C mindestens haltbar bis: siehe VerpackungsaufdruckArtikeldetailsMarke: GalbaniNettof\xc3\xbcllmenge: 260 GUrsprungsland: ItalienAbtropfgewicht: 150 gKontaktKontaktname: Lactalis Deutschland GmbHKontaktadresse: Am Yachthafen 2, 77694 KehlMaximale Bestellmenge: 15 St\xc3\xbcckF\xc3\xbcr die vorstehenden Angaben wird keine Haftung \xc3\xbcbernommen. Bitte pr\xc3\xbcfen Sie im Einzelfall die Angaben auf der jeweiligen Produktverpackung, nur diese sind verbindlich.Das Produktdesign kann von der Abbildung abweichen.'",Am Grünen Hag 2,Rewe,Frische & Convenience,2023-07-09,"Gültig ab morgen bis Samstag, 15.07.2023"
Landliebe Sahnepudding,https://img.rewe-static.de/REWE28_2023/2861852/1862900-49_digital-image.png?impolicy=s-offers&imwidth=200&output-format=image/webp,,https://shop.rewe.de/p/landliebe-sahnepudding-schokolade-150g/2861852,,"Schokolade , je 150-g-Becher , (1 kg = 3.27)",Aktion,"0,49 €","ProduktbeschreibungArtikelnummer 2861852Zutaten & AllergeneZutaten: 82% SAHNE, 9% Schokoladenpulver (Zucker, Kakao*), Zucker, modifizierte Stärke, 0,9% fettarmer Kakao*, Stärke.Allergenhinweise: Enthält: Milch und Milcherzeugnisse (einschließlich Lactose).NährwerteDurchschnittliche NährwerteUnzubereitet pro 100 gEnergie680 kJEnergie163 kcalFett8,8 gFett, davon gesättigte Fettsäuren6 gKohlenhydrate17 gKohlenhydrate, davon Zucker14 gEiweiß3,3 gSalz0,11 gHinweiseAufbewahrungs- und Verwendungshinweis: Bei +8 °C mindestens haltbar bis: siehe Deckel.Information: * Rainforest Alliance-zertifizierter Kakao. Weitere Informationen unter ra.org.ArtikeldetailsMarke: LandliebeUrsprungsland: DeutschlandSorte: SchokoladeKontaktKontaktname: Landliebe Molkereiprodukte GmbHKontaktadresse: 74078 Heilbronn DEUTSCHLANDMaximale Bestellmenge: 15 StückFür die vorstehenden Angaben wird keine Haftung übernommen. Bitte prüfen Sie im Einzelfall die Angaben auf der jeweiligen Produktverpackung, nur diese sind verbindlich.Das Produktdesign kann von der Abbildung abweichen.",Am Grünen Hag 2,Rewe,Kühlung,2023-07-09,"Gültig ab morgen bis Samstag, 15.07.2023"
Landliebe Vollmilchpudding,https://img.rewe-static.de/REWE28_2023/8395149/37709425-7_digital-image.png?impolicy=s-offers&imwidth=200&output-format=image/webp,,https://shop.rewe.de/p/landliebe-meine-auszeit-vollmilchpudding-schoko-225g/8395149,,"Schoko , je 225-g-Becher , (1 kg = 2.18)",Aktion,"0,49 €","ProduktbeschreibungArtikelnummer 8395149Zutaten & AllergeneZutaten: 86% VOLLMILCH, Zucker, 4 % Schokoladenpulver (Zucker, Kakao), modifizierte Stärke, 1,5 % fettarmer Kakao, Stärke.Allergenhinweise: Enthält: Milch und Milcherzeugnisse (einschließlich Lactose).NährwerteDurchschnittliche NährwerteUnzubereitet pro 100 gEnergie442 kJEnergie105 kcalFett3,7 gFett, davon gesättigte Fettsäuren2,5 gKohlenhydrate14 gKohlenhydrate, davon Zucker11 gEiweiß3,5 gSalz0,15 gHinweiseAufbewahrungs- und Verwendungshinweis: Ungeöffnet bei +8°C mindestens haltbar bis: siehe Deckel.ArtikeldetailsMarke: LandliebeUrsprungsland: DeutschlandKontaktKontaktname: Landliebe Molkereiprodukte GmbHKontaktadresse: 74078 Heilbronn DEUTSCHLANDMaximale Bestellmenge: 15 StückFür die vorstehenden Angaben wird keine Haftung übernommen. Bitte prüfen Sie im Einzelfall die Angaben auf der jeweiligen Produktverpackung, nur diese sind verbindlich.Das Produktdesign kann von der Abbildung abweichen.",Am Grünen Hag 2,Rewe,Kühlung,2023-07-09,"Gültig ab morgen bis Samstag, 15.07.2023"
Landliebe Joghurt,https://img.rewe-static.de/REWE28_2023/6737188/7396340-14_digital-image.png?impolicy=s-offers&imwidth=200&output-format=image/webp,,https://shop.rewe.de/p/landliebe-cremiger-joghurt-mild-500g/6737188,,"versch. Sorten , je 500-g-Glas , (1 kg = 1.98) , zzgl. 0.15 Pfand",Aktion,"0,99 €","ProduktbeschreibungArtikelnummer 6737188Zutaten & AllergeneZutaten: Joghurt mildAllergenhinweise: Enthält: Milch und Milcherzeugnisse (einschließlich Lactose).NährwerteDurchschnittliche NährwerteUnzubereitet pro 100 gEnergie336 kJEnergie80 kcalFett3,8 gFett, davon gesättigte Fettsäuren2,6 gKohlenhydrate6,2 gKohlenhydrate, davon Zucker6,2 gEiweiß5,3 gSalz0,1 gHinweiseAufbewahrungs- und Verwendungshinweis: Bei +8 °C mindestens haltbar bis:siehe VerpackungsaufdruckArtikeldetailsMarke: LandliebeUrsprungsland: DeutschlandKontaktKontaktname: Landliebe Molkereiprodukte GmbHKontaktadresse: 74078 Heilbronn DEUTSCHLANDMaximale Bestellmenge: 15 StückFür die vorstehenden Angaben wird keine Haftung übernommen. Bitte prüfen Sie im Einzelfall die Angaben auf der jeweiligen Produktverpackung, nur diese sind verbindlich.Das Produktdesign kann von der Abbildung abweichen.",Am Grünen Hag 2,Rewe,Kühlung,2023-07-09,"Gültig ab morgen bis Samstag, 15.07.2023"
Alpro Mandel Drink,https://img.rewe-static.de/REWE28_2023/3215020/26398683-18_digital-image.png?impolicy=s-offers&imwidth=200&output-format=image/webp,,https://shop.rewe.de/p/alpro-mandel-drink-ohne-zucker-ungeroestet-vegan-1l/3215020,,"versch. Sorten , je 1-l-Pckg",Aktion,"1,99 €","ProduktbeschreibungArtikelnummer 3215020FEINER MARZIPAN-GESCHMACK. Unser Drink schmeckt frisch und cremig mit Mandeln, die aus Italien und Spanien kommen. Ungeröstet behalten sie ihr ursprünglich feines Aroma. Ein EINZIGARTIGES MANDELERLEBNIS nach italienischer Art. Ein Genuss zu Müsli oder gekühlt im Glas. DRINK – ALMOND – UNROASTED – NS – SD – LONG – SIG2 Mit CALCIUM und Vitamin D2, die zur Erhaltung der Knochen beitragen. Von Natur aus FETTARM. Außerdem OHNE ein einzigesg ZUCKER! VOR ALLEM DURCH REGEN BEWÄSSERT, verbraucht 8-mal weniger Wasser als herkömmlich bewässerte Mandeln.* *Werte basieren auf einer Ökobilanz des Alpro Mandeldrinks vs. Milch in der EU, (Expertengutachten: Quantis 2021). Unsere Mandeln verbrauchen 80% des für die Herstellung dieses Produktes benötigten Wassers. Unsere Mandeln brauchen mehr Land als herkömmlich bewässerte Mandeln. Ihr Wasserbedarf wird mindestens zu 2/3 durch Regen abgedeckt. Mehr auf alpro.com/planetZutaten & AllergeneZutaten: Wasser, MANDELN (2,3%), Calcium (Tricalciumphosphat), Meersalz, Stabilisatoren (Johannisbrotkernmehl, Gellan), Emulgator (Lecithine), natürliches Aroma, Vitamine (B2, B12, E, D2). Mandeln aus Italien und Spanien. Kann Spuren von Schalenfrüchten (keine Erdnüsse) enthalten.Allergenhinweise: MANDELNEnthält: Nüsse und Nusserzeugnisse.NährwerteDurchschnittliche NährwerteUnzubereitet pro 100 mlEnergie56 kJEnergie13 kcalFett1,1 gFett, davon gesättigte Fettsäuren0,1 gFett, davon einfach ungesättigte Fettsäuren0,8 gFett, davon mehrfach ungesättigte Fettsäuren0,2 gKohlenhydrate0 gKohlenhydrate, davon Zucker0 gBallaststoffe0,2 gEiweiß0,5 gSalz0,14 gVitamin D0,75 µgVitamin E1,8 mgVitamin C0 mgThiamin0,09 mgRiboflavin0,21 mgCalcium120 mgNatrium0,06 gVitamin B120,38 µgLaktose0 gHinweiseAufbewahrungs- und Verwendungshinweis: Mindestens haltbar bis: siehe Oberseite. Nach Anbruch 5 Tage im Kühlschrank haltbar (+1°C bis +7°C). Gut schütteln.Information: Ohne ZuckerArtikeldetailsMarke: AlproEigenschaften: Laktosefrei, VeganUrsprungsland: GrossbritannienServiervorschlag: 100% pflanzlich.KontaktKontaktname: Danone Deutschland GmbHKontaktadresse: Postfach 100359, 60003 FrankfurtFür die vorstehenden Angaben wird keine Haftung übernommen. Bitte prüfen Sie im Einzelfall die Angaben auf der jeweiligen Produktverpackung, nur diese sind verbindlich.Das Produktdesign kann von der Abbildung abweichen.",Am Grünen Hag 2,Rewe,Kühlung,2023-07-09,"Gültig ab morgen bis Samstag, 15.07.2023"
Meggle Kräuter-Tube Vegan,https://img.rewe-static.de/REWE28_2023/7814816/35135529-6_digital-image.png?impolicy=s-offers&imwidth=200&output-format=image/webp,,https://shop.rewe.de/p/meggle-kraeuter-tube-vegan-80ml/7814816,,"je 80-ml-Tube , (1 l = 18.63)",Aktion,"1,49 €","ProduktbeschreibungArtikelnummer 7814816Zutaten & AllergeneZutaten: Pflanzliche Öle und Fette (Raps, Kokos, Shea, in veränderlichen Gewichtsanteilen), Wasser, Zwiebeln 11%, Petersilie 6%, Knoblauch 4%, Salz, Stärke, Gewürze, Kräuter, Zitronensaftkonzentrat, Emulgatoren: Lecithin (SOJA), Mono- und Diglyceride von Speisefettsäuren; natürliches Knoblaucharoma, Farbstoff: Beta-Carotin.NährwerteDurchschnittliche NährwerteUnzubereitet pro 100 gEnergie2.092 kJEnergie509 kcalFett55 gFett, davon gesättigte Fettsäuren16 gKohlenhydrate2,3 gKohlenhydrate, davon Zucker0,9 gEiweiß0,6 gSalz1,9 gHinweiseAufbewahrungs- und Verwendungshinweis: Kühlung bei < 10 °C ohne UnterbrechungArtikeldetailsMarke: MeggleEigenschaften: Vegan, LaktosefreiUrsprungsland: DeutschlandKontaktKontaktname: MEGGLE GmbH & Co. KGKontaktadresse: Megglestr. 6-12 83512 WasserburgFür die vorstehenden Angaben wird keine Haftung übernommen. Bitte prüfen Sie im Einzelfall die Angaben auf der jeweiligen Produktverpackung, nur diese sind verbindlich.Das Produktdesign kann von der Abbildung abweichen.",Am Grünen Hag 2,Rewe,Kühlung,2023-07-09,"Gültig ab morgen bis Samstag, 15.07.2023"
Meggle Kräuter-Butter,https://img.rewe-static.de/REWE28_2023/4529472/7395990-34_digital-image.png?impolicy=s-offers&imwidth=200&output-format=image/webp,,https://shop.rewe.de/p/meggle-kraeuterbutter-portioniert-5x20g/4529472,,"je 5 x 20-g-Pckg , (1 kg = 14.90)",Aktion,"1,49 €","ProduktbeschreibungArtikelnummer 4529472Zutaten & AllergeneZutaten: BUTTER, Zwiebeln, Petersilie 6%, Knoblauch 3%, Salz, Kräuter, Gewürze, Stärke, Zitronensaft*, natürliches Knoblaucharoma. *aus KonzentratAllergenhinweise: Enthält: Milch und Milcherzeugnisse (einschließlich Lactose).NährwerteDurchschnittliche NährwerteUnzubereitet pro 100 gEnergie2.377 kJEnergie578 kcalFett62 gFett, davon gesättigte Fettsäuren40 gKohlenhydrate3,3 gKohlenhydrate, davon Zucker2,4 gBallaststoffe0,6 gEiweiß1,2 gSalz2,1 gNatrium0,85 gHinweiseAufbewahrungs- und Verwendungshinweis: Kühlung bei < 10 °C ohne Unterbrechung oder tiefgekühlt (≤-18 °C)ArtikeldetailsMarke: MeggleUrsprungsland: DeutschlandPackungsgröße: 5x20gKontaktKontaktname: MEGGLE GmbH & Co. KGKontaktadresse: Megglestr. 6-1283512 WasserburgMaximale Bestellmenge: 15 StückFür die vorstehenden Angaben wird keine Haftung übernommen. Bitte prüfen Sie im Einzelfall die Angaben auf der jeweiligen Produktverpackung, nur diese sind verbindlich.Das Produktdesign kann von der Abbildung abweichen.",Am Grünen Hag 2,Rewe,Kühlung,2023-07-09,"Gültig ab morgen bis Samstag, 15.07.2023"
Cheestrings Original,https://img.rewe-static.de/REWE28_2023/7033238/26586529-15_digital-image.png?impolicy=s-offers&imwidth=200&output-format=image/webp,,https://shop.rewe.de/p/cheestrings-original-kaesestangen-4x20g/7033238,,"je 4 x 20-g-Pckg , (1 kg = 21.13)",Aktion,"1,69 €","ProduktbeschreibungArtikelnummer 7033238Zutaten & AllergeneZutaten: MILCH (96%), Salz, Säureregulatoren (Citronensäure, Milchsäure), Mikrobieller Labersatzstoff, Starterkulturen (MILCH), Vitamin B6, Vitamin B12.Allergenhinweise: Enthält: Milch und Milcherzeugnisse (einschließlich Lactose).NährwerteDurchschnittliche NährwerteUnzubereitet pro 100 gEnergie1.264 kJEnergie304 kcalFett22,5 gFett, davon gesättigte Fettsäuren14,2 gKohlenhydrate2,5 gKohlenhydrate, davon Zucker1 gEiweiß23 gSalz1,8 gHinweiseAufbewahrungs- und Verwendungshinweis: Bei 4-8°C mindestens haltbar bis: siehe VerpackungsaufdruckArtikeldetailsMarke: CheestringsUrsprungsland: IrlandKontaktKontaktname: Privatmolkerei Bauer GmbH & Co. KGKontaktadresse: 83512 Wasserburg/InnMaximale Bestellmenge: 15 StückFür die vorstehenden Angaben wird keine Haftung übernommen. Bitte prüfen Sie im Einzelfall die Angaben auf der jeweiligen Produktverpackung, nur diese sind verbindlich.Das Produktdesign kann von der Abbildung abweichen.",Am Grünen Hag 2,Rewe,Kühlung,2023-07-09,"Gültig ab morgen bis Samstag, 15.07.2023"
Milram Müritzer Scheiben,https://img.rewe-static.de/REWE28_2023/7215406/27484152-9_digital-image.png?impolicy=s-offers&imwidth=200&output-format=image/webp,,https://shop.rewe.de/p/milram-mueritzer-original-cremig-wuerzig-laktosefrei-150g/7215406,,"Schnittkäse, 55% Fett i.Tr. , je 150-g-Pckg , (1 kg = 9.93)",Knaller,"1,49 €","ProduktbeschreibungArtikelnummer 7215406Zutaten & AllergeneZutaten: pasteurisierte KUHMILCH, Speisesalz, Säuerungskulturen, mikrobielles Lab, Farbstoff: Carotin, Annatto Norbixin(pflanzlicher Farbstoff)Allergenhinweise: Enthält: Milch und Milcherzeugnisse (einschließlich Lactose).NährwerteDurchschnittliche NährwerteUnzubereitet pro 100 gEnergie1.599 kJEnergie386 kcalFett33 gFett, davon gesättigte Fettsäuren22,8 gKohlenhydrate< 0,1 gKohlenhydrate, davon Zucker< 0,1 gEiweiß21 gSalz1,8 gCalcium650 mgHinweiseAufbewahrungs- und Verwendungshinweis: Ungeöffnet bei +4°C bis +8°C mindestens haltbar bis: Nach dem Öffnen kühl lagern und innerhalb weniger Tage verbrauchen.Information: unter Schutzatmosphäre verpackt.ArtikeldetailsMarke: MilramEigenschaften: LaktosefreiUrsprungsland: DeutschlandKontaktKontaktname: DMK GmbHKontaktadresse: 27400 ZevenMaximale Bestellmenge: 15 StückFür die vorstehenden Angaben wird keine Haftung übernommen. Bitte prüfen Sie im Einzelfall die Angaben auf der jeweiligen Produktverpackung, nur diese sind verbindlich.Das Produktdesign kann von der Abbildung abweichen.",Am Grünen Hag 2,Rewe,Kühlung,2023-07-09,"Gültig ab morgen bis Samstag, 15.07.2023"
"Rama zum Streichen, Backen & Kochen",https://img.rewe-static.de/REWE28_2023/8826343/36666364-10_digital-image.png?impolicy=s-offers&imwidth=200&output-format=image/webp,,https://shop.rewe.de/p/rama-100-natuerliche-zutaten-400g/8826343,,"je 400-g-Becher , (1 kg = 2.98)",Knaller,"1,19 €","ProduktbeschreibungArtikelnummer 8826343100% natürliche Zutaten, 100% Pflanzlich, 
Gern kühl lagern. Mit 100% natürlichen Zutaten ist Rama auch kühlschrankkalt immer einsatzbereit.Zutaten & AllergeneZutaten: pflanzliche Öle und Fette (Raps, Palm, Sonnenblumen in veränderlichen Gewichtsanteilen), Trinkwasser, Speisesalz (0.5%), Emulgatoren (Lecithine, Mono- und Diglyceride von Speisefettsäuren), natürliche Aromen, Säuerungsmittel (Citronensäure), Vitamine (A, D, E), Farbstoff (Carotin).NährwerteDurchschnittliche NährwerteUnzubereitet pro 100 gEnergie2.235 kJEnergie536 kcalFett60 gFett, davon gesättigte Fettsäuren21 gKohlenhydrate< 0,5 gKohlenhydrate, davon Zucker< 0,5 gEiweiß< 0,5 gSalz0,5 gVitamin A800 µgVitamin D7,5 µgVitamin E9,2 mgHinweiseAufbewahrungs- und Verwendungshinweis: Beste Lagerung zwischen +2°C und +15 °C.ArtikeldetailsMarke: RamaUrsprungsland: DeutschlandKontaktKontaktname: Upfield Deutschland GmbHKontaktadresse: Postfach 10 25 27 20017 HamburgMaximale Bestellmenge: 15 StückFür die vorstehenden Angaben wird keine Haftung übernommen. Bitte prüfen Sie im Einzelfall die Angaben auf der jeweiligen Produktverpackung, nur diese sind verbindlich.Das Produktdesign kann von der Abbildung abweichen.",Am Grünen Hag 2,Rewe,Kühlung,2023-07-09,"Gültig ab morgen bis Samstag, 15.07.2023"
Ehrmann Almighurt,https://img.rewe-static.de/REWE28_2023/7659300/9176090-16_digital-image.png?impolicy=s-offers&imwidth=200&output-format=image/webp,,https://shop.rewe.de/p/rama-100-natuerliche-zutaten-400g/8826343,,"versch. Sorten , je 150-g-Becher , (1 kg = 2.20)",Knaller,"0,33 €","b'ProduktbeschreibungArtikelnummer 7659300Erlesene Fruchtzubereitung aus Deutschland.Gute Allg\xc3\xa4uer Milch von Familienh\xc3\xb6fen.Zutaten & AllergeneZutaten: JOGHURT mild, Zucker, Heidelbeeren 6,8%, modifizierte St\xc3\xa4rke, f\xc3\xa4rbendes Pflanzenkonzentrat (Karotte), Verdickungsmittel (Pektine, Guarkernmehl), Aroma. Ohne Konservierungsstoffe.Allergenhinweise: Enth\xc3\xa4lt: JoghurtEnth\xc3\xa4lt: Milch und Milcherzeugnisse (einschlie\xc3\x9flich Lactose). Milchzucker (Laktose).N\xc3\xa4hrwerteDurchschnittliche N\xc3\xa4hrwerteUnzubereitet pro 100 gEnergie389 kJEnergie92 kcalFett2,7 gFett, davon ges\xc3\xa4ttigte Fetts\xc3\xa4uren1,8 gKohlenhydrate14 gKohlenhydrate, davon Zucker13 gEiwei\xc3\x9f3 gSalz0,1 gHinweiseAufbewahrungs- und Verwendungshinweis: Bei max. +8 \xc2\xb0C mindestens haltbar bis: siehe DeckelArtikeldetailsMarke: EhrmannUrsprungsland: DeutschlandSorte: HeidelbeereKontaktKontaktname: Ehrmann GmbHKontaktadresse: A.-Ehrmann-Stra\xc3\x9fe 2, 87770 Obersch\xc3\xb6neggMaximale Bestellmenge: 15 St\xc3\xbcckF\xc3\xbcr die vorstehenden Angaben wird keine Haftung \xc3\xbcbernommen. Bitte pr\xc3\xbcfen Sie im Einzelfall die Angaben auf der jeweiligen Produktverpackung, nur diese sind verbindlich.Das Produktdesign kann von der Abbildung abweichen.'",Am Grünen Hag 2,Rewe,Kühlung,2023-07-09,"Gültig ab morgen bis Samstag, 15.07.2023"
Mövenpick Caffè Cappuccino,https://img.rewe-static.de/REWE28_2023/0021685/21145285-37_digital-image.png?impolicy=s-offers&imwidth=200&output-format=image/webp,,https://shop.rewe.de/p/moevenpick-caff-cappuccino-189ml/21685,,"koffeinhaltig , je 189-ml-Becher , (1 l = 4.71)",Aktion,"0,89 €","ProduktbeschreibungArtikelnummer 21685Für alle, die es gerne mild und schokoladig mögen, ist unser ""Iced Coffee Cappuccino"" genau das Richtige. Hier treffen feinste Hochland-Arabica-Bohnen auf Robusta-Bohnen, beste Milch und feinsten Kakao. Ein cremig-schokoladiger Eiskaffee - für echte Cappuccino-Freunde.Zutaten & AllergeneZutaten: 79% fettarme MILCH, 16% Kaffee (flüssiger Kaffee-Extrakt, Wasser), Zucker, 0,5% Kakaopulver, Verdickungsmittel Carrageen. Koffeingehalt: ca. 37 mg/100 mlAllergenhinweise: Enthält: Milch und Milcherzeugnisse (einschließlich Lactose).NährwerteDurchschnittliche NährwerteUnzubereitet pro 100 gEnergie277 kJEnergie66 kcalFett1,5 gFett, davon gesättigte Fettsäuren1 gKohlenhydrate9,4 gKohlenhydrate, davon Zucker8,9 gEiweiß3,6 gSalz0,1 gHinweiseAufbewahrungs- und Verwendungshinweis: Bei +8°C mindestens haltbar: siehe DeckelArtikeldetailsMarke: MövenpickUrsprungsland: DeutschlandSorte: CappuccinoKontaktKontaktname: Privatmolkerei BauerKontaktadresse: 83512 WasserburgMaximale Bestellmenge: 15 StückFür die vorstehenden Angaben wird keine Haftung übernommen. Bitte prüfen Sie im Einzelfall die Angaben auf der jeweiligen Produktverpackung, nur diese sind verbindlich.Das Produktdesign kann von der Abbildung abweichen.",Am Grünen Hag 2,Rewe,Kühlung,2023-07-09,"Gültig ab morgen bis Samstag, 15.07.2023"
Mövenpick Caffè Macchiato,https://img.rewe-static.de/REWE28_2023/2807955/969690-46_digital-image.png?impolicy=s-offers&imwidth=200&output-format=image/webp,,https://shop.rewe.de/p/moevenpick-caff-macchiato-190ml/2807955,,"koffeinhaltig , je 190-ml-Becher , (1 l = 4.68)",Aktion,"0,89 €","ProduktbeschreibungArtikelnummer 2807955Für alle, die es gerne mild und cremig mögen, ist unser ""Iced Coffee Macchiato"" genau das Richtige. Hier treffen feinste Hochland-Arabica-Bohnen auf Robusta-Bohnen und einen Schuss Vollmilch und kreieren so einen einzigartigen runden und harmonischen Milchkaffee.Zutaten & AllergeneZutaten: 79 % VOLLMILCH, 16% Kaffee (flüssiger Kaffee-Extrakt, Wasser), Zucker, Verdickungsmittel: Carrageen. Koffeingehalt: ca. 34 mg/100 mlAllergenhinweise: Enthält: Milch und Milcherzeugnisse (einschließlich Lactose).NährwerteDurchschnittliche NährwerteUnzubereitet pro 100 gEnergie351 kJEnergie82 kcalFett3,7 gFett, davon gesättigte Fettsäuren2,6 gKohlenhydrate9,2 gKohlenhydrate, davon Zucker8,8 gEiweiß3,4 gSalz0,1 gHinweiseAufbewahrungs- und Verwendungshinweis: Bei +8°C mindestens haltbar bis: siehe DeckelArtikeldetailsMarke: MövenpickUrsprungsland: DeutschlandSorte: MacchiatoKontaktKontaktname: Privatmolkerei BauerKontaktadresse: 83512 Wasserburg/InnMaximale Bestellmenge: 15 StückFür die vorstehenden Angaben wird keine Haftung übernommen. Bitte prüfen Sie im Einzelfall die Angaben auf der jeweiligen Produktverpackung, nur diese sind verbindlich.Das Produktdesign kann von der Abbildung abweichen.",Am Grünen Hag 2,Rewe,Kühlung,2023-07-09,"Gültig ab morgen bis Samstag, 15.07.2023"
Weihenstephan Butter oder die Streichzarte,https://img.rewe-static.de/REWE28_2023/5005051/24074982-44_digital-image.png?impolicy=s-offers&imwidth=200&output-format=image/webp,,https://shop.rewe.de/p/weihenstephan-butter-250g/5005051,,"versch. Sorten , je 250-g-Pckg , (1 kg = 6.36)",Aktion,"1,59 €","ProduktbeschreibungArtikelnummer 5005051Zutaten & AllergeneAllergenhinweise: Enthält: Milch und Milcherzeugnisse (einschließlich Lactose).NährwerteDurchschnittliche NährwerteUnzubereitet pro 100 gEnergie3.074 kJEnergie747 kcalFett82 gFett, davon gesättigte Fettsäuren55 gKohlenhydrate1 gKohlenhydrate, davon Zucker1 gEiweiß0,6 gSalz0,04 gHinweiseAufbewahrungs- und Verwendungshinweis: Bei maximal +8 °C mindestens haltbar bis: siehe Verpackungsaufdruck.ArtikeldetailsMarke: WeihenstephanUrsprungsland: DeutschlandKontaktKontaktname: Molkerei Weihenstephan GmbH & Co. KGKontaktadresse: Milchstr. 1, D-85354 FreisingMaximale Bestellmenge: 15 StückFür die vorstehenden Angaben wird keine Haftung übernommen. Bitte prüfen Sie im Einzelfall die Angaben auf der jeweiligen Produktverpackung, nur diese sind verbindlich.Das Produktdesign kann von der Abbildung abweichen.",Am Grünen Hag 2,Rewe,Kühlung,2023-07-09,"Gültig ab morgen bis Samstag, 15.07.2023"
Brunch Brotaufstrich,https://img.rewe-static.de/REWE28_2023/8864032/37520400-10_digital-image.png?impolicy=s-offers&imwidth=200&output-format=image/webp,,https://shop.rewe.de/p/brunch-natur-185g/8864032,,"versch. Sorten , je 185-g-Becher , (1 kg = 6.43)",Aktion,"1,19 €","ProduktbeschreibungArtikelnummer 8864032Brunch Natur. Genuss durch den unverwechselbaren Geschmack und die besonders cremige Textur. Ideal nicht nur zum Streichen sondern auch zum Kochen, Dippen und Backen.
Hergestellt mit Milch aus der Bodensee - Region.Zutaten & AllergeneZutaten: 66% RAHM, 28% MAGERMILCHJOGHURT, MILCHEIWEIß, Stärke, Speisesalz, Verdickungsmittel: Agar-Agar, Pektin.Allergenhinweise: MilchEnthält: Milch und Milcherzeugnisse (einschließlich Lactose).NährwerteDurchschnittliche NährwerteUnzubereitet pro 100 gEnergie907 kJEnergie219 kcalFett20 gFett, davon gesättigte Fettsäuren13 gKohlenhydrate4,5 gKohlenhydrate, davon Zucker3,3 gEiweiß5,3 gSalz0,7 gHinweiseAufbewahrungs- und Verwendungshinweis: D+A: Bei +2 bis +10°C mindestens haltbar bis: siehe Verpackungsaufdruck CH: Zu verbrauchen bis: siehe VerpackungsaufdruckArtikeldetailsMarke: BrunchUrsprungsland: DeutschlandKontaktKontaktname: Edelweiss GmbH & Co.KGKontaktadresse: D-87435 KemptenMaximale Bestellmenge: 15 StückFür die vorstehenden Angaben wird keine Haftung übernommen. Bitte prüfen Sie im Einzelfall die Angaben auf der jeweiligen Produktverpackung, nur diese sind verbindlich.Das Produktdesign kann von der Abbildung abweichen.",Am Grünen Hag 2,Rewe,Kühlung,2023-07-09,"Gültig ab morgen bis Samstag, 15.07.2023"
Müller Kalinka Kefir oder Ayran,https://img.rewe-static.de/REWE28_2023/2464084/36823096-10_digital-image.png?impolicy=s-offers&imwidth=200&output-format=image/webp,,https://shop.rewe.de/p/mueller-kalinka-fettarmer-kefir-mild-500g/2464084,,"je 500-g-Fl , (1 kg = 1.78)",Aktion,"0,89 €","ProduktbeschreibungArtikelnummer 2464084Zutaten & AllergeneAllergenhinweise: Enthält: Milch und Milcherzeugnisse (einschließlich Lactose).NährwerteDurchschnittliche NährwerteUnzubereitet pro 100 gEnergie193 kJEnergie46 kcalFett1,5 gFett, davon gesättigte Fettsäuren1 gKohlenhydrate4,1 gKohlenhydrate, davon Zucker4,1 gEiweiß3,4 gSalz0,12 gRiboflavin0,15 mgCalcium133 mgHinweiseAufbewahrungs- und Verwendungshinweis: Bei unter +8°C mindestens haltbar bis: siehe Deckelaufdruck.Information: Neben einer abwechslungsreichen und ausgewogenen Ernährung ist eine gesunde Lebensweise für Ihr Wohlbefinden wichtig.ArtikeldetailsMarke: MüllerUrsprungsland: DeutschlandKontaktKontaktname: Molkerei Alois Müller GmbH & Co. KGKontaktadresse: Zollerstraße 7, DE-86850 AretsriedMaximale Bestellmenge: 15 StückFür die vorstehenden Angaben wird keine Haftung übernommen. Bitte prüfen Sie im Einzelfall die Angaben auf der jeweiligen Produktverpackung, nur diese sind verbindlich.Das Produktdesign kann von der Abbildung abweichen.",Am Grünen Hag 2,Rewe,Kühlung,2023-07-09,"Gültig ab morgen bis Samstag, 15.07.2023"
Bertolli Brotaufstrich,https://img.rewe-static.de/REWE28_2023/4942531/3398660-52_digital-image.png?impolicy=s-offers&imwidth=200&output-format=image/webp,,https://shop.rewe.de/p/mueller-kalinka-fettarmer-kefir-mild-500g/2464084,,"mit mildem Olivenöl , je 250-g-Becher , (1 kg = 5.56)",Aktion,"1,39 €","b'ProduktbeschreibungArtikelnummer 4942531- Das Gute des Olivenbaums \n- Enth\xc3\xa4lt viele einfach unges\xc3\xa4ttigte Fetts\xc3\xa4uren \n- F\xc3\xbcr eine gesunde, ausgewogene Ern\xc3\xa4hrung. \n- Passt hervorragend zu herzhafen Brotbel\xc3\xa4gen \n- Aber auch zu S\xc3\xbc\xc3\x9fem, wie Marmelade oder Honig \n \nDas \xe2\x80\x9eGute des Olivenbaums\xe2\x80\x9c t\xc3\xa4glich aufs Brot! \nDer BERTOLLI Brotaufstrich enth\xc3\xa4lt viele einfach unges\xc3\xa4ttigte Fetts\xc3\xa4uren, die einen wichtigen Bestandteil der traditionellen mediterranen Ern\xc3\xa4hrung darstellen. \nDer BERTOLLI Brotaufstrich tr\xc3\xa4gt somit dem Trend nach einer gesunden und ausgewogenen Ern\xc3\xa4hrung Rechnung. \nEr passt hervorragend sowohl zu herzhaften Brotbel\xc3\xa4gen als auch zu S\xc3\xbc\xc3\x9fem, wie Marmelade oder Honig. Zu den beliebtesten Brotsorten geh\xc3\xb6ren Focaccia, Tramezzino, Ciabatta und Bruschetta. Die mediterranen Brotspezialit\xc3\xa4ten werden oft zusammen mit Tomaten, Oliven und anderen Leckereien als kleiner Imbiss f\xc3\xbcr zwischendurch gereicht. \nDie K\xc3\xbcche Italiens geh\xc3\xb6rt zu den bekanntesten und beliebtesten K\xc3\xbcchen der Welt. Vollkommen zu Recht, denn sie besticht durch ihre frischen Zutaten, ihren Abwechslungsreichtum und gilt zudem als gesund. Hier finden Sie typisch italienische K\xc3\xb6stlichkeiten, mit denen Sie sich \xe2\x80\x9ela Dolce Vita\xe2\x80\x9c in Ihr eigenes Zuhause holen k\xc3\xb6nnen. \n \nBERTOLLI Brotaufstrich ist in 250g und 500g Packungen erh\xc3\xa4ltlich.... mehr anzeigenDas Gute des OlivenbaumsZutaten & AllergeneZutaten: Trinkwasser, pflanzliche \xc3\x96le und Fette (Raps, Palm, Palm ganz geh\xc3\xa4rtet), 7,5% Oliven\xc3\xb6l, BUTTERMILCH, modifizierte St\xc3\xa4rke, Speisesalz (0,4%), Emulgatoren (Mono- und Diglyceride von Speisefetts\xc3\xa4uren, Lecithine), Konservierungsstoff (Kaliumsorbat), S\xc3\xa4uerungsmittel (Citronens\xc3\xa4ure), Aroma, Vitamine (A, D), Farbstoff (Carotin).Allergenhinweise: Enth\xc3\xa4lt: Milch und Milcherzeugnisse (einschlie\xc3\x9flich Lactose).N\xc3\xa4hrwerteDurchschnittliche N\xc3\xa4hrwerteUnzubereitet pro 100 gEnergie1.445 kJEnergie339 kcalFett38 gFett, davon ges\xc3\xa4ttigte Fetts\xc3\xa4uren9 gKohlenhydrate1,7 gKohlenhydrate, davon Zucker< 0,5 gEiwei\xc3\x9f< 0,5 gSalz0,4 gVitamin A800 \xc2\xb5gVitamin D7,5 \xc2\xb5gHinweiseAufbewahrungs- und Verwendungshinweis: Beste Lagerung zwischen +2\xc2\xb0C und +15\xc2\xb0CArtikeldetailsMarke: BertolliUrsprungsland: NiederlandePackungsgr\xc3\xb6\xc3\x9fe: 250gKontaktKontaktname: Upfield Deutschland GmbHKontaktadresse: Valentinskamp 88-90, 20355 HamburgMaximale Bestellmenge: 15 St\xc3\xbcckF\xc3\xbcr die vorstehenden Angaben wird keine Haftung \xc3\xbcbernommen. Bitte pr\xc3\xbcfen Sie im Einzelfall die Angaben auf der jeweiligen Produktverpackung, nur diese sind verbindlich.Das Produktdesign kann von der Abbildung abweichen.'",Am Grünen Hag 2,Rewe,Kühlung,2023-07-09,"Gültig ab morgen bis Samstag, 15.07.2023"
Dr. Oetker Sahne Pudding oder Rote Grütze,https://img.rewe-static.de/REWE28_2023/5905362/30785463-12_digital-image.png?impolicy=s-offers&imwidth=200&output-format=image/webp,,https://shop.rewe.de/p/dr-oetker-sahnepudding-schokolade-vollmilch-500g/5905362,,"je 500-g-Becher , (1 kg = 3.98)",Aktion,"1,99 €","ProduktbeschreibungArtikelnummer 5905362Unser Dr. Oetker Löffelglück Sahne Pudding Vollmilch-Schokolade ist ein beliebter Klassiker aus vollmundiger Sahne und echter Vollmilch-Schokolade. Seine sahnig-cremige Konsistenz und sein natürlicher, schokoladiger Geschmack machen ihn zum Lieblingsdessert, welches perfekt zu Früchten und Vanille-Soße kombiniert oder einfach pur genossen werden kann. Mit dem Löffelglück Sahne Pudding Vollmilch-Schokolade schenkst du dir oder deinen Liebsten einen Moment voll Genuss und ein Gefühl von Zuhause und Geborgenheit. Der Dr. Oetker Löffelglück Sahne Pudding Vollmilch-Schokolade im 500g Becher aus dem Kühlregal ist ideal für den großen Genussmoment und zum Teilen. Es gibt ihn auch im praktischen 200g Becher für zwischendurch oder als Nachtisch.Zutaten & AllergeneZutaten: 85% SAHNE, Zucker, modifizierte Stärke (Mais), 2,2% fettarmer Kakao, 1,5% VOLLMILCHSCHOKOLADE (Zucker, Kakaobutter, VOLLMILCHPULVER, Kakaomasse, MAGERMILCHPULVER, Emulgator (SOJALECITHINE), Aroma), Maisstärke, Verdickungsmittel (Carrageen).Allergenhinweise: Enthält: Soja und Sojaerzeugnisse. Milch und Milcherzeugnisse (einschließlich Lactose).NährwerteDurchschnittliche NährwerteUnzubereitet pro 100 gEnergie671 kJEnergie161 kcalFett9,3 gFett, davon gesättigte Fettsäuren5,9 gKohlenhydrate15 gKohlenhydrate, davon Zucker13 gEiweiß3,3 gSalz0,11 gHinweiseAufbewahrungs- und Verwendungshinweis: Nach dem Öffnen zügig genießen. Bei +8 °C lagern.ArtikeldetailsMarke: Dr. OetkerUrsprungsland: DeutschlandSorte: Vollmilch-SchokoKontaktKontaktname: DR. AUGUST OETKER NAHRUNGSMITTEL KGKontaktadresse: 33547 BielefeldMaximale Bestellmenge: 15 StückFür die vorstehenden Angaben wird keine Haftung übernommen. Bitte prüfen Sie im Einzelfall die Angaben auf der jeweiligen Produktverpackung, nur diese sind verbindlich.Das Produktdesign kann von der Abbildung abweichen.",Am Grünen Hag 2,Rewe,Kühlung,2023-07-09,"Gültig ab morgen bis Samstag, 15.07.2023"
Followfish Kabeljau Filets,https://img.rewe-static.de/REWE28_2023/3015656/25731044-16_digital-image.png?impolicy=s-offers&imwidth=200&output-format=image/webp,,https://shop.rewe.de/p/followfish-kabeljau-filets-msc-400g/3015656,,"portioniert, tiefgefroren , je 400-g-Btl , (1 kg = 14.98)",Aktion,"5,99 €","ProduktbeschreibungArtikelnummer 3015656MSC Kabeljau Filets, 3-6 Kabeljau Filetportionen, ohne Haut, praktisch grätenfrei, tiefgekühlt mit Wasserschutzglasur.Zutaten & AllergeneAllergenhinweise: Enthält:NährwerteDurchschnittliche NährwerteUnzubereitet pro 100 gEnergie341 kJEnergie80 kcalFett0,7 gFett, davon gesättigte Fettsäuren0,2 gKohlenhydrate< 1 gKohlenhydrate, davon Zucker< 0,6 gEiweiß19 gSalz0,23 gHinweiseAufbewahrungs- und Verwendungshinweis: Haltbarkeit/Aufbewahrung im Haushalt:Im Kühlschrank 24 Stunden*-Fach oder Eiswürfelfach (-6°C) 3 Tage**-Fach (-12°C) 3 Wochen***-Fach oder Tiefkühltruhe bei -18°C mindestens haltbar bis: siehe EindruckfeldNach dem Auftauen nicht wieder einfrieren!ArtikeldetailsMarke: FollowfishUrsprungsland: LitauenKontaktKontaktname: followfood GmbHKontaktadresse: Metzstraße 2, 88045 FriedrichshafenMaximale Bestellmenge: 15 StückFür die vorstehenden Angaben wird keine Haftung übernommen. Bitte prüfen Sie im Einzelfall die Angaben auf der jeweiligen Produktverpackung, nur diese sind verbindlich.Das Produktdesign kann von der Abbildung abweichen.",Am Grünen Hag 2,Rewe,Tiefkühl,2023-07-09,"Gültig ab morgen bis Samstag, 15.07.2023"
Coppenrath & Wiese Unsere Goldstücke 9 Baguette-Brötchen,https://img.rewe-static.de/REWE28_2023/2666537/3406600-62_digital-image.png?impolicy=s-offers&imwidth=200&output-format=image/webp,,https://shop.rewe.de/p/coppenrath-wiese-unsere-goldstuecke-baguettebroetchen-540g-9-stueck/2666537,,"tiefgefroren , je 540-g-Btl , (1 kg = 2.57)",Aktion,"1,39 €","ProduktbeschreibungArtikelnummer 2666537Fertig gebacken. Zutaten & AllergeneZutaten: WEIZENMEHL, Wasser, jodiertes Speisesalz (Speisesalz, Kaliumjodat), Hefe. Kann möglicherweise Spuren von Sesam enthalten.Allergenhinweise: Enthält: Glutenhaltiges Getreide und glutenhaltige Getreideerzeugnisse. Weizen und Weizenerzeugnisse (glutenhaltiges Getreide). Kann enthalten: Sesamsamen und Sesamsamenerzeugnisse.NährwerteDurchschnittliche NährwerteUnzubereitet pro 100 gEnergie1.092 kJEnergie258 kcalFett1 gFett, davon gesättigte Fettsäuren0,4 gKohlenhydrate53 gKohlenhydrate, davon Zucker1,4 gEiweiß8,4 gSalz1,5 gHinweiseAufbewahrungs- und Verwendungshinweis: ***-Fach bei -18 °C: siehe Mindesthaltbarkeitsdatum, **-Fach: 2 Wochen, *-Fach:3 Tage, 2 Tage im Kühlschrank. Nach dem Auftauen nicht wieder einfrieren.ArtikeldetailsMarke: Conditorei Coppenrath & WieseEigenschaften: LaktosefreiUrsprungsland: DeutschlandSorte: BaguettebrötchenKontaktKontaktname: Conditorei Coppenrath & Wiese KGKontaktadresse: Hansastraße 10 D-49497 MettingenMaximale Bestellmenge: 15 StückFür die vorstehenden Angaben wird keine Haftung übernommen. Bitte prüfen Sie im Einzelfall die Angaben auf der jeweiligen Produktverpackung, nur diese sind verbindlich.Das Produktdesign kann von der Abbildung abweichen.",Am Grünen Hag 2,Rewe,Tiefkühl,2023-07-09,"Gültig ab morgen bis Samstag, 15.07.2023"
Coppenrath & Wiese Unsere Goldstücke 9 Weizenbrötchen,https://img.rewe-static.de/REWE28_2023/1234722/23887647-25_digital-image.png?impolicy=s-offers&imwidth=200&output-format=image/webp,,https://shop.rewe.de/p/coppenrath-wiese-unsere-goldstuecke-weizenbroetchen-450g-9-stueck/1234722,,"tiefgefroren , je 450-g-Btl , (1 kg = 3.09)",Aktion,"1,39 €","ProduktbeschreibungArtikelnummer 1234722Köstlich duftende Brötchen aus dem Ofen 
Egal ob Frühstücks-Brunch oder spontaner Kaffeeplausch: Mit Unseren Tiefkühlprodukten sind Sie auch für Ungeplantes bestens gerüstet. Mit tiefgekühltem Obst, Aufbackwaren und fertigen Desserts treffen Sie jeden Geschmack. 

Die wichtigsten Informationen zu Conditorei Coppenrath & Wiese Unsere Goldstücke Weizenbrötchen 450g, 9 Stück

Fertig gebacken 
Die Brötchen des Herstellers Conditorei Coppenrath & Wiese sind in der Tiefkühlverpackung zu 9 Stück verfügbar. Besonders praktisch: Entnehmen Sie einfach so viele der Brötchen wie Sie benötigen und heben Sie die Übrigen in der Tiefkühlverpackung für die nächste Gelegenheit auf. 
Schnell und bequem Tiefkühlkost online bestellen 
Damit Sie für jeden Anlass gut gerüstet sind, bestellen Sie einfach Ihre haltbaren Lieblingsprodukte beim REWE Lieferservice – wir liefern direkt bis zur Wohnungstür.... mehr anzeigenZutaten & AllergeneZutaten: WEIZENMEHL, Wasser, GERSTENMALZMEHL, jodiertes Speisesalz (Speisesalz, Kaliumjodat), Hefe, Zucker, pflanzliches Öl (Raps). Kann möglicherweise Spuren von Sesam enthalten.Allergenhinweise: Enthält: Glutenhaltiges Getreide und glutenhaltige Getreideerzeugnisse. Weizen und Weizenerzeugnisse (glutenhaltiges Getreide). Kann enthalten: Sesamsamen und Sesamsamenerzeugnisse.NährwerteDurchschnittliche NährwerteUnzubereitet pro 100 gEnergie1.148 kJEnergie270 kcalFett2,1 gFett, davon gesättigte Fettsäuren0,5 gKohlenhydrate52 gKohlenhydrate, davon Zucker1,1 gEiweiß9,1 gSalz1,8 gHinweiseAufbewahrungs- und Verwendungshinweis: ***-Fach bei -18 °C: siehe Mindesthaltbarkeitsdatum, **-Fach: 2 Wochen, *-Fach:3 Tage, 2 Tage im Kühlschrank. Nach dem Auftauen nicht wieder einfrieren.ArtikeldetailsMarke: Conditorei Coppenrath & WieseEigenschaften: LaktosefreiUrsprungsland: DeutschlandSorte: WeizenbrötchenKontaktKontaktname: Conditorei Coppenrath & Wiese KGKontaktadresse: Hansastraße 10 D-49497 MettingenMaximale Bestellmenge: 15 StückFür die vorstehenden Angaben wird keine Haftung übernommen. Bitte prüfen Sie im Einzelfall die Angaben auf der jeweiligen Produktverpackung, nur diese sind verbindlich.Das Produktdesign kann von der Abbildung abweichen.",Am Grünen Hag 2,Rewe,Tiefkühl,2023-07-09,"Gültig ab morgen bis Samstag, 15.07.2023"
Frosta Gemüse Bowl,https://img.rewe-static.de/REWE28_2023/8771582/36247078-23_digital-image.png?impolicy=s-offers&imwidth=200&output-format=image/webp,,https://shop.rewe.de/p/frosta-gemuese-bowl-cremiges-linsen-curry-vegan-480g/8771582,,"tiefgefroren , je 480-g-Pckg , (1 kg = 4.63)",Aktion,"2,22 €","ProduktbeschreibungArtikelnummer 8771582Zutaten & AllergeneZutaten: Spinat (25%), Kürbis (25%), Blumenkohl (für AT: Karfiol), gegarte Linsen (10%) (Wasser, Linsen), Kokosnussmilch (Kokosnuss, Wasser), Wasser, kandierter Ingwer (Ingwer, Wasser, Zucker), Salz, Curry (Bockshornkleesamen, Kurkuma, Koriander, Kreuzkümmel, Fenchel, Cayennepfeffer), Knoblauch, Reisstärke  Wir verarbeiten bei uns noch viele weitere Produkte. Daher könnte dieses Produkt Spuren von Weizen, Gerste, Roggen, Hafer, Krustentieren, Eiern, Fisch, Soja, Milch, Sellerie, Senf und Weichtieren enthalten.Allergenhinweise: Enthält: Keine deklarationspflichtigen Allergene enthalten.NährwerteDurchschnittliche NährwerteUnzubereitet pro 100 gEnergie286 kJEnergie68 kcalFett2,2 gFett, davon gesättigte Fettsäuren1,7 gKohlenhydrate7,7 gKohlenhydrate, davon Zucker4,7 gBallaststoffe2,4 gEiweiß3,2 gSalz0,8 gHinweiseAufbewahrungs- und Verwendungshinweis: **-Fach (-12°C): 3 Wochen***-Fach (-18°C): mindestens haltbar bis: siehe AufdruckNach dem Auftauen nicht wieder einfrieren.ArtikeldetailsMarke: FrostaEigenschaften: VeganUrsprungsland: DeutschlandKontaktKontaktname: FRoSTA Tiefkühlkost GmbHKontaktadresse: Postfach 29 03 64, DE 27533 BremerhavenMaximale Bestellmenge: 15 StückFür die vorstehenden Angaben wird keine Haftung übernommen. Bitte prüfen Sie im Einzelfall die Angaben auf der jeweiligen Produktverpackung, nur diese sind verbindlich.Das Produktdesign kann von der Abbildung abweichen.",Am Grünen Hag 2,Rewe,Tiefkühl,2023-07-09,"Gültig ab morgen bis Samstag, 15.07.2023"
Frosta Rahm Geschnetzeltes,https://img.rewe-static.de/REWE28_2023/2475153/24139590-38_digital-image.png?impolicy=s-offers&imwidth=200&output-format=image/webp,,https://shop.rewe.de/p/frosta-rahm-geschnetzeltes-mit-spaetzle-375g/2475153,,"tiefgefroren , je 375-g-Btl , (1 kg = 5.92)",Aktion,"2,22 €","ProduktbeschreibungArtikelnummer 2475153Zutaten & AllergeneZutaten: gegarte Eierspätzle (41%) (Wasser, HARTWEIZENGRIESS, HÜHNEREI, Salz), Champignons, Wasser, marinierte, gegarte Hähnchenbrust (12%) (Hähnchenbrust (für AT: Hühnerbrust), Salz, Sojaöl, Dextrose), Erbsen, SAHNE (5%) (für AT: RAHM), Frühlingszwiebeln, VOLLMILCH, Salz, Tomatenmark (für AT: 28% zweifach konzentriert), Schnittlauch, Rinderfond (Wasser, konzentrierter Rinderjus, Rindfleisch, Kalbsknochen, Salz, Rinderfett, Karotten, Zwiebeln, Lauch, Knoblauch), Kartoffelstärke, BUTTER, Knoblauch, gemahlene Paprika, schwarzer Pfeffer  Wir verarbeiten bei uns noch viele weitere Produkte. Daher könnte dieses Gericht Spuren von Gerste, Roggen, Hafer, Krebstieren, Fisch, Soja, Sellerie, Senf und Weichtieren enthalten.Allergenhinweise: Enthält: Glutenhaltiges Getreide und glutenhaltige Getreideerzeugnisse. Milchzucker (Laktose). Eier und Eierzeugnisse. Weizen und Weizenerzeugnisse (glutenhaltiges Getreide). Milch und Milcherzeugnisse (einschließlich Lactose).NährwerteDurchschnittliche NährwerteUnzubereitet pro 100 gEnergie441 kJEnergie105 kcalFett2,6 gFett, davon gesättigte Fettsäuren1,5 gKohlenhydrate12,9 gKohlenhydrate, davon Zucker1 gBallaststoffe1,5 gEiweiß6,7 gSalz1,16 gHinweiseAufbewahrungs- und Verwendungshinweis: **-Fach (-12°C): 3 Wochen***-Fach (-18°C): mindestens haltbar bis: siehe AufdruckNach dem Auftauen nicht wieder einfrieren.ArtikeldetailsMarke: FrostaUrsprungsland: DeutschlandSorte: Rahm-Geschnetzeltes mitKontaktKontaktname: FRoSTA Tiefkühlkost GmbHKontaktadresse: Postfach 29 03 64, DE 27533 BremerhavenMaximale Bestellmenge: 15 StückFür die vorstehenden Angaben wird keine Haftung übernommen. Bitte prüfen Sie im Einzelfall die Angaben auf der jeweiligen Produktverpackung, nur diese sind verbindlich.Das Produktdesign kann von der Abbildung abweichen.",Am Grünen Hag 2,Rewe,Tiefkühl,2023-07-09,"Gültig ab morgen bis Samstag, 15.07.2023"
Iglo Gemüse-Ideen Italienisch,https://img.rewe-static.de/REWE28_2023/0529482/2971930-72_digital-image.png?impolicy=s-offers&imwidth=200&output-format=image/webp,,https://shop.rewe.de/p/frosta-rahm-geschnetzeltes-mit-spaetzle-375g/2475153,,"tiefgefroren , je 480-g-Pckg , (1 kg = 4.63)",Aktion,"2,22 €","b'ProduktbeschreibungArtikelnummer 529482Die iglo Gem\xc3\xbcse-Idee Italienisch ist eine knackige Gem\xc3\xbcsemischung, verfeinert mit mediterranen Kr\xc3\xa4utern. Das Gem\xc3\xbcse wird erntefrisch tiefgefroren, damit die vielen wichtigen Vitamine erhalten bleiben. Denn eine zubereitete Portion des italienischen Pfannengem\xc3\xbcses deckt \xc3\xbcber 50% des t\xc3\xa4glichen Vitamin A-Bedarfs. Die Gem\xc3\xbcse-Idee Italienisch l\xc3\xa4sst sich einfach und schnell in der Mikrowelle oder in der Pfanne zubereiten. Au\xc3\x9ferdem enth\xc3\xa4lt das Produkt keine Geschmacksverst\xc3\xa4rker und Farbstoff- und Aromazus\xc3\xa4tze.\n- Verfeinert mit mediterranen Kr\xc3\xa4utern\n- Ohne Zusatz von k\xc3\xbcnstlichen Aromen, Farbstoffen und Geschmacksverst\xc3\xa4rkern\n- Schnelle und einfache Zubereitung\n- Vegan\n- Tiefgefroren... mehr anzeigenZutaten & AllergeneZutaten: Gem\xc3\xbcsemischung (93%) (Brechbohnen, Paprika, Karotten, Zucchini, Zwiebel Brokkoli;in ver\xc3\xa4nderlichen Gewichtsanteilen), pflanzliche Fette und \xc3\x96le (Palmfett***,Kokosnuss\xc3\xb6l,Palmkern\xc3\xb6l***),Kr\xc3\xa4utermischung(roteZwiebel, Petersilie,Basilikum,Knoblauch,Thymian,Oregano),Gem\xc3\xbcsebr\xc3\xbche (Dextrose,Salz,Karotten,Zwiebeln,Lauch,Schalotten,Tomaten,Paprika), Wasser,Zucker,Salz,Gew\xc3\xbcrze.  Dieses Produkt enth\xc3\xa4lt zertifiziertes nachhaltiges Palmfett/ Palmkern\xc3\xb6l.N\xc3\xa4hrwerteDurchschnittliche N\xc3\xa4hrwerteUnzubereitet pro 100 gEnergie233 kJEnergie56 kcalFett2,7 gFett, davon ges\xc3\xa4ttigte Fetts\xc3\xa4uren1,8 gKohlenhydrate4,9 gKohlenhydrate, davon Zucker4,3 gBallaststoffe2,4 gEiwei\xc3\x9f1,8 gSalz0,85 gHinweiseAufbewahrungs- und Verwendungshinweis: Aufbewahrung zu Hause: *** - Fach oder Tiefk\xc3\xbchltruhe (bei minus 18\xc2\xb0 C) mindestens haltbar bis Ende: siehe links, Aufbewahrung zu Hause: ** - Fach 2 Wochen, Aufbewahrung zu Hause: * - Fach 1-3 Tage Information: Nach dem Auftauen nicht wieder einfrieren. Vor Verzehr durcherhitzen.ArtikeldetailsMarke: IgloEigenschaften: Vegan, LaktosefreiUrsprungsland: DeutschlandSorte: ItalienischKontaktKontaktname: iglo GmbHKontaktadresse: Postfach 570 521, 22774 HamburgMaximale Bestellmenge: 15 St\xc3\xbcckF\xc3\xbcr die vorstehenden Angaben wird keine Haftung \xc3\xbcbernommen. Bitte pr\xc3\xbcfen Sie im Einzelfall die Angaben auf der jeweiligen Produktverpackung, nur diese sind verbindlich.Das Produktdesign kann von der Abbildung abweichen.'",Am Grünen Hag 2,Rewe,Tiefkühl,2023-07-09,"Gültig ab morgen bis Samstag, 15.07.2023"
Elfer Unsere Besten Pommes Frites,https://img.rewe-static.de/REWE28_2023/2779885/26510239-6_digital-image.png?impolicy=s-offers&imwidth=200&output-format=image/webp,,https://shop.rewe.de/p/11er-pommes-frites-500g/2779885,,"tiefgefroren , je 500-g-Pckg , (1 kg = 3.18)",Aktion,"1,59 €","ProduktbeschreibungArtikelnummer 2779885Zutaten & AllergeneZutaten: Kartoffeln 91%, pflanzliche Öle (Sonnenblume, Raps) in veränderlichen Gewichtsanteilen.NährwerteDurchschnittliche NährwerteUnzubereitet pro 100 gEnergie987 kJEnergie235 kcalFett9 gFett, davon gesättigte Fettsäuren0,9 gKohlenhydrate33 gKohlenhydrate, davon Zucker0,4 gBallaststoffe2,7 gEiweiß4,2 gSalz0,2 gHinweiseAufbewahrungs- und Verwendungshinweis: Aufbewahrung: ***Fach(-18°C) siehe Datierung, **Fach(-12°C) 14 Tage, *Fach(-6°C) 2 TageInformation: Nach dem Auftauen nicht wieder einfrieren!ArtikeldetailsUrsprungsland: ÖsterreichKontaktKontaktname: 11er Nahrungsmittel GmbHKontaktadresse: Galinastrasse 34, 6820 Frastanz, AustriaMaximale Bestellmenge: 15 StückFür die vorstehenden Angaben wird keine Haftung übernommen. Bitte prüfen Sie im Einzelfall die Angaben auf der jeweiligen Produktverpackung, nur diese sind verbindlich.Das Produktdesign kann von der Abbildung abweichen.",Am Grünen Hag 2,Rewe,Tiefkühl,2023-07-09,"Gültig ab morgen bis Samstag, 15.07.2023"
Block House American Burger,https://img.rewe-static.de/REWE28_2023/0560931/28787638-13_digital-image.png?impolicy=s-offers&imwidth=200&output-format=image/webp,,https://shop.rewe.de/p/block-house-american-burger-special-size-500g-4-stueck/560931,,"tiefgefroren , je 4 x 125-g-Pckg , (1 kg = 11.98)",Aktion,"5,99 €","ProduktbeschreibungArtikelnummer 560931Bestes Rindfleisch für perfekte Burger, tiefgefroren. Zutaten & AllergeneZutaten: Rindfleisch (98%), Salz, GewürzeAllergenhinweise: Enthält: Keine deklarationspflichtigen Allergene enthalten.NährwerteDurchschnittliche NährwerteUnzubereitet pro 100 gEnergie1.101 kJEnergie265 kcalFett21,9 gFett, davon gesättigte Fettsäuren9,5 gKohlenhydrate0 gKohlenhydrate, davon Zucker0 gEiweiß17,2 gSalz0,9 gHinweiseAufbewahrungs- und Verwendungshinweis: Tiefgekühlt bei -18 °C aufbewahren. Ware nach dem Öffnen innerhalb von einem Tag verbrauchen.Information: Ware nach dem Öffnen innerhalb von einem Tag verbrauchen. Nicht wieder einfrieren! Vor dem Verzehr vollständig durchgaren. Nicht zum Rohverzehr geeignet.ArtikeldetailsMarke: Block HouseUrsprungsland: DeutschlandKontaktKontaktname: Block HouseKontaktadresse: Lademannbogen 127, 22339 HamburgFür die vorstehenden Angaben wird keine Haftung übernommen. Bitte prüfen Sie im Einzelfall die Angaben auf der jeweiligen Produktverpackung, nur diese sind verbindlich.Das Produktdesign kann von der Abbildung abweichen.",Am Grünen Hag 2,Rewe,Tiefkühl,2023-07-09,"Gültig ab morgen bis Samstag, 15.07.2023"
Langnese Viennetta Vanille,https://img.rewe-static.de/REWE28_2023/3804534/12236500-60_digital-image.png?impolicy=s-offers&imwidth=200&output-format=image/webp,,https://shop.rewe.de/p/langnese-viennetta-vanille-eis-650-ml/3804534,,"je 650-ml-Pckg , (1 l = 2.29)",Aktion,"1,49 €","ProduktbeschreibungArtikelnummer 3804534- Cremiges Vanilleeis durchzogen von hauchdünnen Knusperschichten 
 - Unwiderstehlich knackig 
 - Raffinierte Eiswelle 
 - Einfach wiederverschließbare Verpackung 
 - Das perfekte Dessert für gesellige Runden 
 
 Ein wahrer Klassiker. Cremiges Vanilleeis durchzogen von hauchdünnen Knusperschichten. 
 
 Knusper, knusper, Knusperspaß – das ist Viennetta: Die beliebte Eiswelle mit der raffinierten Kombination aus cremigem Eis und unverwechselbar knackigen Knusperschichten. 
 
 Anfang der 80er-Jahre hatte der Engländer Kevin Hillman, Produkt-Manager bei Wall’s (der britischen Schwester von Langnese) die Idee für das feine Dessert. Er schenkte seiner Frau zu Weihnachten ein Kochbuch, blätterte dann selbst darin und fand das Bild eines französischen Schichtenkuchens, Millefeuille genannt. Da kam ihm die Idee, dass dies auch mit Eis machbar sein könnte. Statt Teig, Creme und Marmelade verwendete er Eis, das er mit hauchdünnen Knusperschichten durchzog. 
 Seither gehört Viennetta - das perfekte Eisdessert mit den unverwechselbaren knackigen Schichten – einfach dazu: zur geselligen Runde mit Freunden ebenso wie zu einem köstlichen Essen im Kreise der Familie. Die raffinierte Komposition aus cremigem Eis und knackigen Knusperschichten darf in diesen Momenten einfach nicht fehlen. 
 
 Wussten Sie schon? 
 - Obwohl Eis gerne mit Sonne und Süden assoziiert wird, findet man dort keineswegs den höchsten jährlichen Verbrauch bezogen auf die Einwohnerzahl. Vielmehr essen die Skandinavier das meiste Eis: Schweden führt mit 12 l pro Kopf und Jahr die europäische Liga an. Deutschland liegt mit rund 8 l pro Kopf in der Mitte der Rangliste, in Italien, dem „klassischen Eis-Land“, werden gut 9 l verspeist. 
 - Für die Herstellung von Eis werden die Grundstoffe Milch, Pflanzen- oder Butterfett und Zucker verwendet. Zutaten wie Früchte, Nüsse, Kakao, Karamell, Schokolade oder Nougat definieren und verfeinern die Geschmacksrichtungen. 
 - Von wegen Kalorienbombe: Eine Portion der meisten Eisprodukte enthält weniger Fett als die Mehrzahl der Schokoriegel. Und ein Magnum Classic enthält etwa die gleiche Menge Zucker wie ein 150-g-Becher Fruchtjoghurt.... mehr anzeigenCremig, knackig, kultig - das neue Viennetta, jetzt noch knuspriger. Cremiges Vanilleeis durchzogen von Knusperschichten.Zutaten & AllergeneZutaten: entrahmte MILCH, Kokosfett, Glukose-Fruktose-Sirup, Zucker, Wasser, Glukosesirup, fettarmes Kakaopulver, MOLKENERZEUGNIS, Emulgatoren (Mono- und Diglyceride von Speisefettsäuren, Ammoniumphosphatide), Stabilisatoren (Johannisbrotkernmehl, Guarkernmehl, Tarakernmehl, Carrageen), Aroma. Kann Soja enthalten.Allergenhinweise: Enthält: Milch und Milcherzeugnisse (einschließlich Lactose). Kann enthalten: Soja und Sojaerzeugnisse.NährwerteDurchschnittliche NährwerteUnzubereitet pro 100 mlEnergie487 kJEnergie117 kcalFett6,6 gFett, davon gesättigte Fettsäuren5,8 gKohlenhydrate13 gKohlenhydrate, davon Zucker9,6 gBallaststoffe< 0,5 gEiweiß1 gSalz0,04 gHinweiseAufbewahrungs- und Verwendungshinweis: Bei -18°C mindestens haltbar bis Ende: siehe PackungsaufdruckArtikeldetailsMarke: LangneseUrsprungsland: DeutschlandKontaktKontaktname: Unilever DeutschlandKontaktadresse: Postfach 570 385, 22772 HamburgMaximale Bestellmenge: 15 StückFür die vorstehenden Angaben wird keine Haftung übernommen. Bitte prüfen Sie im Einzelfall die Angaben auf der jeweiligen Produktverpackung, nur diese sind verbindlich.Das Produktdesign kann von der Abbildung abweichen.",Am Grünen Hag 2,Rewe,Tiefkühl,2023-07-09,"Gültig ab morgen bis Samstag, 15.07.2023"
Block House Block Burger,https://img.rewe-static.de/REWE28_2023/0560932/23016939-15_digital-image.png?impolicy=s-offers&imwidth=200&output-format=image/webp,,https://shop.rewe.de/p/block-house-block-burger-2x200g/560932,,"tiefgefroren , je 2 x 200-g-Pckg , (1 kg = 14.98)",Aktion,"5,99 €","ProduktbeschreibungArtikelnummer 560932Bestes Rindfleisch aus der Block House Fleischerei. Zutaten & AllergeneZutaten: Rindfleisch (98%), Salz, Gewürze.Allergenhinweise: Enthält: Keine deklarationspflichtigen Allergene enthalten.NährwerteDurchschnittliche NährwerteUnzubereitet pro 100 gEnergie1.101 kJEnergie265 kcalFett21,9 gFett, davon gesättigte Fettsäuren9,5 gKohlenhydrate0 gKohlenhydrate, davon Zucker0 gEiweiß17,2 gSalz0,9 gHinweiseAufbewahrungs- und Verwendungshinweis: Tiefgekühlt bei -18 °C aufbewahren.Information: Ware nach dem Öffnen innerhalb von einem Tag verbrauchen. Nicht wieder einfrieren! Vor dem Verzehr vollständig durchgaren. Nicht zum Rohverzehr geeignet.ArtikeldetailsMarke: Block HouseUrsprungsland: DeutschlandKontaktKontaktname: Block HouseKontaktadresse: Lademannbogen 127, 22339 HamburgMaximale Bestellmenge: 15 StückFür die vorstehenden Angaben wird keine Haftung übernommen. Bitte prüfen Sie im Einzelfall die Angaben auf der jeweiligen Produktverpackung, nur diese sind verbindlich.Das Produktdesign kann von der Abbildung abweichen.",Am Grünen Hag 2,Rewe,Tiefkühl,2023-07-09,"Gültig ab morgen bis Samstag, 15.07.2023"
Dr. Oetker Ristorante Pizza Salame,https://img.rewe-static.de/REWE28_2023/8704774/34878457-20_digital-image.png?impolicy=s-offers&imwidth=200&output-format=image/webp,,https://shop.rewe.de/p/dr-oetker-ristorante-pizza-salame-320g/8704774,,"tiefgefroren , je 320-g-Pckg , (1 kg = 6.22)",Knaller,"1,99 €","ProduktbeschreibungArtikelnummer 8704774Dr. Oetker Ristorante Pizza Salame ist belegt mit sonnengereiften Tomaten, Käse, herzhafter Salami, ausgesuchten Kräutern und Gewürzen.Zubereitung:Bis zur Zubereitung gefroren aufbewahren.Backofen vorheizen: Ober-/Unterhitze: 220°C, Heißluft: 200°C, Gas: 4Folie entfernen, Pizza auf den Rost legen und auf mittlerer Einschubleiste 10-12 Minuten backen.Stelle sicher, dass das Produkt vor dem Verzehr vollständig durcherhitzt ist. Man kann die ""Ristorante Pizza Salame"" genießen, sobald der Käse geschmolzen ist.Zutaten & AllergeneZutaten: WEIZENMEHL, 14% passierte Tomaten, 12% schnittfester MOZZARELLA KÄSE, 12% Salami (Schweinefleisch, Speck, Salz, Gewürze, Dextrose, Zwiebelpulver, Knoblauchpulver, Gewürzextrakte, Stabilisator (Natriumnitrit), Antioxidationsmittel (Extrakt aus Rosmarin), Rauch), Wasser, 7,3% Tomatenkonzentrat, 4,6% EDAMER KÄSE, Rapsöl, Backhefe, Salz, Zucker, Olivenöl nativ extra, Oregano, Basilikum, Pfeffer, Paprika, Petersilie. Kann enthalten: SOJA, SENF.Allergenhinweise: Enthält: Milch und Milcherzeugnisse (einschließlich Lactose). Glutenhaltiges Getreide und glutenhaltige Getreideerzeugnisse. Weizen und Weizenerzeugnisse (glutenhaltiges Getreide). Kann enthalten: Soja und Sojaerzeugnisse. Gerste und Gerstenerzeugnisse (glutenhaltiges Getreide). Roggen und Roggenerzeugnisse (glutenhaltiges Getreide). Dinkel und Dinkelerzeugnisse (glutenhaltiges Getreide). Hafer und Hafererzeugnisse (glutenhaltiges Getreide). Senf- und Senferzeugnisse.NährwerteDurchschnittliche NährwerteUnzubereitet pro 100 gEnergie1.093 kJEnergie261 kcalFett13 gFett, davon gesättigte Fettsäuren4,6 gKohlenhydrate25 gKohlenhydrate, davon Zucker2,9 gBallaststoffe2,3 gEiweiß10 gSalz1,3 gHinweiseAufbewahrungs- und Verwendungshinweis: Nach dem Auftauen nicht wieder einfrieren. Bei -18 °C lagern (***-Fach oder Tiefkühltruhe).ArtikeldetailsMarke: Dr. OetkerUrsprungsland: DeutschlandKontaktKontaktname: DR. AUGUST OETKER NAHRUNGSMITTEL KGKontaktadresse: Lutterstraße 14 - 33617 BielefeldMaximale Bestellmenge: 15 StückFür die vorstehenden Angaben wird keine Haftung übernommen. Bitte prüfen Sie im Einzelfall die Angaben auf der jeweiligen Produktverpackung, nur diese sind verbindlich.Das Produktdesign kann von der Abbildung abweichen.",Am Grünen Hag 2,Rewe,Tiefkühl,2023-07-09,"Gültig ab morgen bis Samstag, 15.07.2023"
Dr. Oetker Bistro Flammkuchen Elsässer Art,https://img.rewe-static.de/REWE28_2023/8703784/34878422-11_digital-image.png?impolicy=s-offers&imwidth=200&output-format=image/webp,,https://shop.rewe.de/p/dr-oetker-bistro-flammkuchen-elsaesser-art-265g/8703784,,"tiefgefroren , je 265-g-Pckg , (1 kg = 7.51)",Knaller,"1,99 €","ProduktbeschreibungArtikelnummer 8703784Zutaten & AllergeneZutaten: WEIZENMEHL, 27% CRÈME FRAÎCHE, 15% Rohschinken (Schweinefleisch, Salz, Maltodextrin, Dextrose, Zucker, Gewürze, Gewürzextrakte, Stabilisator (Natriumnitrit), Rauch), Wasser, 5,4% Zwiebeln, Rapsöl, Olivenöl nativ extra, Salz, Backhefe, Raucharoma, Aroma (enthält WEIZEN), Pfeffer, Verdickungsmittel (Johannisbrotkernmehl, Xanthan), Muskatnuss. Kann enthalten: SOJA, SENF.Allergenhinweise: Enthält: Milch und Milcherzeugnisse (einschließlich Lactose). Weizen und Weizenerzeugnisse (glutenhaltiges Getreide). Glutenhaltiges Getreide und glutenhaltige Getreideerzeugnisse. Kann enthalten: Dinkel und Dinkelerzeugnisse (glutenhaltiges Getreide). Roggen und Roggenerzeugnisse (glutenhaltiges Getreide). Senf- und Senferzeugnisse. Soja und Sojaerzeugnisse.NährwerteDurchschnittliche NährwerteUnzubereitet pro 100 gEnergie1.094 kJEnergie262 kcalFett14 gFett, davon gesättigte Fettsäuren6 gKohlenhydrate25 gKohlenhydrate, davon Zucker2,3 gBallaststoffe1,4 gEiweiß7,9 gSalz1,2 gHinweiseAufbewahrungs- und Verwendungshinweis: Nach dem Auftauen nicht wieder einfrieren. Bei -18 °C lagern (***-Fach oder Tiefkühltruhe).ArtikeldetailsMarke: Dr. OetkerUrsprungsland: DeutschlandKontaktKontaktname: DR. AUGUST OETKER NAHRUNGSMITTEL KGKontaktadresse: Lutterstraße 14 - 33617 BielefeldMaximale Bestellmenge: 15 StückFür die vorstehenden Angaben wird keine Haftung übernommen. Bitte prüfen Sie im Einzelfall die Angaben auf der jeweiligen Produktverpackung, nur diese sind verbindlich.Das Produktdesign kann von der Abbildung abweichen.",Am Grünen Hag 2,Rewe,Tiefkühl,2023-07-09,"Gültig ab morgen bis Samstag, 15.07.2023"
Iglo Schlemmerfilet Bordelaise Classic,https://img.rewe-static.de/REWE28_2023/8030937/30477207-17_digital-image.png?impolicy=s-offers&imwidth=200&output-format=image/webp,,https://shop.rewe.de/p/iglo-schlemmer-filet-la-bordelaise-classic-380g/8030937,,"tiefgefroren , je 380-g-Pckg , (1 kg = 7.87)",Knaller,"2,99 €","ProduktbeschreibungArtikelnummer 8030937Zutaten & AllergeneZutaten: ALASKA SEELACHS-FILET (71%), Wasser, Rapsöl, Paniermehl (WEIZENMEHL, Wasser, Gewürze (Paprikapulver, Kurkuma), Salz, Hefe), Zwiebeln, Zitronensaft aus Zitronensaftkonzentrat, Petersilie, Salz, EIPULVER, Stärke, Gewürze (Paprikapulver, Zwiebelpulver, Knoblauchpulver)NährwerteDurchschnittliche NährwerteUnzubereitet pro 100 gEnergie628 kJEnergie150 kcalFett8,7 gFett, davon gesättigte Fettsäuren0,7 gKohlenhydrate5 gKohlenhydrate, davon Zucker0,5 gBallaststoffe0,5 gEiweiß13 gSalz1,2 gHinweiseAufbewahrungs- und Verwendungshinweis: Aufbewahrung zu Hause: Bei minus 18°C (Tiefkühltruhe oder ***-Fach) mindestens haltbar bis Ende: siehe Verpackungsaufdruck.ArtikeldetailsMarke: IgloUrsprungsland: DeutschlandKontaktKontaktname: iglo GmbHKontaktadresse: Postfach 570 521, 22774 HamburgMaximale Bestellmenge: 15 StückFür die vorstehenden Angaben wird keine Haftung übernommen. Bitte prüfen Sie im Einzelfall die Angaben auf der jeweiligen Produktverpackung, nur diese sind verbindlich.Das Produktdesign kann von der Abbildung abweichen.",Am Grünen Hag 2,Rewe,Tiefkühl,2023-07-09,"Gültig ab morgen bis Samstag, 15.07.2023"
Iglo Filegro Ofen-Backfisch,https://img.rewe-static.de/REWE28_2023/1148717/19141120-88_digital-image.png?impolicy=s-offers&imwidth=200&output-format=image/webp,,https://shop.rewe.de/p/iglo-filegro-traditioneller-ofen-backfisch-240g/1148717,,"tiefgefroren , je 240-g-Pckg , (1 kg = 12.46)",Knaller,"2,99 €","ProduktbeschreibungArtikelnummer 1148717Das iglo Filegro Traditioneller Ofen-Backfisch enthält 100% saftiges Alaska Seelachsfilet und ist umhüllt von einem lecker-knusprigen Backteig, der speziell für die Zubereitung im Ofen entwickelt wurde. 
Iglo setzt ausschließlich auf den Einsatz von MSC zertifiziertem Fisch. Daher wird der Alaska Seelachs zu 100% aus verantwortungsbewussten Quellen bezogen und durch den Einsatz modernster Produktionsmethoden wird absolute Frische und Qualität garantiert. 
- 100% Fischfilet
- Umhüllt mit lecker-knusprigen Backteig
- Ohne Zusatz von künstlichen Aromen, Farbstoffen und Geschmacksverstärkern
- Natürliche Quelle von Omega 3
- Tiefgefroren... mehr anzeigenZutaten & AllergeneZutaten: ALASKA SEELACHS-FILET (54%), pflanzliches Öl, WEIZENMEHL, Paniermehl (WEIZENMEHL, Salz, Traubenzucker), Wasser, Kartoffelstärke, WEIZENSTÄRKE, Salz, Backtriebmittel: Diphosphate und Natriumcarbonate, Maismehl, Traubenzucker, MAGERMILCHPULVER.NährwerteDurchschnittliche NährwerteUnzubereitet pro 100 gEnergie1.046 kJEnergie251 kcalFett14,5 gFett, davon gesättigte Fettsäuren1,3 gKohlenhydrate18,1 gKohlenhydrate, davon Zucker0,4 gBallaststoffe0,6 gEiweiß11,6 gSalz1,25 gHinweiseAufbewahrungs- und Verwendungshinweis:  Aufbewahrung zu Hause: *** - Fach oder Tiefkühltruhe (bei minus 18° C) mindestens haltbar bis Ende: sie Packungsseite, Aufbewahrung zu Hause: ** - Fach 2 Wochen, Aufbewahrung zu Hause: * - Fach einige Tage.ArtikeldetailsMarke: IgloUrsprungsland: DeutschlandKontaktKontaktname: iglo GmbHKontaktadresse: Postfach 570 521, 22774 HamburgMaximale Bestellmenge: 15 StückFür die vorstehenden Angaben wird keine Haftung übernommen. Bitte prüfen Sie im Einzelfall die Angaben auf der jeweiligen Produktverpackung, nur diese sind verbindlich.Das Produktdesign kann von der Abbildung abweichen.",Am Grünen Hag 2,Rewe,Tiefkühl,2023-07-09,"Gültig ab morgen bis Samstag, 15.07.2023"
Mövenpick Stracciatella Classico,https://img.rewe-static.de/REWE28_2023/8725654/35463369-11_digital-image.png?impolicy=s-offers&imwidth=200&output-format=image/webp,,https://shop.rewe.de/p/iglo-filegro-traditioneller-ofen-backfisch-240g/1148717,,"je 900-ml-Becher , (1 l = 2.21)",Aktion,"1,99 €","b'ProduktbeschreibungArtikelnummer 8725654Cremiges Eis mit Stracciatellageschmack mit Schokoladenst\xc3\xbcckchen und einer Schokoladensauce.Zutaten & AllergeneZutaten: Entrahmte MILCH, MOLKENERZEUGNIS, Glukosesirup, Zucker, Kokosfett, Soja\xc3\xb6l, VOLLMILCHPULVER, fettarmer Kakao** (1,3 %), Kakaobutter**, Kakaomasse**, Emulgatoren (Mono- und Diglyceride von Speisefetts\xc3\xa4uren, Lecithine (SOJA)), Verdickungsmittel (Johannisbrotkernmehl, Guarkernmehl), nat\xc3\xbcrliche Aromen (enthalten MILCH), Aroma. **Rainforest Alliance-zertifiziert. Mehr Informationen unter ra.org. KANN SCHALENFR\xc3\x9cCHTE, GLUTENHALTIGE GETREIDE UND EIER ENTHALTEN. Wichtig: Kleinkinder (unter 4 Jahren) verf\xc3\xbcgen \xc3\xbcber eine verminderte Kauf\xc3\xa4higkeit und k\xc3\xb6nnten sich an kleinen St\xc3\xbcckchen verschlucken.Allergenhinweise: Milch, Molkenerzeugnis, Schlagsahne, SojaEnth\xc3\xa4lt: Milch und Milcherzeugnisse (einschlie\xc3\x9flich Lactose). Soja und Sojaerzeugnisse. Kann enthalten: Eier und Eierzeugnisse. N\xc3\xbcsse und Nusserzeugnisse. Glutenhaltiges Getreide und glutenhaltige Getreideerzeugnisse.N\xc3\xa4hrwerteDurchschnittliche N\xc3\xa4hrwerteUnzubereitet pro 100 gEnergie1.079 kJEnergie258 kcalFett15 gFett, davon ges\xc3\xa4ttigte Fetts\xc3\xa4uren9,9 gKohlenhydrate28 gKohlenhydrate, davon Zucker23 gBallaststoffe0,7 gEiwei\xc3\x9f2,9 gSalz0,09 gHinweiseAufbewahrungs- und Verwendungshinweis: Bei -18 \xc2\xb0C mindestens haltbar bis Ende: siehe VerpackungsaufdruckInformation: Wichtig: Kleinkinder (unter 4 Jahren) verf\xc3\xbcgen \xc3\xbcber eine verminderte Kauf\xc3\xa4higkeit und k\xc3\xb6nnten sich an kleinen St\xc3\xbcckchen verschlucken. Packung enth\xc3\xa4lt 9 Portionen. Portionen sollten f\xc3\xbcr Kinder entsprechend ihrem Alter angepasst werden.ArtikeldetailsMarke: M\xc3\xb6venpickUrsprungsland: DeutschlandKontaktKontaktname: FRONERI Sch\xc3\xb6ller GmbHKontaktadresse: D-90419 N\xc3\xbcrnbergMaximale Bestellmenge: 15 St\xc3\xbcckF\xc3\xbcr die vorstehenden Angaben wird keine Haftung \xc3\xbcbernommen. Bitte pr\xc3\xbcfen Sie im Einzelfall die Angaben auf der jeweiligen Produktverpackung, nur diese sind verbindlich.Das Produktdesign kann von der Abbildung abweichen.'",Am Grünen Hag 2,Rewe,Tiefkühl,2023-07-09,"Gültig ab morgen bis Samstag, 15.07.2023"
Mövenpick Salted Caramel,https://img.rewe-static.de/REWE28_2023/7713567/38472507-14_digital-image.png?impolicy=s-offers&imwidth=200&output-format=image/webp,,https://shop.rewe.de/p/iglo-filegro-traditioneller-ofen-backfisch-240g/1148717,,"je 800-ml-Becher , (1 l = 2.49)",Aktion,"1,99 €","b'ProduktbeschreibungArtikelnummer 7713567Eis mit Vanillegeschmack, mit gesalzener Karamellsauce, Karamellst\xc3\xbcckchen und kakaobutterhaltigen Konfektst\xc3\xbcckchen mit KaramellgeschmackZutaten & AllergeneZutaten: Entrahmte MILCH, MOLKENERZEUGNIS, Glukosesirup, Zucker,pflanzliche Fette (Kokos, Shea), gezuckerte KONDENSMILCH (eingedickte VOLLMILCH, Zucker, MILCHZUCKER), gezuckerte KONDENSMAGERMILCH (eingedickte entrahmte MILCH, Zucker), Emulgatoren (Mono- und Diglyceride von Speisefetts\xc3\xa4uren, Lecithine), Verdickungsmittel (Johannisbrotkernmehl, Guarkernmehl), Kakaobutter*, Salz, VOLLMILCHPULVER, BUTTERFETT, Feuchthaltemittel (Glycerin), f\xc3\xa4rbende Frucht- und Gem\xc3\xbcsekonzentrate (schwarze Johannisbeere, Apfel, Zitrone, Karotte, Rettich), f\xc3\xa4rbendes Saflorkonzentrat, nat\xc3\xbcrliche Vanillearomen, Kakaomasse*, MILCHZUCKER, nat\xc3\xbcrliche Aromen. *Rainforest Alliance-zertifiziert. Mehr Informationen unter ra.org.KANN SCHALENFR\xc3\x9cCHTE, GLUTENHALTIGE GETREIDE, SOJA UND EIER ENTHALTEN. Wichtig: Kleinkinder (unter 4 Jahren) verf\xc3\xbcgen\xc3\xbcber eine verminderte Kauf\xc3\xa4higkeit und k\xc3\xb6nnten sich an kleinen St\xc3\xbcckchen verschlucken.Allergenhinweise: MILCH, MOLKENERZEUGNIS, KONDENSMILCH, VOLLMILCH, MILCHZUCKER, KONDENSMAGERMILCH, VOLLMILCHPULVER, BUTTERFETT.Enth\xc3\xa4lt: Milch und Milcherzeugnisse (einschlie\xc3\x9flich Lactose). Kann enthalten: Glutenhaltiges Getreide und glutenhaltige Getreideerzeugnisse. Eier und Eierzeugnisse. N\xc3\xbcsse und Nusserzeugnisse. Soja und Sojaerzeugnisse.N\xc3\xa4hrwerteDurchschnittliche N\xc3\xa4hrwerteUnzubereitet pro 100 gEnergie1.009 kJEnergie240 kcalFett9,5 gFett, davon ges\xc3\xa4ttigte Fetts\xc3\xa4uren8,2 gKohlenhydrate37 gKohlenhydrate, davon Zucker29 gBallaststoffe< 0,5 gEiwei\xc3\x9f2 gSalz0,29 gHinweiseAufbewahrungs- und Verwendungshinweis: Bei -18 \xc2\xb0C mindestens haltbar bis Ende: siehe VerpackungsaufdruckInformation: Wichtig: Kleinkinder (unter 4 Jahren) verf\xc3\xbcgen\xc3\xbcber eine verminderte Kauf\xc3\xa4higkeit und k\xc3\xb6nnten sich an kleinen St\xc3\xbcckchen verschlucken.ArtikeldetailsMarke: M\xc3\xb6venpickUrsprungsland: DeutschlandKontaktKontaktname: FRONERI Sch\xc3\xb6ller GmbHKontaktadresse: D-90419 N\xc3\xbcrnbergMaximale Bestellmenge: 15 St\xc3\xbcckF\xc3\xbcr die vorstehenden Angaben wird keine Haftung \xc3\xbcbernommen. Bitte pr\xc3\xbcfen Sie im Einzelfall die Angaben auf der jeweiligen Produktverpackung, nur diese sind verbindlich.Das Produktdesign kann von der Abbildung abweichen.'",Am Grünen Hag 2,Rewe,Tiefkühl,2023-07-09,"Gültig ab morgen bis Samstag, 15.07.2023"
Langnese Family Mix Multipackung,https://img.rewe-static.de/REWE28_2023/8900513/38330307-12_digital-image.png?impolicy=s-offers&imwidth=200&output-format=image/webp,,https://shop.rewe.de/p/langnese-family-mix-multipackung-462ml/8900513,,"je 462-ml-Pckg , (1 l = 6.47)",Aktion,"2,99 €","ProduktbeschreibungArtikelnummer 8900513Ein Mix, der das Beste von Langnese zusammen bringt und für jeden in der Familie etwas bietet. Der Family Mix besteht aus Flutschfinger (1x), Capri (2x), Magnum Mini Classic (2x), Cuja Mara Split (1x) und Nogger (1x).Zutaten & AllergeneZutaten: Langnese Family Mix - Capri Zutaten: Orangensaft aus Orangensaftkonzentrat (53%), Trinkwasser, Zucker, Glukose-Fruktose-Sirup, Säureregulator (Citronensäure), Stabilisatoren (Guarkernmehl, Tarakernmehl, Johannisbrotkernmehl), Farbstoff (Carotin), natürliche Orangenaromen. Kann Milch und Soja enthalten. Langnese Family Mix - Cuja Mara Split Zutaten: Orangensaft aus Orangensaftkonzentrat (24%), entrahmte MILCH (21%), Passionsfruchtsaft aus Passionsfruchtsaftkonzentrat (15%), Trinkwasser, Zucker, Kokosfett, Glukosesirup, Glukose-Fruktose-Sirup, MOLKENERZEUGNIS, Fruktose, Stabilisatoren (Guarkernmehl, Johannisbrotkernmehl, Tarakernmehl), Farbstoff (Carotin), Emulgator (Mono- und Diglyceride von Speisefettsäuren), natürliches Vanillearoma¹, Säureregulator (Citronensäure). Kann Mandel, Ei, Haselnuss, Soja und Weizen enthalten. ¹Rainforest Alliance-zertifiziert. Langnese Family Mix - Flutschfinger Zutaten: Trinkwasser, Zucker, Orangensaft aus Orangensaftkonzentrat (10%), Glukose-Fruktose-Sirup, Erdbeersaft aus Erdbeersaftkonzentrat (4,5%), Glukosesirup, Fruktose, Zitronensaft aus Zitronensaftkonzentrat (0,6%), Säureregulator (Citronensäure), Stabilisatoren (Johannisbrotkernmehl, Tarakernmehl, Guarkernmehl), Schwarze-Karotte-Konzentrat, Färberdistelkonzentrat, Farbstoffe (Paprikaextrakt, Kurkumin, Chlorophylle), Aromen. Kann Haselnuss, Milch, Soja und Weizen enthalten. Langnese Family Mix - Magnum Mini Classic Zutaten: Entrahmte MILCH, Zucker, Kakaobutter¹, Kakaomasse¹, Trinkwasser, Kokosfett, Glukosesirup, VOLLMILCHPULVER, Glukose-Fruktose-Sirup, MOLKENERZEUGNIS, BUTTERFETT, Emulgatoren (E471, Lecithine (SOJA), E476), vermahlene Vanilleschoten, Stabilisatoren (Johannisbrotkernmehl, Guarkernmehl, Carrageen), natürliches Vanillearoma¹ (mit MILCH), Aroma, Farbstoff (Carotin). Kann Mandeln enthalten.¹Rainforest Alliance-zertifiziert. Langnese Family Mix - Nogger Zutaten: entrahmte MILCH, Kokosfett, Zucker, Glukose-Fruktose-Sirup, Trinkwasser, Glukosesirup, HASELNUSS-Stückchen, fettarmer Kakao¹ (3%), WEIZENMEHL, MOLKENERZEUGNIS, MAGERMILCH-Pulver oder -Konzentrat, Stabilisatoren (Guarkernmehl, Johannisbrotkernmehl, Tarakernmehl), Emulgatoren (Mono- und Diglyceride von Speisefettsäuren, Ammoniumphosphatide), Speisesalz, Backtriebmittel (Ammoniumcarbonate), natürliches Vanillearoma¹. Kann Pistazie und Soja enthalten. ¹Rainforest Alliance-zertifiziert.Allergenhinweise: Enthält: Milch und Milcherzeugnisse (einschließlich Lactose). Nüsse und Nusserzeugnisse. Soja und Sojaerzeugnisse. Haselnuss und Haselnusserzeugnisse. Weizen und Weizenerzeugnisse (glutenhaltiges Getreide). Kann enthalten: Eier und Eierzeugnisse. Glutenhaltiges Getreide und glutenhaltige Getreideerzeugnisse.NährwerteDurchschnittliche NährwerteUnzubereitet pro 100 mlEnergie413 kJEnergie98 kcalFett< 0,5 gFett, davon gesättigte Fettsäuren< 0,1 gKohlenhydrate23 gKohlenhydrate, davon Zucker22 gEiweiß< 0,5 gSalz< 0,01 gHinweiseAufbewahrungs- und Verwendungshinweis: Bei -18°C mindestens haltbar bis Ende: siehe PackungsaufdruckArtikeldetailsMarke: LangneseUrsprungsland: UngarnKontaktKontaktname: Unilever DeutschlandKontaktadresse: Postfach 570 385, 22772 HamburgMaximale Bestellmenge: 15 StückFür die vorstehenden Angaben wird keine Haftung übernommen. Bitte prüfen Sie im Einzelfall die Angaben auf der jeweiligen Produktverpackung, nur diese sind verbindlich.Das Produktdesign kann von der Abbildung abweichen.",Am Grünen Hag 2,Rewe,Tiefkühl,2023-07-09,"Gültig ab morgen bis Samstag, 15.07.2023"
Leicht & Cross Knusper Rustica,https://img.rewe-static.de/REWE28_2023/8186660/28377819-16_digital-image.png?impolicy=s-offers&imwidth=200&output-format=image/webp,,https://shop.rewe.de/p/leicht-cross-knusperbrot-rustica-dreikorn-130g/8186660,,"versch. Sorten , je 130-g-Pckg , (1 kg = 7.62)",Aktion,"0,99 €","ProduktbeschreibungArtikelnummer 8186660Mein KnusperRustica Dreikorn: Überzeugt mit einem besonders kräftigen Geschmack von Roggen, Dinkel und Buchweizen – eine Kombination mit Biss.Zutaten & AllergeneZutaten: ROGGENVOLLKORNMEHL, ROGGENMEHL, DINKELWEIZENMEHL, Reismehl, ROGGENMALZMEHL, Zucker, Sonnenblumenöl, Salz. Zur Herstellung von 100g des Produktes werden 40,5g Roggenvollkornmehl, 40g Roggenmehl, 11g Dinkelweizenmehl, 6g Reismehl und 5g Roggenmalzmehl verwendet. Kann Spuren enthalten von: SOJA, MILCH, EI, SESAM.Allergenhinweise: Enthält: Roggen und Roggenerzeugnisse (glutenhaltiges Getreide). Dinkel und Dinkelerzeugnisse (glutenhaltiges Getreide). Kann enthalten: Soja und Sojaerzeugnisse. Milch und Milcherzeugnisse (einschließlich Lactose). Eier und Eierzeugnisse. Sesamsamen und Sesamsamenerzeugnisse.NährwerteDurchschnittliche NährwerteUnzubereitet pro 100 gEnergie1.554 kJEnergie367 kcalFett3 gFett, davon gesättigte Fettsäuren0,4 gKohlenhydrate72 gKohlenhydrate, davon Zucker3,7 gBallaststoffe8 gEiweiß9,1 gSalz1,2 gHinweiseAufbewahrungs- und Verwendungshinweis: Nach dem Öffnen LEICHT&CROSS-Knusperbrot trocken aufbewahren und innerhalb weniger Tage verzehren. Vor Wärme schützen. Trocken lagern.Mindestens haltbar bis: siehe BodenArtikeldetailsMarke: Leicht & CrossEigenschaften: Vegan, Vegetarisch, LaktosefreiUrsprungsland: DeutschlandKontaktKontaktname: Griesson - de BeukelaerKontaktadresse: D-56751 PolchMaximale Bestellmenge: 15 StückFür die vorstehenden Angaben wird keine Haftung übernommen. Bitte prüfen Sie im Einzelfall die Angaben auf der jeweiligen Produktverpackung, nur diese sind verbindlich.Das Produktdesign kann von der Abbildung abweichen.",Am Grünen Hag 2,Rewe,Frühstück,2023-07-09,"Gültig ab morgen bis Samstag, 15.07.2023"
Schwiizer Schüümli,https://img.rewe-static.de/REWE28_2023/2035261/21894441-26_digital-image.png?impolicy=s-offers&imwidth=200&output-format=image/webp,,https://shop.rewe.de/p/schwiizer-schueuemli-crema-ganze-bohne-1kg/2035261,,"ganze Bohnen, versch. Sorten , je 1000-g-Btl",Aktion,"10,99 €","ProduktbeschreibungArtikelnummer 2035261- SCHWIIZER SCHÜÜMLI CREMA: Unsere gerösteten Kaffeebohnen sind 100% edle Arabicas und überzeugen durch einen aromatischen Geschmack - ein echter Genuss für die Sinne 
- UMWELTFREUNDLICH: Unserer Bohnenkaffee ist UTZ-zertifiziert. Wir setzten uns für eine verantwortungsbewusste, umweltfreundliche Kaffeeproduktion ein 
- DETAIL: Röstkaffee in ganzen Bohnen - Verpackung 1 kg - Intensität 3 von 5 - 100 Prozent Arabica - Empfohlene Tassengrösse: 40 ml Espresso 
- KOMPABILITÄT: Ideal für Vollautomaten mit integriertem Mahlwerk, Espresso-Kolbenmaschine und italienische Mocca-Kannen 
- SCHWEIZER PREMIUMKAFFEE: Unsere Leidenschaft sind hochwertige Kaffeeprodukte. Wir beschaffen, veredeln und verpacken Kaffee seit 1954... mehr anzeigenHinweiseInformation: Unter Schutzatmosphäre verpackt.ArtikeldetailsUrsprungsland: SchweizKontaktKontaktname: SCG Swiss Consumer Goods GmbHKontaktadresse: D-64625 BensheimFür die vorstehenden Angaben wird keine Haftung übernommen. Bitte prüfen Sie im Einzelfall die Angaben auf der jeweiligen Produktverpackung, nur diese sind verbindlich.Das Produktdesign kann von der Abbildung abweichen.",Am Grünen Hag 2,Rewe,Frühstück,2023-07-09,"Gültig ab morgen bis Samstag, 15.07.2023"
Jacobs Auslese oder Meisterröstung,https://img.rewe-static.de/REWE28_2023/7055901/26484398-13_digital-image.png?impolicy=s-offers&imwidth=200&output-format=image/webp,,https://shop.rewe.de/p/jacobs-filterkaffee-auslese-klassisch-500g/7055901,,"versch. Sorten, gemahlener Bohnenkaffee , je 500-g-Pckg , (1 kg = 7.98)",Aktion,"3,99 €","ProduktbeschreibungArtikelnummer 7055901Die aromatische Komposition ausgewählter Kaffeebohnen, geröstet in unserem besonders schonenden Röstverfahren, garantiert den unverwechselbaren Geschmack unserer Auslese von Jacobs klassisch. Die aromatische Komposition ausgewählter Kaffeebohnen, geröstet in unserem besonders schonenden Röstverfahren, garantiert den unverwechselbaren Geschmack unserer Auslese von Jacobs klassisch.Zutaten & AllergeneAllergenhinweise: Enthält: Keine deklarationspflichtigen Allergene enthalten.HinweiseAufbewahrungs- und Verwendungshinweis: Geöffnete Packung gut verschlossen, kühl und trocken aufbewahren.ArtikeldetailsMarke: JacobsUrsprungsland: DeutschlandKontaktKontaktname: JACOBS DOUWE EGBERTSKontaktadresse: Oosterdoksstraat 80, 1011 DK Amsterdam, The NetherlandsMaximale Bestellmenge: 15 StückFür die vorstehenden Angaben wird keine Haftung übernommen. Bitte prüfen Sie im Einzelfall die Angaben auf der jeweiligen Produktverpackung, nur diese sind verbindlich.Das Produktdesign kann von der Abbildung abweichen.",Am Grünen Hag 2,Rewe,Frühstück,2023-07-09,"Gültig ab morgen bis Samstag, 15.07.2023"
Milka Haselnusscreme,https://img.rewe-static.de/REWE28_2023/8424980/30781039-8_digital-image.png?impolicy=s-offers&imwidth=200&output-format=image/webp,,https://shop.rewe.de/p/milka-haselnusscreme-350g/8424980,,"je 350-g-Glas , (1 kg = 5.69)",Aktion,"1,99 €","ProduktbeschreibungArtikelnummer 8424980Zutaten & AllergeneZutaten: Zucker, Rapsöl (25%), Süssmolkenpulver (aus MILCH), HASELNUSSMASSE (5%), fettarmes Kakaopulver, MAGERMILCHPULVER, Kakaobutter, Sonnenblumenöl, Emulgator (Lecithine), Speisesalz, Aromen. KANN ENTHALTEN: ANDERE NÜSSE, WEIZEN UND ERDNUSS.Allergenhinweise: MILCH, HASELNUSSMASSE, MAGERMILCHPULVEREnthält: Haselnuss und Haselnusserzeugnisse. Milch und Milcherzeugnisse (einschließlich Lactose). Nüsse und Nusserzeugnisse. Kann enthalten: Weizen und Weizenerzeugnisse (glutenhaltiges Getreide). Erdnüsse und Erdnusserzeugnisse. Glutenhaltiges Getreide und glutenhaltige Getreideerzeugnisse.NährwerteDurchschnittliche NährwerteUnzubereitet pro 100 gEnergie2.316 kJEnergie555 kcalFett34 gFett, davon gesättigte Fettsäuren4,6 gKohlenhydrate58 gKohlenhydrate, davon Zucker57 gBallaststoffe2,1 gEiweiß3,8 gSalz0,18 gHinweiseAufbewahrungs- und Verwendungshinweis: Trocken lagern und vor Wärme schützen. Optimale Aufbewahrung zwischen 15°C und 20°CArtikeldetailsMarke: MilkaUrsprungsland: BelgienKontaktKontaktname: Mondelez Deutschland GmbHKontaktadresse: D-28078 BremenMaximale Bestellmenge: 15 StückFür die vorstehenden Angaben wird keine Haftung übernommen. Bitte prüfen Sie im Einzelfall die Angaben auf der jeweiligen Produktverpackung, nur diese sind verbindlich.Das Produktdesign kann von der Abbildung abweichen.",Am Grünen Hag 2,Rewe,Frühstück,2023-07-09,"Gültig ab morgen bis Samstag, 15.07.2023"
Mövenpick Gourmet Fruchtaufstrich,https://img.rewe-static.de/REWE28_2023/5074088/8198980-23_digital-image.png?impolicy=s-offers&imwidth=200&output-format=image/webp,,https://shop.rewe.de/p/moevenpick-gourmet-fruehstueck-schwarze-johannisbeeren-fruchtaufstrich-250g/5074088,,"versch. Sorten , je 250-g-Glas , (1 kg = 7.96)",Aktion,"1,99 €","ProduktbeschreibungArtikelnummer 5074088Ohne Zusatz von Aromen
Bester Mövenpick Geschmack
erlesene FrüchteZutaten & AllergeneZutaten: Schwarze Johannisbeeren, Zucker, Verdickungsmittel: Pektin, Säuerungsmittel: Citronensäure.NährwerteDurchschnittliche NährwerteUnzubereitet pro 100 gEnergie858 kJEnergie202 kcalFett0,1 gFett, davon gesättigte Fettsäuren0 gKohlenhydrate46,5 gKohlenhydrate, davon Zucker46,5 gBallaststoffe4,1 gEiweiß0,7 gSalz0,02 gHinweiseAufbewahrungs- und Verwendungshinweis: Nach dem Öffnen im Kühlschrank aufbewahren.Information: Hergestellt aus 55g Früchten je 100g.ArtikeldetailsMarke: MövenpickUrsprungsland: DeutschlandSorte: Schwarze JohannisbeereKontaktKontaktname: Schwartauer Werke GmbH & Co KGaAKontaktadresse: 23608 Bad SchwartauMaximale Bestellmenge: 15 StückFür die vorstehenden Angaben wird keine Haftung übernommen. Bitte prüfen Sie im Einzelfall die Angaben auf der jeweiligen Produktverpackung, nur diese sind verbindlich.Das Produktdesign kann von der Abbildung abweichen.",Am Grünen Hag 2,Rewe,Frühstück,2023-07-09,"Gültig ab morgen bis Samstag, 15.07.2023"
Suchard Express oder Kaba Kakao,https://img.rewe-static.de/REWE28_2023/8908126/39431257-7_digital-image.png?impolicy=s-offers&imwidth=200&output-format=image/webp,,https://shop.rewe.de/p/suchard-express-kakao-400g/8908126,,"je 400-g-Btl , (1 kg = 4.98)",Aktion,"1,99 €","ProduktbeschreibungArtikelnummer 8908126Zutaten & AllergeneZutaten: Zucker, mageres Kakaopulver (18 %), Traubenzucker (15 %), Emulgator (SOJAlecithine), Salz, natürliches Aroma.Allergenhinweise: Enthält: Soja und Sojaerzeugnisse.NährwerteDurchschnittliche NährwerteUnzubereitet pro 100 gEnergie1.625 kJEnergie384 kcalFett3 gFett, davon gesättigte Fettsäuren1,4 gKohlenhydrate82 gKohlenhydrate, davon Zucker79 gBallaststoffe5,7 gEiweiß4 gSalz0,34 gHinweiseAufbewahrungs- und Verwendungshinweis: Mindestens haltbar bis: Siehe Boden.Trocken lagern und vor Wärme schützen.ArtikeldetailsMarke: SuchardUrsprungsland: FrankreichKontaktKontaktname: Carambar and Co.Kontaktadresse: 9 rue Maurice Mallet , 92130 Issy-les-Moulineaux - FranceMaximale Bestellmenge: 15 StückFür die vorstehenden Angaben wird keine Haftung übernommen. Bitte prüfen Sie im Einzelfall die Angaben auf der jeweiligen Produktverpackung, nur diese sind verbindlich.Das Produktdesign kann von der Abbildung abweichen.",Am Grünen Hag 2,Rewe,Frühstück,2023-07-09,"Gültig ab morgen bis Samstag, 15.07.2023"
"Partykranz
            2",https://img.rewe-static.de/REWE28_2023/0544566/26767044-10_digital-image.png?impolicy=s-offers&imwidth=200&output-format=image/webp,,https://shop.rewe.de/p/entrup-partykranz/544566,,"je 400-g-St , (1 kg = 4.98)",Aktion,"1,99 €","ProduktbeschreibungArtikelnummer 544566Zutaten: WEIZENMEHL, Wasser, SESAM, Mohn, Hefe, BUCHWEIZEN, Leinsamen, Salz, Rapsöl. 

Enthält: GLUTEN, SESAM. Kann Spuren von EIER, SOJA, MILCH, SCHALENFRÜCHTE enthalten. 

Nährwerte je 100g:
Energie: 1320KJ
Energie: 313kcal
Fett: 7g
Fett, davon gesättigte Fettsäuren: 0,9g
Kohlenhydrate: 50,1g
Kohlenhydrate, davon Zucker: 1,8g
Eiweiß: 10,6g
Salz: 1,1g ArtikeldetailsMarke: EntrupFür die vorstehenden Angaben wird keine Haftung übernommen. Bitte prüfen Sie im Einzelfall die Angaben auf der jeweiligen Produktverpackung, nur diese sind verbindlich.Das Produktdesign kann von der Abbildung abweichen.",Am Grünen Hag 2,Rewe,Frühstück,2023-07-09,"Gültig ab morgen bis Samstag, 15.07.2023"
Corny Müsliriegel Schoko,https://img.rewe-static.de/REWE28_2023/0544800/1238460-61_digital-image.png?impolicy=s-offers&imwidth=200&output-format=image/webp,,https://shop.rewe.de/p/corny-schoko-6x25g/544800,,"je 6 x 25-g-Riegel-Pckg , (1 kg = 8.60)",Knaller,"1,29 €","ProduktbeschreibungArtikelnummer 544800Ohne Farbstoffe
Ohne Zusatz von Konservierungsstoffen*. *lt. Gesetz
Mit 10% Vollkorn
24% MilchschokoladeZutaten & AllergeneZutaten: MILCHSCHOKOLADE 24% (Zucker, Kakaomasse, Kakaobutter, MAGERMILCHPULVER, BUTTERFETT, Emulgator Lecithine), Getreidecrispies (WEIZENMEHL, Zucker, Reismehl, Maismehl, GERSTENMALZEXTRAKT, Salz, Karamellzuckersirup), Glukosesirup, Glukose-Fruktose-Sirup, Vollkorngetreideflocken 10% (HAFER-, WEIZEN-, GERSTEN-), geröstete ERDNÜSSE, Zucker, Kokosfett, Cornflakes (Mais, Salz, GERSTENMALZEXTRAKT), Honig 1%, natürliches Aroma, Salz, Karamellzuckersirup, Emulgator LecithineAllergenhinweise: Enthält: Glutenhaltiges Getreide und glutenhaltige Getreideerzeugnisse. Erdnüsse und Erdnusserzeugnisse. Milch und Milcherzeugnisse (einschließlich Lactose). Kann enthalten: Haselnuss und Haselnusserzeugnisse. Mandeln und Mandelerzeugnisse.NährwerteDurchschnittliche NährwerteUnzubereitet pro 100 gEnergie1.914 kJEnergie456 kcalFett17,5 gFett, davon gesättigte Fettsäuren10,2 gKohlenhydrate66,6 gKohlenhydrate, davon Zucker34,1 gBallaststoffe3,3 gEiweiß6,3 gSalz0,51 gHinweiseAufbewahrungs- und Verwendungshinweis: Vor Wärme schützen. Kühl und trocken lagern.ArtikeldetailsMarke: CORNYUrsprungsland: DeutschlandSorte: SchokoKontaktKontaktname: Schwartauer Werke GmbH & Co. KGaAKontaktadresse: 23608 Bad SchwartauMaximale Bestellmenge: 15 StückFür die vorstehenden Angaben wird keine Haftung übernommen. Bitte prüfen Sie im Einzelfall die Angaben auf der jeweiligen Produktverpackung, nur diese sind verbindlich.Das Produktdesign kann von der Abbildung abweichen.",Am Grünen Hag 2,Rewe,Frühstück,2023-07-09,"Gültig ab morgen bis Samstag, 15.07.2023"
Corny Müsliriegel Milch Classic,https://img.rewe-static.de/REWE28_2023/0544828/22736757-25_digital-image.png?impolicy=s-offers&imwidth=200&output-format=image/webp,,https://shop.rewe.de/p/corny-milch-classic-4x30g/544828,,"je 4 x 30-g-Riegel-Pckg , (1 kg = 10.75)",Knaller,"1,29 €","ProduktbeschreibungArtikelnummer 544828Ohne Zusatz von Konservierungsstoffen.* *lt. Gesetz
Ohne Farbstoffe
Cremig Lecker
Cream up your crunchZutaten & AllergeneZutaten: Kakaohaltige Getreidecrispies 17% (Reismehl, WEIZENMEHL, fettarmes Kakaopulver, VOLLMILCHPULVER 2%, Zucker, Maismehl, Salz), Cornflakes 15% (Mais, Zucker, Salz, GERSTENMALZEXTRAKT), Kokosfett, Glukosesirup, Glukose-Fruktose-Sirup, Oligofruktose, Traubenzucker, VOLLKORNHAFERFLOCKEN 5%, Honig 5%, Zucker, Palmöl, VOLLMILCHPULVER 3%, MAGERMILCHPULVER 3%, Stabilisator Glycerin, Karamellzuckersirup, Salz, Emulgator Lecithine, natürliche Aromen.Allergenhinweise: Enthält: Glutenhaltiges Getreide und glutenhaltige Getreideerzeugnisse. Milch und Milcherzeugnisse (einschließlich Lactose). Kann enthalten: Nüsse und Nusserzeugnisse. Erdnüsse und Erdnusserzeugnisse.NährwerteDurchschnittliche NährwerteUnzubereitet pro 100 gEnergie1.882 kJEnergie449 kcalFett19,1 gFett, davon gesättigte Fettsäuren16,1 gKohlenhydrate60,5 gKohlenhydrate, davon Zucker30,3 gBallaststoffe6,4 gEiweiß5,8 gSalz0,74 gHinweiseAufbewahrungs- und Verwendungshinweis: Vor Wärme schützen. Kühl und trocken lagern.ArtikeldetailsMarke: CORNYUrsprungsland: DeutschlandKontaktKontaktname: Schwartauer Werke GmbH & Co. KGaAKontaktadresse: 23608 Bad SchwartauMaximale Bestellmenge: 15 StückFür die vorstehenden Angaben wird keine Haftung übernommen. Bitte prüfen Sie im Einzelfall die Angaben auf der jeweiligen Produktverpackung, nur diese sind verbindlich.Das Produktdesign kann von der Abbildung abweichen.",Am Grünen Hag 2,Rewe,Frühstück,2023-07-09,"Gültig ab morgen bis Samstag, 15.07.2023"
Lavazza Caffè Crema Classico oder Crema e Aroma,https://img.rewe-static.de/REWE28_2023/0293182/30798874-10_digital-image.png?impolicy=s-offers&imwidth=200&output-format=image/webp,,https://shop.rewe.de/p/corny-milch-classic-4x30g/544828,,"ganze Bohnen , je 1000-g-Btl",Knaller,"9,99 €","b'ProduktbeschreibungArtikelnummer 293182Eine sehr vielseitige Mischung aus Arabica und Robusta Bohnen. HinweiseAufbewahrungs- und Verwendungshinweis: trocken lagern.ArtikeldetailsMarke: LavazzaUrsprungsland: ItalienKontaktKontaktname: LUIGI LAVAZZA S.p.A.Kontaktadresse: C. SO NOVARA, 59- 10154 TORINO - ITALIAMaximale Bestellmenge: 15 St\xc3\xbcckF\xc3\xbcr die vorstehenden Angaben wird keine Haftung \xc3\xbcbernommen. Bitte pr\xc3\xbcfen Sie im Einzelfall die Angaben auf der jeweiligen Produktverpackung, nur diese sind verbindlich.Das Produktdesign kann von der Abbildung abweichen.'",Am Grünen Hag 2,Rewe,Frühstück,2023-07-09,"Gültig ab morgen bis Samstag, 15.07.2023"
Jacobs Tassimokapseln Cappuccino,https://img.rewe-static.de/REWE28_2023/1398796/20366868-22_digital-image.png?impolicy=s-offers&imwidth=200&output-format=image/webp,,https://shop.rewe.de/p/tassimo-kaffeekapseln-jacobs-cappuccino-classico-260g-8-kapseln/1398796,,"je 260-g-Pckg , (1 kg = 15.35)",Aktion,"3,99 €","ProduktbeschreibungArtikelnummer 1398796Köstlich cremiger Cappuccino von Tassimo mit dem Jacobs Verwöhnaroma. Eine Kombination aus intensivem Espresso mit feinem Schaum. 
Ihr Lieblingsgetränk - vollautomatisch mit nur einem Knopfdruck zubereitet. 
1 Getränk = 190 ml. Der Tassimo Cappuccino Classico von Jacobs ist eine Kombination aus intensivem Espresso und einer Milchschaumschicht. Eine speziell hergestellte Mischung aus perfekt gerösteten Espressobohnen, um den authentischen Cappuccino-Geschmack zu kreieren. Genieße die Kombination aus intensivem Espresso und feinem Schaum mit dem köstlichen Jacobs Cappuccino.Zutaten & AllergeneZutaten: Ultrafiltriertes VOLLMILCHKONZENTRAT (60%), gemahlener Röstkaffee (20%), Zucker (11%), Wasser, Salz, Säureregulator (E339).Allergenhinweise: VOLLMILCHKONZENTRATEnthält: Milch und Milcherzeugnisse (einschließlich Lactose).NährwerteDurchschnittliche NährwerteZubereitet pro 100 mlEnergie105 kJEnergie25 kcalFett1,3 gFett, davon gesättigte Fettsäuren0,9 gKohlenhydrate2,2 gKohlenhydrate, davon Zucker2,2 gBallaststoffe0 gEiweiß1,1 gSalz0,1 gHinweiseAufbewahrungs- und Verwendungshinweis: Trocken, dunkel lagern und vor Wärme schützen.Information: unter Schutzatmosphäre verpacktArtikeldetailsMarke: TassimoUrsprungsland: DeutschlandKontaktKontaktname: JACOBS DOUWE EGBERTSKontaktadresse: Oosterdoksstraat 80, 1011 DK Amsterdam, The NetherlandsMaximale Bestellmenge: 15 StückFür die vorstehenden Angaben wird keine Haftung übernommen. Bitte prüfen Sie im Einzelfall die Angaben auf der jeweiligen Produktverpackung, nur diese sind verbindlich.Das Produktdesign kann von der Abbildung abweichen.",Am Grünen Hag 2,Rewe,Frühstück,2023-07-09,"Gültig ab morgen bis Samstag, 15.07.2023"
Jacobs Tassimokapseln Caffè Crema XL,https://img.rewe-static.de/REWE28_2023/1398793/20366870-34_digital-image.png?impolicy=s-offers&imwidth=200&output-format=image/webp,,https://shop.rewe.de/p/tassimo-kaffeekapseln-jacobs-caff-crema-classico-132-8g-16-kapseln/1398793,,"je 132,8-g-Pckg , (1 kg = 30.05)",Aktion,"3,99 €","ProduktbeschreibungArtikelnummer 1398793Mit der praktischen XL-Becherportion hält der Kaffeegenuss des Tassimo Jacobs Caffè Crema Classico XL noch länger an. Erleben Sie den vollmundigen Geschmack des Jacobs Verwöhnaromas und die samtige, goldene Crema. 
Ihr Lieblingsgetränk - vollautomatisch mit nur einem Knopfdruck zubereitet. 
1 Getränk = 215 ml. Mit der praktischen XL-Becherportion hält der Kaffeegenuss des TASSIMO Jacobs Caffè Crema classico XL noch länger an. Erleben Sie den vollmundigen Geschmack des Jacobs Verwöhnaromas und die samtige, goldene Crema. 
Ihr Lieblingsgetränk - vollautomatisch mit nur einem Knopfdruck zubereitet. 
1 Getränk = 215 mlZutaten & AllergeneAllergenhinweise: Enthält: Keine deklarationspflichtigen Allergene enthalten.HinweiseAufbewahrungs- und Verwendungshinweis: Trocken lagern und vor Wärme schützen.Information: unter Schutzatmosphäre verpacktArtikeldetailsMarke: TassimoUrsprungsland: DeutschlandSorte: ClassicoKontaktKontaktname: JACOBS DOUWE EGBERTSKontaktadresse: Oosterdoksstraat 80, 1011 DK Amsterdam, The NetherlandsMaximale Bestellmenge: 15 StückFür die vorstehenden Angaben wird keine Haftung übernommen. Bitte prüfen Sie im Einzelfall die Angaben auf der jeweiligen Produktverpackung, nur diese sind verbindlich.Das Produktdesign kann von der Abbildung abweichen.",Am Grünen Hag 2,Rewe,Frühstück,2023-07-09,"Gültig ab morgen bis Samstag, 15.07.2023"
Wasa Milch & Joghurtknäcke,https://img.rewe-static.de/REWE28_2023/7909062/33278373-9_digital-image.png?impolicy=s-offers&imwidth=200&output-format=image/webp,,https://shop.rewe.de/p/wasa-knaeckebrot-milch-joghurt-230g/7909062,,"je 230-g-Pckg , (1 kg = 8.65)",Aktion,"1,99 €","ProduktbeschreibungArtikelnummer 7909062Zutaten & AllergeneZutaten: ROGGENVOLLKORNMEHL (105 g**), entrahmte MILCH (16 g**), JOGHURTPULVER, MOLKENPULVER, Salz. Kann Spuren von SESAMSAMEN enthalten. Die hervorgehobenen Zutaten können bei Personen mit Allergien und Unverträglichkeiten Reaktionen verursachen. . **in g pro 100 g ProduktAllergenhinweise: Enthält: Glutenhaltiges Getreide und glutenhaltige Getreideerzeugnisse. Roggen und Roggenerzeugnisse (glutenhaltiges Getreide). Milch und Milcherzeugnisse (einschließlich Lactose). Kann enthalten: Sesamsamen und Sesamsamenerzeugnisse.NährwerteDurchschnittliche NährwerteUnzubereitet pro 100 gEnergie1.424 kJEnergie338 kcalFett2 gFett, davon gesättigte Fettsäuren0,3 gKohlenhydrate60,5 gKohlenhydrate, davon Zucker3,5 gBallaststoffe20 gEiweiß9,5 gSalz1,15 gHinweiseAufbewahrungs- und Verwendungshinweis: Trocken und vor Licht geschützt aufbewahren.ArtikeldetailsMarke: WasaUrsprungsland: DeutschlandKontaktKontaktname: Barilla Deutschland GmbH, Bereich WasaKontaktadresse: Wasastraße 10, D-29229 CelleMaximale Bestellmenge: 15 StückFür die vorstehenden Angaben wird keine Haftung übernommen. Bitte prüfen Sie im Einzelfall die Angaben auf der jeweiligen Produktverpackung, nur diese sind verbindlich.Das Produktdesign kann von der Abbildung abweichen.",Am Grünen Hag 2,Rewe,Frühstück,2023-07-09,"Gültig ab morgen bis Samstag, 15.07.2023"
Wasa Knäckebrot Rustikal,https://img.rewe-static.de/REWE28_2023/1995073/674470-38_digital-image.png?impolicy=s-offers&imwidth=200&output-format=image/webp,,https://shop.rewe.de/p/wasa-knaeckebrot-rustikal-275g/1995073,,"je 275-g-Pckg , (1 kg = 7.24)",Aktion,"1,99 €","ProduktbeschreibungArtikelnummer 1995073Zutaten & AllergeneZutaten: ROGGENVOLLKORNMEHL, ROGGENKLEIE, Salz, Hefe. DIE HERVORGEHOBENEN ZUTATEN KÖNNEN BEI PERSONEN MIT ALLERGIEN UND UNVERTRÄGLICHKEITEN REAKTIONEN VERURSACHEN.Allergenhinweise: Enthält: Glutenhaltiges Getreide und glutenhaltige Getreideerzeugnisse. Roggen und Roggenerzeugnisse (glutenhaltiges Getreide).NährwerteDurchschnittliche NährwerteUnzubereitet pro 100 gEnergie1.377 kJEnergie327 kcalFett1,5 gFett, davon gesättigte Fettsäuren0,4 gKohlenhydrate59,3 gKohlenhydrate, davon Zucker1,5 gBallaststoffe20 gEiweiß9 gSalz1,25 gHinweiseAufbewahrungs- und Verwendungshinweis: Trocken und vor Licht geschützt aufbewahrenArtikeldetailsMarke: WasaUrsprungsland: SchwedenKontaktKontaktname: Barilla Deutschland GmbH, Bereich WasaKontaktadresse: Wasastraße 10, D-29229 CelleMaximale Bestellmenge: 15 StückFür die vorstehenden Angaben wird keine Haftung übernommen. Bitte prüfen Sie im Einzelfall die Angaben auf der jeweiligen Produktverpackung, nur diese sind verbindlich.Das Produktdesign kann von der Abbildung abweichen.",Am Grünen Hag 2,Rewe,Frühstück,2023-07-09,"Gültig ab morgen bis Samstag, 15.07.2023"
Mestemacher Wraps,https://img.rewe-static.de/REWE28_2023/8722477/35581003-6_digital-image.png?impolicy=s-offers&imwidth=200&output-format=image/webp,,https://shop.rewe.de/p/wasa-knaeckebrot-rustikal-275g/1995073,,"versch. Sorten , je 300-g-Pckg , (1 kg = 7.30)",Aktion,"2,19 €","b'ProduktbeschreibungArtikelnummer 8722477Man nehme italienisches Temperament, ein Originalrezept und kaltgepresstes Oliven\xc3\xb6l. Diese Zutaten machen unsere Wraps zu etwas ganz Besonderem!Zutaten & AllergeneZutaten: DINKELMEHL*1), Wasser, natives Oliven\xc3\xb6l extra* (5 %), Sonnenblumen\xc3\xb6l*, Meersalz, nat\xc3\xbcrliches Rosmarinaroma. * aus biologischem Landbau 1)Mit Dinkelmehl aus der EU. Kann Spuren von SOJA und SENF enthalten.Allergenhinweise: Enth\xc3\xa4lt: Glutenhaltiges Getreide und glutenhaltige Getreideerzeugnisse. Dinkel und Dinkelerzeugnisse (glutenhaltiges Getreide). Kann enthalten: Soja und Sojaerzeugnisse. Senf- und Senferzeugnisse.N\xc3\xa4hrwerteDurchschnittliche N\xc3\xa4hrwerteUnzubereitet pro 100 gEnergie1.280 kJEnergie304 kcalFett8,6 gFett, davon ges\xc3\xa4ttigte Fetts\xc3\xa4uren1,1 gKohlenhydrate45,7 gKohlenhydrate, davon Zucker1 gBallaststoffe3,1 gEiwei\xc3\x9f9,5 gSalz1,1 gHinweiseAufbewahrungs- und Verwendungshinweis: K\xc3\xbchl und trocken lagern.ArtikeldetailsMarkeMestemacherEigenschaftenVegan, BioUrsprungslandItalienServiervorschlagNach Belieben f\xc3\xbcllen, z.B. mit Salat oder Geschnetzeltem.\xc3\x96ko KontrollstelleIT-BIO-007Ort der ErzeugungEU-LandwirtschaftKontaktKontaktname: Mestemacher GmbHKontaktadresse: Postfach 2451 - 33254 G\xc3\xbcterslohF\xc3\xbcr die vorstehenden Angaben wird keine Haftung \xc3\xbcbernommen. Bitte pr\xc3\xbcfen Sie im Einzelfall die Angaben auf der jeweiligen Produktverpackung, nur diese sind verbindlich.Das Produktdesign kann von der Abbildung abweichen.'",Am Grünen Hag 2,Rewe,Frühstück,2023-07-09,"Gültig ab morgen bis Samstag, 15.07.2023"
Lavazza Crema e Gusto oder Espresso,https://img.rewe-static.de/REWE28_2023/7713584/29141056-8_digital-image.png?impolicy=s-offers&imwidth=200&output-format=image/webp,,https://shop.rewe.de/p/wasa-knaeckebrot-rustikal-275g/1995073,,"versch. Sorten , je 250-g-Pckg , (1 kg = 13.96)",Aktion,"3,49 €","b'ProduktbeschreibungArtikelnummer 7713584Die Mischung besteht aus einer Auswahl hochwertiger, rassiger Arabicas (30 %) und Robustas (70 %) und ist ideal f\xc3\xbcr all diejenigen geeignet, die jeden Augenblick des Tages ein intensives Geschmackserlebnis genie\xce\xb2en m\xc3\xb6chten. HinweiseAufbewahrungs- und Verwendungshinweis: trocken lagern.ArtikeldetailsMarke: LavazzaUrsprungsland: ItalienSorte: Crema e GustoKontaktKontaktname: LUIGI LAVAZZA S.p.A.Kontaktadresse: C. SO NOVARA, 59- 10154 TORINO - ITALIAMaximale Bestellmenge: 15 St\xc3\xbcckF\xc3\xbcr die vorstehenden Angaben wird keine Haftung \xc3\xbcbernommen. Bitte pr\xc3\xbcfen Sie im Einzelfall die Angaben auf der jeweiligen Produktverpackung, nur diese sind verbindlich.Das Produktdesign kann von der Abbildung abweichen.'",Am Grünen Hag 2,Rewe,Frühstück,2023-07-09,"Gültig ab morgen bis Samstag, 15.07.2023"
Heinz Mayonnaise,https://img.rewe-static.de/REWE28_2023/8280030/29291195-23_digital-image.png?impolicy=s-offers&imwidth=200&output-format=image/webp,,https://shop.rewe.de/p/heinz-einfach-lecker-mayonnaise-495ml/8280030,,"je 495-ml-Fl , (1 l = 4.02)",Aktion,"1,99 €","ProduktbeschreibungArtikelnummer 8280030Das Original: Die köstliche Heinz Mayonnaise überzeugt mit ihrem vollmundigen Geschmack und ergänzt die unterschiedlichsten Gerichte um eine cremige Note. Die leckere Mayonnaise von Heinz ist aus hochwertigsten Zutaten sowie Eiern aus Freilandhaltung hergestellt und sorgt so für einen besonders frischen Geschmack. Ob zu Kartoffelprodukten, Sandwiches oder als Basis für Salatdressings - ihre feine Würze macht die Mayonnaise von Heinz zu einem einmalig cremigen Genuss. Dank der praktischen Dosieröffnung ist schnelles und sauberes Dosieren ganz einfach - so wird die große Squeezeflasche zum Must-have auf jeder Grillparty. Ohne künstliche Farbstoffe und Aromen / Einfache Dosierung / Ideal für Burger, Pommes u. v. m.... mehr anzeigenEcht etwas Besonderes: Eine frisch schmeckende und lecker cremige Mayonnaise, hergestellt aus hochwertigsten Zutaten …und Eiern aus Freilandhaltung.Zutaten & AllergeneZutaten: Rapsöl 68%, Wasser, pasteurisiertes EIGELB† 5%, Branntweinessig††, Zucker, Stärke, Salz, SENFSAMEN, Gewürze, Antioxidationsmittel (Calcium-Dinatrium-EDTA). †Von Eiern aus Freilandhaltung. ††Österreich: Weingeistessig.Allergenhinweise: Enthält: Eier und Eierzeugnisse. Senf- und Senferzeugnisse.NährwerteDurchschnittliche NährwerteUnzubereitet pro 100 gEnergie2.650 kJEnergie644 kcalFett70 gFett, davon gesättigte Fettsäuren6,7 gKohlenhydrate3 gKohlenhydrate, davon Zucker1,5 gEiweiß0,8 gSalz1 gHinweiseAufbewahrungs- und Verwendungshinweis: Nach dem Öffnen gekühlt aufbewahren.ArtikeldetailsMarke: HeinzUrsprungsland: NiederlandeKontaktKontaktname: H. J. Heinz GmbHKontaktadresse: Postfach 14 05 55, 40075 Düsseldorf, DeutschlandFür die vorstehenden Angaben wird keine Haftung übernommen. Bitte prüfen Sie im Einzelfall die Angaben auf der jeweiligen Produktverpackung, nur diese sind verbindlich.Das Produktdesign kann von der Abbildung abweichen.",Am Grünen Hag 2,Rewe,Kochen & Backen,2023-07-09,"Gültig ab morgen bis Samstag, 15.07.2023"
Appel Heringsfilets,https://img.rewe-static.de/REWE28_2023/8648160/33102496-7_digital-image.png?impolicy=s-offers&imwidth=200&output-format=image/webp,,https://shop.rewe.de/p/appel-msc-zarte-filets-vom-hering-tomaten-creme-200g/8648160,,"versch. Sorten , je 200-g-Dose , (1 kg = 5.95)",Aktion,"1,19 €","ProduktbeschreibungArtikelnummer 8648160Zutaten & AllergeneZutaten: HERINGSFILETS (60%), Tomatenmark (14%), Wasser, Rapsöl, Zucker, Branntweinessig, Verdickungsmittel: Guarkernmehl; Speisesalz, modifizierte Stärke, Gewürze.Allergenhinweise: Enthält: Fisch und Fischerzeugnisse.NährwerteDurchschnittliche NährwerteUnzubereitet pro 100 gEnergie906 kJEnergie218 kcalFett16,1 gFett, davon gesättigte Fettsäuren2,7 gKohlenhydrate5,2 gKohlenhydrate, davon Zucker4,5 gEiweiß12 gSalz0,98 gArtikeldetailsMarke: AppelNettofüllmenge: 200 GUrsprungsland: DeutschlandKontaktKontaktname: Appel Feinkost GmbH & Co. KGKontaktadresse: D-27472 CuxhavenMaximale Bestellmenge: 15 StückFür die vorstehenden Angaben wird keine Haftung übernommen. Bitte prüfen Sie im Einzelfall die Angaben auf der jeweiligen Produktverpackung, nur diese sind verbindlich.Das Produktdesign kann von der Abbildung abweichen.",Am Grünen Hag 2,Rewe,Kochen & Backen,2023-07-09,"Gültig ab morgen bis Samstag, 15.07.2023"
Händlmaier Mittelscharfer Senf,https://img.rewe-static.de/REWE28_2023/8231117/8151880-12_digital-image.png?impolicy=s-offers&imwidth=200&output-format=image/webp,,https://shop.rewe.de/p/haendlmaier-s-mittelscharfer-senf-250ml/8231117,,"je 250-ml-Glas , (1 l = 3.96)",Aktion,"0,99 €","ProduktbeschreibungArtikelnummer 8231117Zutaten & AllergeneZutaten: Wasser, SENFSAATEN, Branntweinessig, Speisesalz, Zucker, Gewürze, EstragonextraktAllergenhinweise: Enthält: Senf- und Senferzeugnisse.NährwerteDurchschnittliche NährwerteUnzubereitet pro 100 mlEnergie377 kJEnergie90 kcalFett4,9 gFett, davon gesättigte Fettsäuren0,4 gKohlenhydrate3,4 gKohlenhydrate, davon Zucker2,7 gEiweiß6 gSalz2,9 gHinweiseAufbewahrungs- und Verwendungshinweis: Nach dem öffnen kühl lagen.ArtikeldetailsMarke: Händlmaier'sUrsprungsland: DeutschlandPackungsgröße: 250mlKontaktKontaktname: Luise Händlmaier GmbHKontaktadresse: Eschenbacher Straße 2 93057 RegensburgFür die vorstehenden Angaben wird keine Haftung übernommen. Bitte prüfen Sie im Einzelfall die Angaben auf der jeweiligen Produktverpackung, nur diese sind verbindlich.Das Produktdesign kann von der Abbildung abweichen.",Am Grünen Hag 2,Rewe,Kochen & Backen,2023-07-09,"Gültig ab morgen bis Samstag, 15.07.2023"
Händlmaier Mittelscharfer Senf,https://img.rewe-static.de/REWE28_2023/8231176/3047510-6_digital-image.png?impolicy=s-offers&imwidth=200&output-format=image/webp,,https://shop.rewe.de/p/haendlmaier-s-mittelscharfer-senf-200ml/8231176,,"je 200-ml-Tube , (1 l = 4.95)",Aktion,"0,99 €","ProduktbeschreibungArtikelnummer 8231176Zutaten & AllergeneZutaten: Wasser, SENFSAATEN, Branntweinessig, Speisesalz, Zucker, Gewürze, Estragonextrakt.Allergenhinweise: Enthält: Senf- und Senferzeugnisse.NährwerteDurchschnittliche NährwerteUnzubereitet pro 100 mlEnergie377 kJEnergie90 kcalFett4,9 gFett, davon gesättigte Fettsäuren0,4 gKohlenhydrate3,4 gKohlenhydrate, davon Zucker2,7 gEiweiß6 gSalz2,9 gHinweiseAufbewahrungs- und Verwendungshinweis: Nach dem Öffnen kühl lagern.ArtikeldetailsMarke: Händlmaier'sUrsprungsland: DeutschlandPackungsgröße: 200mlKontaktKontaktname: Luise Händlmaier GmbHKontaktadresse: Eschenbacher Str. 293057 RegensburgFür die vorstehenden Angaben wird keine Haftung übernommen. Bitte prüfen Sie im Einzelfall die Angaben auf der jeweiligen Produktverpackung, nur diese sind verbindlich.Das Produktdesign kann von der Abbildung abweichen.",Am Grünen Hag 2,Rewe,Kochen & Backen,2023-07-09,"Gültig ab morgen bis Samstag, 15.07.2023"
Kölln Schoko Müsli,https://img.rewe-static.de/REWE28_2023/7894490/1202580-76_digital-image.png?impolicy=s-offers&imwidth=200&output-format=image/webp,,https://shop.rewe.de/p/koelln-muesli-schoko-vorratspack-2kg/7894490,,"je 2000-g-Pckg , (1 kg = 3.25)",Aktion,"6,49 €","ProduktbeschreibungArtikelnummer 7894490Kölln Müsli für Schoko-Freunde
Ernährungsexperten sind sich einig. Das allmorgendliche Frühstück ist wichtig, denn ein Auffüllen der „Reserven“ bildet jetzt die Grundlage für den Start in den Tag. Darüber hinaus bietet die Zeit am Frühstückstisch eine besondere Gelegenheit, sich auf die kommenden Stunden einzustimmen.
Nicht zufällig machte Dr. Bircher-Benner den Hafer zur Grundlage für seine berühmte „Erfindung“: das Müsli. Denn Hafer ist mit seinem nussigen Geschmack das ideale Frühstücksgetreide. Kölln Müslis basieren auf Köllnflocken und weisen dadurch immer einen nennenswerten Gehalt an Vollkorn-Hafer auf. Ob gleich am Morgen oder zwischendurch, ob schokoladig, mit Nüssen oder in Kombination mit Früchten – Kölln bietet vielerlei Möglichkeiten für ein „Gute-Laune-Frühstück“.

Kölln Schoko Hafer-Müsli - das Original ! - einfach schokoladig lecker!
Ende der 1970er Jahre nahmen wir das beliebte Frühstück „Köllnflocken mit Kakao und Milch“ auf – und erfanden so das Schoko Müsli. Eine Kombination aus Blütenzarten Köllnflocken, Echten Kölln Kernigen, Kölln Schokofleks und Haselnusskrokant. Diese Müsli-Spezialität erhält ihre besondere Note durch einen Anteil von 20 % Vollmilch- und Zartbitterschokolade. Bis heute hat kein anderes Kölln Müsli hat so viele Fans wie das Original!Zutaten & AllergeneZutaten: Vollkorn-HAFERflocken (58 %), Zucker, Kakaomasse*, Vollkorn-HAFERmehl (4 %), Karamellsirup, WEIZENmehl, VollMILCHpulver, Kakaobutter*, gehackte HASELNUSSKERNE, fettarmes Kakaopulver*, SüßMOLKEnpulver, Maisstärke, GERSTEnmalzextrakt, Invertzuckersirup, Speisesalz, Emulgator Lecithine. *Rainforest Alliance-zertifiziert  Hinweis für Allergiker Kann weitere Schalenfrüchte enthalten.Allergenhinweise: Enthält: Glutenhaltiges Getreide und glutenhaltige Getreideerzeugnisse. Milch und Milcherzeugnisse (einschließlich Lactose). Haselnuss und Haselnusserzeugnisse. Hafer und Hafererzeugnisse (glutenhaltiges Getreide). Gerste und Gerstenerzeugnisse (glutenhaltiges Getreide). Weizen und Weizenerzeugnisse (glutenhaltiges Getreide). Kann enthalten: Nüsse und Nusserzeugnisse.NährwerteDurchschnittliche NährwerteUnzubereitet pro 100 gEnergie1.705 kJEnergie406 kcalFett11 gFett, davon gesättigte Fettsäuren4,7 gKohlenhydrate61 gKohlenhydrate, davon Zucker22 gBallaststoffe9,1 gEiweiß11 gSalz0,25 gThiamin0,24 mgPhosphor322 mgMagnesium127 mgEisen4,6 mgZink2,3 mgHinweiseAufbewahrungs- und Verwendungshinweis: Vor Wärme geschützt und trocken lagern. Beutel nach dem Öffnen wieder gut verschließen.Information: Füllstand technisch bedingt.ArtikeldetailsMarke: KöllnUrsprungsland: DeutschlandKontaktKontaktname: Peter Kölln GmbH & Co. KGaAKontaktadresse: Westerstraße 22-24 25336 Elmshorn, DeutschlandMaximale Bestellmenge: 15 StückFür die vorstehenden Angaben wird keine Haftung übernommen. Bitte prüfen Sie im Einzelfall die Angaben auf der jeweiligen Produktverpackung, nur diese sind verbindlich.Das Produktdesign kann von der Abbildung abweichen.",Am Grünen Hag 2,Rewe,Kochen & Backen,2023-07-09,"Gültig ab morgen bis Samstag, 15.07.2023"
Heinz Tomato Ketchup,https://img.rewe-static.de/REWE28_2023/7817568/23317171-10_digital-image.png?impolicy=s-offers&imwidth=200&output-format=image/webp,,https://shop.rewe.de/p/heinz-tomato-ketchup-500ml/7817568,,"je 500-ml-Fl , (1 l = 3.98)",Aktion,"1,99 €","ProduktbeschreibungArtikelnummer 7817568Tradition seit 1889: Der köstliche Tomatenketchup von Heinz überzeugt seit Generationen mit seinem einzigartigen, intensiven Geschmack und sorgt für puren Genuss. Nach traditionellem Originalrezept: In Heinz Ketchup steckt der unverwechselbare Geschmack sonnengereifter Tomaten und feiner Würze, der sich bei jedem Essen im Mund entfaltet. Ob zu Pommes Frites, saftigen Spießen oder köstlichen Meatballs, der Klassiker von Heinz verfeinert zahlreiche Snacks und Gerichte mit einer fruchtig-würzigen Note. Durch der praktischen Dosieröffnung ist schnelles und sauberes Dosieren ganz einfach - so wird die große Kopfsteher-Squeezeflasche zum Must-have auf jeder Grillparty. Ohne Konservierungsstoffe und Verdickungsmittel / Nur mit natürlichen Aromen / Ideal für Würstchen, Pommes, Gemüse u. v. m.... mehr anzeigenDer tomatig-fruchtige Klassiker mit der feinen Würze nach traditionellem Originalrezept.Zutaten & AllergeneZutaten: Tomaten (148 g pro 100 g Tomaten Ketchup), Branntweinessig*, Zucker, Salz, Gewürz- und Kräuterextrakte (enthält SELLERIE), Gewürz. *Österreich: Weingeistessig.Allergenhinweise: Enthält: Sellerie und Sellerieerzeugnisse.NährwerteDurchschnittliche NährwerteUnzubereitet pro 100 gEnergie435 kJEnergie102 kcalFett0,1 gFett, davon gesättigte Fettsäuren< 0,1 gKohlenhydrate23,2 gKohlenhydrate, davon Zucker22,2 gEiweiß1,2 gSalz1,8 gHinweiseAufbewahrungs- und Verwendungshinweis: Nach dem Öffnen gekühlt aufbewahren.ArtikeldetailsMarke: HeinzUrsprungsland: NiederlandeKontaktKontaktname: H.J. Heinz GmbHKontaktadresse: Postfach 14 05 55, 40075 Düsseldorf, DeutschlandFür die vorstehenden Angaben wird keine Haftung übernommen. Bitte prüfen Sie im Einzelfall die Angaben auf der jeweiligen Produktverpackung, nur diese sind verbindlich.Das Produktdesign kann von der Abbildung abweichen.",Am Grünen Hag 2,Rewe,Kochen & Backen,2023-07-09,"Gültig ab morgen bis Samstag, 15.07.2023"
REWE Beste Wahl Thymian,https://img.rewe-static.de/REWE28_2023/8414795/31134576-11_digital-image.png?impolicy=s-offers&imwidth=200&output-format=image/webp,,https://shop.rewe.de/p/heinz-tomato-ketchup-500ml/7817568,,"gerebelt , je 16-g-Glas , (1 kg = 86.88)",Aktion,"1,39 €","b""ProduktbeschreibungArtikelnummer 8414795Zutaten & AllergeneZutaten:  Kann Spuren von Gluten, Senf und Sellerie enthalten.HinweiseAufbewahrungshinweise: Trocken und k\xc3\xbchl lagern. Vor Licht sch\xc3\xbctzen.Verwendungshinweise: Trocken lagern. Vor W\xc3\xa4rme sch\xc3\xbctzen.ArtikeldetailsMarke: REWE Beste WahlUrsprungsland: BelgienKontaktKontaktname: ISFI SPICES S.A.Kontaktadresse: 20, avenue de l'industrie, 1420 Braine- l`Alleud, BelgienMaximale Bestellmenge: 15 St\xc3\xbcckF\xc3\xbcr die vorstehenden Angaben wird keine Haftung \xc3\xbcbernommen. Bitte pr\xc3\xbcfen Sie im Einzelfall die Angaben auf der jeweiligen Produktverpackung, nur diese sind verbindlich.Das Produktdesign kann von der Abbildung abweichen.""",Am Grünen Hag 2,Rewe,Kochen & Backen,2023-07-09,"Gültig ab morgen bis Samstag, 15.07.2023"
REWE Beste Wahl Oregano,https://img.rewe-static.de/REWE28_2023/8013483/31140217-20_digital-image.png?impolicy=s-offers&imwidth=200&output-format=image/webp,,https://shop.rewe.de/p/rewe-beste-wahl-oregano-gerebelt-11g/8013483,,"gerebelt , je 11-g-Glas , (1 kg = 126.36)",Aktion,"1,39 €","ProduktbeschreibungArtikelnummer 8013483Zutaten & AllergeneZutaten: Oregano, gerebelt   Kann Spuren von Gluten, Soja, Schalenfrüchten, Erdnüssen, Senf, Sellerie und Sesam enthalten.HinweiseAufbewahrungshinweise: Trocken lagern. Vor Wärme schützen.Verwendungshinweise: Trocken lagern. Vor Wärme schützen.ArtikeldetailsMarke: REWE Beste WahlKontaktKontaktname: ISFI SPICES S.A.Kontaktadresse: 20, avenue de l'industrie, 1420 Braine- l`Alleud, BelgienMaximale Bestellmenge: 15 StückFür die vorstehenden Angaben wird keine Haftung übernommen. Bitte prüfen Sie im Einzelfall die Angaben auf der jeweiligen Produktverpackung, nur diese sind verbindlich.Das Produktdesign kann von der Abbildung abweichen.",Am Grünen Hag 2,Rewe,Kochen & Backen,2023-07-09,"Gültig ab morgen bis Samstag, 15.07.2023"
REWE Beste Wahl Spaghetti oder Linguine,https://img.rewe-static.de/REWE28_2023/2632428/24971043-33_digital-image.png?impolicy=s-offers&imwidth=200&output-format=image/webp,,https://shop.rewe.de/p/rewe-beste-wahl-spaghetti-500g/2632428,,"je 500-g-Btl , (1 kg = 1.98)",Aktion,"0,99 €","ProduktbeschreibungArtikelnummer 2632428Zutaten & AllergeneZutaten: HARTWEIZENGRIESS  Kann Spuren von Soja enthalten.Allergenhinweise: Glutenhaltiges Getreide (Weizen, Gerste, Roggen, Hafer, Dinkel, Kamut oder Hybridstämme)NährwerteDurchschnittliche Nährwertepro 100 gEnergie1.550 kJEnergie366 kcalFett1,3 gFett, davon gesättigte Fettsäuren0,2 gKohlenhydrate73 gKohlenhydrate, davon Zucker3 gEiweiß14 gSalz< 0,01 gHinweiseVerwendungshinweise: Trocken lagern. Vor Wärme schützen.ArtikeldetailsMarke: REWE Beste WahlUrsprungsland: ItalienKontaktKontaktname: Pastificio Antonio Pallante S. R. LKontaktadresse: Stabilimento e direzione SS 87 km22, Capodrise (Ce), 81020, ItalienMaximale Bestellmenge: 15 StückFür die vorstehenden Angaben wird keine Haftung übernommen. Bitte prüfen Sie im Einzelfall die Angaben auf der jeweiligen Produktverpackung, nur diese sind verbindlich.Das Produktdesign kann von der Abbildung abweichen.",Am Grünen Hag 2,Rewe,Kochen & Backen,2023-07-09,"Gültig ab morgen bis Samstag, 15.07.2023"
REWE Beste Wahl Italienisches Natives Olivenöl Extra,https://img.rewe-static.de/REWE28_2023/8425181/31525366-13_digital-image.png?impolicy=s-offers&imwidth=200&output-format=image/webp,,https://shop.rewe.de/p/rewe-beste-wahl-italienisches-natives-olivenoel-500ml/8425181,,"je 500-ml-Fl , (1 l = 9.98)",Aktion,"4,99 €","ProduktbeschreibungArtikelnummer 8425181Zutaten & AllergeneZutaten: keineNährwerteDurchschnittliche Nährwertepro 100 mlEnergie3.378 kJEnergie822 kcalFett91,3 gFett, davon gesättigte Fettsäuren12 gKohlenhydrate0 gKohlenhydrate, davon Zucker0 gEiweiß0 gSalz0 gHinweiseAufbewahrungshinweise: Bei Lagerung unter 6 °C kann sich eine Eintrübung bzw. Flockenbildung ergeben. Das ist ein normaler Vorgang und das Öl wird bei Raumtemperatur und durch Schütteln wieder klar. Kühl und lichtgeschützt aufbewahren.ArtikeldetailsMarke: REWE Beste WahlUrsprungsland: ItalienKontaktKontaktname: BLM Prod.- und Vertriebsges. mbH & Co. KKontaktadresse: G; Neue Str. 21, 21244 Buchholz, DeutschlandMaximale Bestellmenge: 15 StückFür die vorstehenden Angaben wird keine Haftung übernommen. Bitte prüfen Sie im Einzelfall die Angaben auf der jeweiligen Produktverpackung, nur diese sind verbindlich.Das Produktdesign kann von der Abbildung abweichen.",Am Grünen Hag 2,Rewe,Kochen & Backen,2023-07-09,"Gültig ab morgen bis Samstag, 15.07.2023"
Develey Feinkost Sauce,https://img.rewe-static.de/REWE28_2023/2103004/21963541-38_digital-image.png?impolicy=s-offers&imwidth=200&output-format=image/webp,,https://shop.rewe.de/p/develey-suess-sauer-sauce-250ml/2103004,,"versch. Sorten , je 250-ml-Fl , (1 l = 5.16)",Aktion,"1,29 €","ProduktbeschreibungArtikelnummer 2103004Zutaten & AllergeneZutaten: Glucose-Fructose-Sirup, Fruchtmark (Aprikose, Pfirsich), Trinkwasser, Zucker, Branntweinessig, modifizierte Maisstärke, SOJASAUCE (Wasser, SOJABOHNEN, WEIZEN, Salz), Salz, Rapsöl, Ananassaftkonzentrat, Verdickungsmittel (Xanthan), Gewürze (mit SELLERIE), natürliches Aroma.Allergenhinweise: Enthält: Weizen und Weizenerzeugnisse (glutenhaltiges Getreide). Glutenhaltiges Getreide und glutenhaltige Getreideerzeugnisse. Soja und Sojaerzeugnisse. Sellerie und Sellerieerzeugnisse.NährwerteDurchschnittliche NährwerteUnzubereitet pro 100 mlEnergie864 kJEnergie204 kcalFett1,3 gFett, davon gesättigte Fettsäuren0,1 gKohlenhydrate45,9 gKohlenhydrate, davon Zucker40,5 gBallaststoffe0,8 gEiweiß0,6 gSalz1,7 gArtikeldetailsMarke: DeveleyUrsprungsland: DeutschlandKontaktKontaktname: Develey Senf & Feinkost GmbHKontaktadresse: D-82001 Unterhaching/MünchenFür die vorstehenden Angaben wird keine Haftung übernommen. Bitte prüfen Sie im Einzelfall die Angaben auf der jeweiligen Produktverpackung, nur diese sind verbindlich.Das Produktdesign kann von der Abbildung abweichen.",Am Grünen Hag 2,Rewe,Kochen & Backen,2023-07-09,"Gültig ab morgen bis Samstag, 15.07.2023"
REWE Beste Wahl Risottoreis,https://img.rewe-static.de/REWE28_2023/1421084/24233250-25_digital-image.png?impolicy=s-offers&imwidth=200&output-format=image/webp,,https://shop.rewe.de/p/rewe-beste-wahl-risotto-reis-500g/1421084,,"je 500-g-Btl , (1 kg = 2.98)",Aktion,"1,49 €","ProduktbeschreibungArtikelnummer 1421084REWE Beste Wahl Risotto Reis ist ein ausgesuchter Langkornreis, der sich besonders gut für Risottogerichte, Paellas und andere mediterrane Gerichte eignet.

Hergestellt für: REWE Markt GmbH, D-50603 Köln. NährwerteDurchschnittliche Nährwertepro 100 gEnergie1.405 kJEnergie331 kcalFett1,3 gFett, davon gesättigte Fettsäuren0,4 gKohlenhydrate72 gKohlenhydrate, davon Zucker0,3 gEiweiß6,9 gSalz< 0 gHinweiseVerwendungshinweise: Trocken und kühl lagern. Vor Licht schützen.ArtikeldetailsMarke: REWE Beste WahlNettofüllmenge: 0 GRKontaktKontaktname: Riso Scotti S.P.A.Kontaktadresse: via Angelo Scotti n. 2, 27100 PaviaMaximale Bestellmenge: 15 StückFür die vorstehenden Angaben wird keine Haftung übernommen. Bitte prüfen Sie im Einzelfall die Angaben auf der jeweiligen Produktverpackung, nur diese sind verbindlich.Das Produktdesign kann von der Abbildung abweichen.",Am Grünen Hag 2,Rewe,Kochen & Backen,2023-07-09,"Gültig ab morgen bis Samstag, 15.07.2023"
REWE Beste Wahl Snack Tomaten,https://img.rewe-static.de/REWE28_2023/8353795/30453551-16_digital-image.png?impolicy=s-offers&imwidth=200&output-format=image/webp,,https://shop.rewe.de/p/rewe-beste-wahl-snacktomaten-mit-meersalz-150g/8353795,,"je 150-g-Pckg , (1 kg = 10.60)",Aktion,"1,59 €","ProduktbeschreibungArtikelnummer 8353795Zutaten & AllergeneZutaten: Halbgetrocknete Tomaten 96%, Meersalz 3%, Säuerungsmittel (Citronensäure, Essigsäure). Zusatzstoffe: E 260, E 330NährwerteDurchschnittliche Nährwertepro 100 gEnergie423 kJEnergie100 kcalFett0,8 gFett, davon gesättigte Fettsäuren0,3 gKohlenhydrate14,2 gKohlenhydrate, davon Zucker12,1 gEiweiß6,2 gSalz3 gHinweiseAufbewahrungshinweise: Nach dem Öffnen kühl und trocken lagern und innerhalb von 2 Wochen verzehren.Verwendungshinweise: Trocken lagern. Vor Wärme schützen.ArtikeldetailsMarke: REWE Beste WahlNettofüllmenge: 150 GUrsprungsland: GriechenlandKontaktKontaktname: K. Iraklidis & Söhne A.G.Kontaktadresse: Industriestr. 1, Korinos Pierias, 60062, GriechenlandMaximale Bestellmenge: 15 StückFür die vorstehenden Angaben wird keine Haftung übernommen. Bitte prüfen Sie im Einzelfall die Angaben auf der jeweiligen Produktverpackung, nur diese sind verbindlich.Das Produktdesign kann von der Abbildung abweichen.",Am Grünen Hag 2,Rewe,Kochen & Backen,2023-07-09,"Gültig ab morgen bis Samstag, 15.07.2023"
REWE Beste Wahl Geschälte Tomaten,https://img.rewe-static.de/REWE28_2023/1044599/22190183-28_digital-image.png?impolicy=s-offers&imwidth=200&output-format=image/webp,,https://shop.rewe.de/p/rewe-beste-wahl-geschaelte-tomaten-400g/1044599,,"in Tomatensaft , je 400-g-Dose , (1 kg = 3.29) , 240-g-Abtropfgew.",Aktion,"0,79 €","ProduktbeschreibungArtikelnummer 1044599Hergestellt für: REWE Markt GmbH, D-50603 Köln. Zutaten & AllergeneZutaten: Tomaten, Tomatensaft.  NährwerteDurchschnittliche Nährwertepro 100 gEnergie95 kJEnergie22 kcalFett0,1 gFett, davon gesättigte Fettsäuren< 0,1 gKohlenhydrate3,4 gKohlenhydrate, davon Zucker3,4 gEiweiß1,2 gSalz0,1 gHinweiseAufbewahrungshinweise: Nach dem Öffnen in einen nicht-metallischen Behälter umfüllen, gekühlt lagern und innerhalb weniger Tage verzehren.Verwendungshinweise: Trocken lagern, bei RaumtemperaturArtikeldetailsMarke: REWE Beste WahlNettofüllmenge: 400 GUrsprungsland: ItalienAbtropfgewicht: 240 gKontaktKontaktname: LA FORMICA s.r.l.Kontaktadresse: Via Orta Longa trav. sa R. Lancia55, Scafati, 84018, ItalienMaximale Bestellmenge: 15 StückFür die vorstehenden Angaben wird keine Haftung übernommen. Bitte prüfen Sie im Einzelfall die Angaben auf der jeweiligen Produktverpackung, nur diese sind verbindlich.Das Produktdesign kann von der Abbildung abweichen.",Am Grünen Hag 2,Rewe,Kochen & Backen,2023-07-09,"Gültig ab morgen bis Samstag, 15.07.2023"
Ben’s Original Express Reis,https://img.rewe-static.de/REWE28_2023/8922362/38852794-8_digital-image.png?impolicy=s-offers&imwidth=200&output-format=image/webp,,https://shop.rewe.de/p/ben-s-original-mediterran-reis-220g/8922362,,"versch. Sorten , je 220-g-Pckg , (1 kg = 5.41)",Knaller,"1,19 €","ProduktbeschreibungArtikelnummer 8922362Schonend dampfgegarter Spitzen-Langkornreis mit Tomaten und Kräutern im 220g Beutel für 1 bis 2 Personen. BEN'S ORIGINAL™ Reis kann im Frischebeutel, ohne weiteres Gefäß, einfach und bequem in 2 Minuten in der Mikrowelle erhitzt werden.Zutaten & AllergeneZutaten: dampfgegarter, parboiled Langkornreis (86%), doppelt konzentriertes Tomatenmark (5.9%), Sonnenblumenöl, Tomatenpulver (2.5%), Basilikum, natürliches Aroma, Salz, Zucker, Hefeextrakt, Zwiebelpulver, Kräuter, Säuerungsmittel (Citronensäure), Knoblauchpulver, Gewürze.Allergenhinweise: Enthält: Keine deklarationspflichtigen Allergene enthalten.NährwerteDurchschnittliche NährwerteUnzubereitet pro 100 gEnergie713 kJEnergie169 kcalFett3,3 gFett, davon gesättigte Fettsäuren0,2 gKohlenhydrate30 gKohlenhydrate, davon Zucker2,5 gBallaststoffe1,4 gEiweiß3,8 gSalz0,55 gHinweiseAufbewahrungs- und Verwendungshinweis: Trocken und bei Zimmertemperatur lagern. Geöffnet 3 Tage im Kühlschrank haltbar.Information: Unter Schutzatmosphäre verpackt.ArtikeldetailsMarke: Ben's OriginalUrsprungsland: GrossbritannienKontaktKontaktname: Mars GmbHKontaktadresse: Postfach 1280, 27281 Verden (Aller)Maximale Bestellmenge: 15 StückFür die vorstehenden Angaben wird keine Haftung übernommen. Bitte prüfen Sie im Einzelfall die Angaben auf der jeweiligen Produktverpackung, nur diese sind verbindlich.Das Produktdesign kann von der Abbildung abweichen.",Am Grünen Hag 2,Rewe,Kochen & Backen,2023-07-09,"Gültig ab morgen bis Samstag, 15.07.2023"
Barilla Pasta,https://img.rewe-static.de/REWE28_2023/6653839/20768970-25_digital-image.png?impolicy=s-offers&imwidth=200&output-format=image/webp,,https://shop.rewe.de/p/ben-s-original-mediterran-reis-220g/8922362,,"versch. Ausformungen , je 500-g-Pckg , (1 kg = 1.90)",Knaller,"0,95 €","b'ProduktbeschreibungArtikelnummer 6653839Fusilli erschienen in ihrer heutigen Form zuerst in S\xc3\xbcditalien und sind urspr\xc3\xbcnglich der Idee entsprungen, Spaghetti auf einer Stricknadel aufzuwickeln. Erst sp\xc3\xa4ter, bedingt durch die unterschiedlichen geschmacklichen Gewohnheiten in den verschiedenen italienischen Regionen, entstanden Fusilli als eigenst\xc3\xa4ndige Sorte. Im Rahmen des Sortiments von Barilla - Italiens beliebtester Pasta - wurde die Pastasorte Fusilli neu interpretiert und erhielt ihre charakteristische Spiralform, die f\xc3\xbcr die Tradition von Mittel- und Norditalien typisch ist.... mehr anzeigenZutaten & AllergeneZutaten: HARTWEIZENGRIESS, Wasser. Kann Spuren von Sojabohnen enthalten.Allergenhinweise: Enth\xc3\xa4lt: Weizen und Weizenerzeugnisse (glutenhaltiges Getreide). Glutenhaltiges Getreide und glutenhaltige Getreideerzeugnisse. Kann enthalten: Soja und Sojaerzeugnisse.N\xc3\xa4hrwerteDurchschnittliche N\xc3\xa4hrwerteUnzubereitet pro 100 gEnergie1.521 kJEnergie359 kcalFett2 gFett, davon ges\xc3\xa4ttigte Fetts\xc3\xa4uren0,5 gKohlenhydrate71,2 gKohlenhydrate, davon Zucker3,5 gBallaststoffe3 gEiwei\xc3\x9f12,5 gSalz0,013 gHinweiseAufbewahrungs- und Verwendungshinweis: Trocken und vor W\xc3\xa4rme gesch\xc3\xbctzt lagern.ArtikeldetailsMarke: BarillaUrsprungsland: ItalienKontaktKontaktname: Barilla G. e R. Fratelli - Societ\xc3\xa0 per AzioniKontaktadresse: Via Mantova 166, Parma - ItalyF\xc3\xbcr die vorstehenden Angaben wird keine Haftung \xc3\xbcbernommen. Bitte pr\xc3\xbcfen Sie im Einzelfall die Angaben auf der jeweiligen Produktverpackung, nur diese sind verbindlich.Das Produktdesign kann von der Abbildung abweichen.'",Am Grünen Hag 2,Rewe,Kochen & Backen,2023-07-09,"Gültig ab morgen bis Samstag, 15.07.2023"
Knorr Salat Krönung,https://img.rewe-static.de/REWE28_2023/7177137/27325102-22_digital-image.png?impolicy=s-offers&imwidth=200&output-format=image/webp,,https://shop.rewe.de/p/knorr-salatkroenung-dill-kraeuter-dressing-45g/7177137,,"versch. Sorten , je 5er-Pckg",Aktion,"0,69 €","ProduktbeschreibungArtikelnummer 7177137- Mit Knorr Salatkrönung Vinaigrette Dill-Kräuter einfach und schnell ein leckeres Salatdressing zaubern 
 - Mit Kräutern aus nachhaltigem Anbau 
 - Raffinierter und fein abgestimmmter Dill-Geschmack 
 - Ohne Farbstoffe und geschmacksverstärkende Zusatzstoffe 
 - Einfache Zubereitung: Etwas Wasser und Öl mit Knorr Salatkrönung verrühren, fertig! 
 - Gelingt im Handumdrehen Knorr Salatkrönung Dill-Kräuter ist für alle Fans des würzigen Dill-Geschmacks die richtige Wahl. Die Mischung aus Dill und aromatischen Gewürzen eignet sich besonders gut für jede Art von Gurkensalat. 

Zubereitung – so einfach geht's: 3 EL Wasser und 3 EL Olivenöl mit Knorr Salatkrönung verrühren. Das Salatdressing zum Lieblingssalat geben. Fertig!

Mit den vielen Variationen der Knorr Salatkrönung das perfekte Zusammenspiel von Kräutern erleben. Die würzigen Gartenkräuter verleihen Salaten mit wenigen Handgriffen einen feinen, aromatischen Geschmack. Knorr Salatdressings und Vinaigrettes bereitet man ganz einfach zu: Entweder selbst anrühren oder – für einen noch schnelleren Salatgenuss – zu servierfertigen Salatkrönungen in der Flasche greifen. Anschließend nur noch das Dressing zum Lieblingssalat geben – und die Salatkrönung genießen!

Sind schon die vielen weiteren Produkte von Knorr bekannt? Dank der Fix-Produkte, Soßen, Fertiggerichten, Suppen, Salatdressings, Brühen und Bouillons gelingt jedes Gericht garantiert mit wenigen Handgriffen. Schnell und einfach erhalten so authentische Mahlzeiten ihren typischen Geschmack – egal, ob abwechslungsreiche vegetarische oder vegane Küche, herzhafte Fleischgerichte oder leckere Gemüsevariationen. Dabei ist es die Komposition ausgewählter hochwertiger Zutaten, die jedes Knorr Produkt besonders macht. Knorr verarbeitet nur sorgfältig schonend getrocknete Zutaten, denn das Trocknen ist eine der ältesten Methoden, um Lebensmittel natürlich haltbar zu machen. Da der Geschmack und die Hauptnährstoffe der frischen Zutaten weitgehend erhalten bleiben, passen Lebensmittel aus getrockneten Zutaten perfekt in unseren stressigen Alltag. Essen mit Knorr ist unkompliziert und sorgt darüber hinaus für ein gutes Gefühl: 95 Prozent unserer Gemüse und Kräuter stammen heute schon aus nachhaltigem Anbau. Denn wir bei Knorr glauben, dass die Verwendung nachhaltig angebauter und beschaffter Zutaten einen großen Unterschied für den Geschmack unserer Produkte, das Wohlbefinden der Landwirte und die Zukunft des Planeten macht. Knorr. Gutes, einfach lecker!

*Natürliche Zutaten sind mit einem Sternchen in der Zutatenliste gekennzeichnetZutaten & AllergeneZutaten: Zucker¹, jodiertes Speisesalz, Stärke¹, 8,3% Kräuter (5% Dill¹², Petersilie¹², Schnittlauch¹²), Säureregulator Natriumdiacetat3, Säuerungsmittel Citronensäure, Zitrusfaser¹, MILCHZUCKER, Maiskeimöl¹, 1,6% gemahlene SENFKÖRNER¹, 0,9% Zwiebeln, Pfeffer¹, Zitronensaftpulver¹, Speisesalz, Aromen. Kann Ei, Sellerie, Soja, glutenhaltige Getreide enthalten. ¹Natürliche Zutaten sind mit einem Sternchen gekennzeichnet. ²aus nachhaltigem Anbau. 3Salz der Essigsäure.Allergenhinweise: Enthält: Milchzucker (Laktose).NährwerteDurchschnittliche NährwerteZubereitet pro 100 mlEnergie1.775 kJEnergie424 kcalFett45 gFett, davon gesättigte Fettsäuren4,1 gKohlenhydrate4,9 gKohlenhydrate, davon Zucker3,7 gBallaststoffe0,7 gEiweiß< 0,5 gSalz2,1 gArtikeldetailsMarke: KnorrUrsprungsland: DeutschlandKontaktKontaktname: Unilever DeutschlandKontaktadresse: Postfach 570 550, 22774 HamburgMaximale Bestellmenge: 15 StückFür die vorstehenden Angaben wird keine Haftung übernommen. Bitte prüfen Sie im Einzelfall die Angaben auf der jeweiligen Produktverpackung, nur diese sind verbindlich.Das Produktdesign kann von der Abbildung abweichen.",Am Grünen Hag 2,Rewe,Kochen & Backen,2023-07-09,"Gültig ab morgen bis Samstag, 15.07.2023"
Knorr Feinschmecker Suppe,https://img.rewe-static.de/REWE28_2023/8184772/28407667-16_digital-image.png?impolicy=s-offers&imwidth=200&output-format=image/webp,,https://shop.rewe.de/p/knorr-feinschmecker-spargel-cremesuppe-500ml/8184772,,"versch. Sorten, ausreichend für 500 ml , je Btl",Aktion,"0,79 €","ProduktbeschreibungArtikelnummer 8184772- Knorr Feinschmecker Spargel Cremesuppe aus weißem Spargel - das schmeckt nach Frühling 
 - Besonders cremig und mit vielen leckeren Spargelstückchen 
 - Mit nachhaltig angebautem Spargel 
 - Schnelle und einfache Zubereitung 
 - Natürlich ohne geschmacksverstärkende Zusatzstoffe, Konservierungsstoffe und Farbstoffe 
 - Inhalt reicht für 500 ml (2 Teller) Probieren Sie die Knorr Feinschmecker Spargel Cremesuppe: besonders cremige Spargelsuppe aus weißem Spargel - das schmeckt nach Frühling! Mit nachhaltig angebautem Spargel.

Zubereitung:
Beutelinhalt mit einem Schneebesen in 0,5 l (500 ml) kochendes Wasser einrühren. 5Minuten köcheln lassen. Ab und zu umrühren.

Suppen für Feinschmecker: Die Knorr Feinschmecker Suppen bieten für jeden Geschmack das passende Gericht und sind im Handumdrehen angerichtet. Sanft getrocknetes Gemüse, Kräuter und Gewürze zeichnen die schnell zubereiteten Suppen aus. Die besonders cremigen Feinschmecker Suppen gelingen garantiert und begeistern die ganze Familie.

Kennen Sie schon die vielen weiteren Produkte von Knorr? Dank unserer Fix-Produkte, Brühen, Saucen, Fertiggerichten, Suppen und Salatdressings gelingt jedes Gericht garantiert mit wenigen Handgriffen. Schnell und einfach erhalten so authentische Mahlzeiten ihren typischen Geschmack – egal, ob abwechslungsreiche vegetarische oder vegane Küche, herzhafte Fleischgerichte oder leckere Gemüsevariationen. Dabei ist es die Komposition ausgewählter hochwertiger Zutaten, die jedes Knorr Produkt besonders macht. Knorr verarbeitet nur sorgfältig schonend getrocknete Zutaten, denn das Trocknen ist eine der ältesten Methoden, um Lebensmittel natürlich haltbar zu machen. Da der Geschmack und die Nährstoffe der frischen Zutaten weitgehend erhalten bleiben, passen Lebensmittel aus getrockneten Zutaten perfekt in unseren stressigen Alltag. Essen mit Knorr ist unkompliziert und sorgt darüber hinaus für ein gutes Gefühl: Über 90 Prozent der Zutaten kommen heute schon aus nachhaltigem Anbau. Denn wir bei Knorr glauben, dass die Verwendung nachhaltig angebauter und beschaffter Zutaten einen großen Unterschied für den Geschmack unserer Produkte, das Wohlbefinden der Landwirte und die Zukunft des Planeten macht. Knorr – Geschmack mit gutem Gefühl.Zutaten & AllergeneZutaten: Mehl (WEIZEN, Reis), Palmöl, Stärke, 10% weißer Spargel² (Pulver, Stücke), jodiertes Speisesalz, Hefeextrakt, Zucker, Speisesalz, Glukosesirup, MILCHEIWEISS, Zitronensaftpulver, Aromen, Kurkuma, Petersilienwurzel², Lorbeerblätter. Kann Ei, Sellerie, Senf, Soja, andere glutenhaltige Getreide enthalten. ² Aus nachhaltigem Anbau.Allergenhinweise: Enthält: Weizen und Weizenerzeugnisse (glutenhaltiges Getreide).NährwerteDurchschnittliche NährwerteZubereitet pro 100 mlEnergie182 kJEnergie44 kcalFett2,2 gFett, davon gesättigte Fettsäuren1,4 gKohlenhydrate4,6 gKohlenhydrate, davon Zucker0,7 gBallaststoffe< 0,5 gEiweiß1,1 gSalz0,81 gArtikeldetailsMarke: KnorrEigenschaften: VegetarischUrsprungsland: PolenKontaktKontaktname: Unilever DeutschlandKontaktadresse: Postfach 570 550, 22774 HamburgMaximale Bestellmenge: 15 StückFür die vorstehenden Angaben wird keine Haftung übernommen. Bitte prüfen Sie im Einzelfall die Angaben auf der jeweiligen Produktverpackung, nur diese sind verbindlich.Das Produktdesign kann von der Abbildung abweichen.",Am Grünen Hag 2,Rewe,Kochen & Backen,2023-07-09,"Gültig ab morgen bis Samstag, 15.07.2023"
Barilla Pesto Basilico Vegan,https://img.rewe-static.de/REWE28_2023/3263361/26586190-10_digital-image.png?impolicy=s-offers&imwidth=200&output-format=image/webp,,https://shop.rewe.de/p/knorr-feinschmecker-spargel-cremesuppe-500ml/8184772,,"je 195-g-Glas , (1 kg = 10.21)",Aktion,"1,99 €","b'ProduktbeschreibungArtikelnummer 3263361Zutaten & AllergeneZutaten: Basilikum 35,6%, pflanzliche \xc3\x96le (Olive, Sonnenblume), CASHEWKERNE, Glukosesirup, Wasser, modifizierte Maisst\xc3\xa4rke, Salz, nat\xc3\xbcrliche Aromen, natives Oliven\xc3\xb6l extra, Zucker, S\xc3\xa4ureregulator Milchs\xc3\xa4ure. Kann Spuren von anderen Schalenfr\xc3\xbcchten (Hartschalenobst) enthalten.Allergenhinweise: Enth\xc3\xa4lt: Kaschunuss und Kaschunusserzeugnisse. Kann enthalten: N\xc3\xbcsse und Nusserzeugnisse.N\xc3\xa4hrwerteDurchschnittliche N\xc3\xa4hrwerteUnzubereitet pro 100 gEnergie1.780 kJEnergie431 kcalFett41 gFett, davon ges\xc3\xa4ttigte Fetts\xc3\xa4uren5,5 gKohlenhydrate12 gKohlenhydrate, davon Zucker3,3 gBallaststoffe2 gEiwei\xc3\x9f2,5 gSalz3 gHinweiseAufbewahrungs- und Verwendungshinweis: Nach dem \xc3\x96ffnen gek\xc3\xbchlt 5 Tage haltbar.ArtikeldetailsMarke: BarillaEigenschaften: Vegan, Vegetarisch, LaktosefreiUrsprungsland: ItalienKontaktKontaktname: Barilla G. e R. Fratelli - Societ\xc3\xa0 per AzioniKontaktadresse: Via Mantova 166, Parma - ItalyMaximale Bestellmenge: 15 St\xc3\xbcckF\xc3\xbcr die vorstehenden Angaben wird keine Haftung \xc3\xbcbernommen. Bitte pr\xc3\xbcfen Sie im Einzelfall die Angaben auf der jeweiligen Produktverpackung, nur diese sind verbindlich.Das Produktdesign kann von der Abbildung abweichen.'",Am Grünen Hag 2,Rewe,Kochen & Backen,2023-07-09,"Gültig ab morgen bis Samstag, 15.07.2023"
Barilla Pesto alla Genovese,https://img.rewe-static.de/REWE28_2023/4840313/35802412-13_digital-image.png?impolicy=s-offers&imwidth=200&output-format=image/webp,,https://shop.rewe.de/p/knorr-feinschmecker-spargel-cremesuppe-500ml/8184772,,"je 190-g-Glas , (1 kg = 10.47)",Aktion,"1,99 €","b'ProduktbeschreibungArtikelnummer 4840313Zutaten & AllergeneZutaten: pflanzliche \xc3\x96le (Olive, Sonnenblume), frisches Basilikum 30%, CASHEWKERNE, Parmigiano Reggiano g.U. K\xc3\xa4se 5% (MILCH), Maisfaser, Molkepulver (MILCH), Salz, MILCHeiweiss, natives Oliven\xc3\xb6l extra, Zucker, Basilikumextrakt, nat\xc3\xbcrliche Aromen (MILCH), S\xc3\xa4ureregulator: Milchs\xc3\xa4ure, Knoblauch. Kann Spuren von anderen Schalenfr\xc3\xbcchten (Hartschalenobst) enthalten.Allergenhinweise: Enth\xc3\xa4lt: Milch und Milcherzeugnisse (einschlie\xc3\x9flich Lactose). N\xc3\xbcsse und Nusserzeugnisse. Kaschunuss und Kaschunusserzeugnisse.N\xc3\xa4hrwerteDurchschnittliche N\xc3\xa4hrwerteUnzubereitet pro 100 gEnergie1.989 kJEnergie482 kcalFett46 gFett, davon ges\xc3\xa4ttigte Fetts\xc3\xa4uren7,1 gKohlenhydrate9,8 gKohlenhydrate, davon Zucker5,5 gBallaststoffe5 gEiwei\xc3\x9f4,7 gSalz3,25 gHinweiseAufbewahrungs- und Verwendungshinweis: Nach dem \xc3\x96ffnen gek\xc3\xbchlt 5 Tage haltbar.ArtikeldetailsMarke: BarillaUrsprungsland: ItalienKontaktKontaktname: Barilla G. e R. Fratelli S.p.A.Kontaktadresse: Via Mantova 166, Parma - ItalyMaximale Bestellmenge: 15 St\xc3\xbcckF\xc3\xbcr die vorstehenden Angaben wird keine Haftung \xc3\xbcbernommen. Bitte pr\xc3\xbcfen Sie im Einzelfall die Angaben auf der jeweiligen Produktverpackung, nur diese sind verbindlich.Das Produktdesign kann von der Abbildung abweichen.'",Am Grünen Hag 2,Rewe,Kochen & Backen,2023-07-09,"Gültig ab morgen bis Samstag, 15.07.2023"
Knorr Feinschmecker 3 Pfeffer Sauce,https://img.rewe-static.de/REWE28_2023/3665399/1159810-80_digital-image.png?impolicy=s-offers&imwidth=200&output-format=image/webp,,https://shop.rewe.de/p/knorr-feinschmecker-3-pfeffer-sosse-250-ml/3665399,,"je 40-g-Btl , (1 kg = 17.25)",Aktion,"0,69 €","ProduktbeschreibungArtikelnummer 3665399- wunderbar cremig mit feiner Pfeffernote 
 - mit grünen, schwarzen und weißen Pfefferkörnern 
 - natürlich ohne geschmacksverstärkende Zusatzstoffe und Farbstoffe 
 - ohne Konservierungsstoffe (lt. Gesetz) 
 - schnelle und einfache Zubereitung Knorr Feinschmecker 3 Pfeffer Sauce ist eine fein abgestimmte Saucenkomposition mit einem angenehm würzigen Geschmack und grünem, schwarzen und rosa Pfeffer. Diese würzige Pfeffersauce passt ideal zu allem Kurzgebratenem und auch perfekt z.B. zu Gerichten mit Pilzen und Blumenkohl. Die Sauce ist natürlich ohne geschmacksverstärkende Zusatzstoffe, ohne Farbstoffe und ohne Konservierungsstoffe lt. Gesetz. 

Knorr Feinschmecker 3 Pfeffer Sauce:
1) Beutelinhalt mit dem Schneebesen in 250 ml kaltes Wasser einrühren. Unter Rühren aufkochen.
2) Bei schwacher Hitze 1 Minute kochen. Gelegentlich umrühren.
Mit Sahne verfeinern für einen noch cremigeren Geschmack - Genuss pur!

Saucen für Feinschmecker: Die Knorr Feinschmecker Saucen bieten für jeden Geschmack die passende Variante: Sauce Hollandaise zu Spargel oder Gemüse, Bratensauce für Bratengerichte, 3 Pfeffer Sauce zu Steak und Kurzgebratenem, Pfeffersoße oder Dillsauce für Fischgerichte. Im Handumdrehen zubereitet verfeinern die Saucen jedes Gericht und begeistern somit die ganze Familie.

Sind schon die vielen weiteren Produkte von Knorr bekannt? Dank der Fix-Produkte, Soßen, Fertiggerichten, Suppen, Salatdressings, Brühen und Bouillons gelingt jedes Gericht garantiert mit wenigen Handgriffen. Schnell und einfach erhalten so authentische Mahlzeiten ihren typischen Geschmack – egal, ob abwechslungsreiche vegetarische oder vegane Küche, herzhafte Fleischgerichte oder leckere Gemüsevariationen. Dabei ist es die Komposition ausgewählter hochwertiger Zutaten, die jedes Knorr Produkt besonders macht. Knorr verarbeitet nur sorgfältig schonend getrocknete Zutaten, denn das Trocknen ist eine der ältesten Methoden, um Lebensmittel natürlich haltbar zu machen. Da der Geschmack und die Hauptnährstoffe der frischen Zutaten weitgehend erhalten bleiben, passen Lebensmittel aus getrockneten Zutaten perfekt in unseren stressigen Alltag. Essen mit Knorr ist unkompliziert und sorgt darüber hinaus für ein gutes Gefühl: 95 Prozent unserer Gemüse und Kräuter stammen heute schon aus nachhaltigem Anbau. Denn wir bei Knorr glauben, dass die Verwendung nachhaltig angebauter und beschaffter Zutaten einen großen Unterschied für den Geschmack unserer Produkte, das Wohlbefinden der Landwirte und die Zukunft des Planeten macht. Knorr. Gutes, natürlich lecker.Zutaten & AllergeneZutaten: Palmöl, Stärke, WEIZENMEHL, Maltodextrin, Aromen, Glukosesirup, jodiertes Speisesalz, 3% Pfeffermischung (grüner Pfeffer, schwarzer Pfeffer, rosa Pfeffer) Kochsalzersatz3, MILCHEIWEISS, Zucker, Karamellzuckersirup, Würze, Hefeextrakt, Speisesalz, Schnittlauch2. Kann Sellerie, Ei, Senf, andere glutenhaltige Getreide, Soja enthalten. 2aus nachhaltigem Anbau. 3gewonnen aus natürlichen Kaliummineralien.Allergenhinweise: Enthält: Weizen und Weizenerzeugnisse (glutenhaltiges Getreide).NährwerteDurchschnittliche NährwerteZubereitet pro 100 mlEnergie325 kJEnergie78 kcalFett4,5 gFett, davon gesättigte Fettsäuren2,8 gKohlenhydrate8,3 gKohlenhydrate, davon Zucker0,6 gBallaststoffe< 0,5 gEiweiß0,9 gSalz0,99 gArtikeldetailsMarke: KnorrUrsprungsland: DeutschlandKontaktKontaktname: Unilever DeutschlandKontaktadresse: Postfach 570 550, 22774 HamburgMaximale Bestellmenge: 15 StückFür die vorstehenden Angaben wird keine Haftung übernommen. Bitte prüfen Sie im Einzelfall die Angaben auf der jeweiligen Produktverpackung, nur diese sind verbindlich.Das Produktdesign kann von der Abbildung abweichen.",Am Grünen Hag 2,Rewe,Kochen & Backen,2023-07-09,"Gültig ab morgen bis Samstag, 15.07.2023"
Knorr Feinschmecker Sauce Hollandaise Klassisch,https://img.rewe-static.de/REWE28_2023/4615263/14092570-53_digital-image.png?impolicy=s-offers&imwidth=200&output-format=image/webp,,https://shop.rewe.de/p/knorr-feinschmecker-hollandaise-klassisch-sosse-250-ml/4615263,,"je 35-g-Btl , (1 kg = 19.71)",Aktion,"0,69 €","ProduktbeschreibungArtikelnummer 4615263- wird mit feiner Butter zum besonderen Genuss für jeden Feinschmecker 
 - klassische Saucen-Rezeptur 
 - natürlich ohne geschmacksverstärkende Zusatzstoffe und Farbstoffe 
 - ohne Konservierungsstoffe (lt. Gesetz) 
 - schnelle und einfache Zubereitung Mit der Knorr Feinschmecker Sauce Hollandaise klassisch wird das Spargelessen zum unvergesslichen Erlebnis. Der beliebte Klassiker zur Spargelsaison ist ein zart-cremiger Saucengenuss mit feinem Geschmack und passt neben Spargel hervorragend zu Brokkoli und Fisch. Durch die Zugabe von Butter wird die helle Sauce zu einem besonderen Genuss für jeden Feinschmecker. Die Soße ist vegetarisch und natürlich ohne geschmacksverstärkende Zusatzstoffe und ohne Farbstoffe.

Zubereitung:
1) Beutelinhalt mit dem Schneebesen in 125 ml kaltes Wasser einrühren. Unter Rühren aufkochen.
2) Bei schwacher Hitze 125 g gewürfelte Butter darunter schlagen, bis sie geschmolzen ist.
Mit Sahne verfeinern für einen noch cremigeren Geschmack - Genuss pur!

Saucen für Feinschmecker: Die Knorr Feinschmecker Saucen bieten für jeden Geschmack die passende Variante: Sauce Hollandaise zu Spargel oder Gemüse, Pfeffersauce zu Steak und Kurzgebratenem oder Dillsauce für Fischgerichte. Im Handumdrehen zubereitet verfeinern die Saucen jedes Gericht und begeistern somit die ganze Familie. Mmmhh, lecker!

Sind schon die vielen weiteren Produkte von Knorr bekannt? Dank der Fix-Produkte, Saucen, Fertiggerichte, Suppen, Salatdressings, Brühen und Bouillons gelingt jedes Gericht garantiert mit wenigen Handgriffen. Schnell und einfach erhalten authentische Mahlzeiten so ihren typischen Geschmack – egal, ob abwechslungsreiche vegetarische oder vegane Küche, herzhafte Fleischgerichte oder leckere Gemüsevariationen. Dabei ist es die Komposition ausgewählter hochwertiger Zutaten, die jedes Knorr Produkt besonders macht. Knorr verarbeitet nur sorgfältig schonend getrocknete Zutaten, denn das Trocknen ist eine der ältesten Methoden, um Lebensmittel natürlich haltbar zu machen. Da der Geschmack und die Hauptnährstoffe der frischen Zutaten weitgehend erhalten bleiben, passen Lebensmittel aus getrockneten Zutaten perfekt in unseren stressigen Alltag. Essen mit Knorr ist unkompliziert und sorgt darüber hinaus für ein gutes Gefühl: 95 Prozent unserer Gemüse und Kräuter stammen heute schon aus nachhaltigem Anbau. Denn wir bei Knorr glauben, dass die Verwendung nachhaltig angebauter und beschaffter Zutaten einen großen Unterschied für den Geschmack unserer Produkte, das Wohlbefinden der Landwirte und die Zukunft des Planeten macht. 
Knorr. Gutes, einfach lecker.Zutaten & AllergeneZutaten: Stärke, Palmöl, Maltodextrin, 12% EIGELBPULVER, jodiertes Speisesalz, MILCHEIWEISS, Hefeextrakt, Glukosesirup, Zucker, Zitronensaftpulver, MILCHZUCKER, WEIZENMEHL, Kochsalzersatz², Speisesalz, Weißweinextrakt, natürliches Aroma, Kurkuma. Kann Sellerie, Senf, andere glutenhaltige Getreide, Soja enthalten. ²gewonnen aus natürlichen Kaliummineralien.Allergenhinweise: Enthält: Milchzucker (Laktose). Weizen und Weizenerzeugnisse (glutenhaltiges Getreide).NährwerteDurchschnittliche NährwerteZubereitet pro 100 mlEnergie1.784 kJEnergie427 kcalFett44 gFett, davon gesättigte Fettsäuren28 gKohlenhydrate7 gKohlenhydrate, davon Zucker1,3 gBallaststoffe< 0,5 gEiweiß1,6 gSalz0,95 gArtikeldetailsMarke: KnorrEigenschaften: VegetarischUrsprungsland: DeutschlandSorte: KlassischKontaktKontaktname: Unilever DeutschlandKontaktadresse: Postfach 570 550, 22774 HamburgMaximale Bestellmenge: 15 StückFür die vorstehenden Angaben wird keine Haftung übernommen. Bitte prüfen Sie im Einzelfall die Angaben auf der jeweiligen Produktverpackung, nur diese sind verbindlich.Das Produktdesign kann von der Abbildung abweichen.",Am Grünen Hag 2,Rewe,Kochen & Backen,2023-07-09,"Gültig ab morgen bis Samstag, 15.07.2023"
Pfanni Kartoffel Püree,https://img.rewe-static.de/REWE28_2023/0184764/20324257-50_digital-image.png?impolicy=s-offers&imwidth=200&output-format=image/webp,,https://shop.rewe.de/p/pfanni-kartoffelpueree-das-lockere-3x3-portionen/184764,,"das Lockere , je 240-g-Pckg , (1 kg = 4.13)",Aktion,"0,99 €","ProduktbeschreibungArtikelnummer 184764- 3 x 3 Portionen Pfanni Kartoffelpüree der Klassiker besonders locker im praktischen Portionsbeutel. 
 - Besonders lockeres Püree mit Vollmilch und Rama. 
 - Schnelle und einfache Zubereitung. 
 - Aus 100% deutschen, nachhaltig angebauten, Kartoffeln. 
 - Ideal zu Fisch, Fleisch und Gemüse. Ein Püree, das auf der Zunge zergeht. So fein sind die Flocken, die für dieses Püree verwendet werden. Da ist schon die Zubereitung ein wahres Gedicht: Flocken in heißes Wasser rieseln lassen, Milch zugeben, umrühren und ein Stück Rama auf der cremig-lockeren Decke zerfließen lassen. Fast zu schön, um wahr zu sein!
Die Pfanni Kartoffelpürees gelingen immer ausgezeichnet und schmecken wie handgemacht. Dies liegt insbesondere an den deutschen Kartoffeln, die von unseren Vertragsbauern nachhaltig angebaut und schonend zu Püree verarbeitet werden. Das ist Qualität die man schmeckt!
Das Kartoffelpüree „DAS LOCKERE“ zeichnet sich durch seine zarten Kartoffelflocken aus, die mit Hilfe von 150 ml Vollmilch und etwas Rama zu einem cremigen Kartoffelpüree verschmelzen. Das lockere Püree ist bei den Kleinen besonders beliebt, lässt aber auch die Großen in Kindheitserinnerungen schwelgen. 
Einfache und schnelle Zubereitung: 1.Aufkochen: 350 ml Wasser mit einem halben Teelöffel Salz (2 g) und 10 g Rama aufkochen. 2. Abkühlen: Topf vom Herd nehmen und 150 ml kalte Vollmilch dazugeben. 3.Anrühren: Die Püreeflocken mit einem Kochlöffel kurz einrühren. 4.Anrichten: Das Püree 1 – 2 Minuten ruhen lassen und vor dem Servieren noch kurz umrühren. Guten Appetit!
Unser Beitrag für Nachhaltigkeit: Pfanni Kartoffeln werden von unseren Vertragsbauern nachhaltig angebaut und für den optimalen Nährstoffgehalt und Geschmack nur saisongerecht geerntet. 100% deutsche Kartoffeln aus nachhaltiger Landwirtschaft – für den besonders leckeren Pfanni Geschmack.Zutaten & AllergeneZutaten: 99% Kartoffeln², Emulgator Mono- und Diglyceride von Speisefettsäuren, Stabilisator Diphosphat, Aromen, Antioxidationsmittel NATRIUMMETABISULFIT. Kann Spuren von Milch enthalten. ²aus nachhaltigem AnbauNährwerteDurchschnittliche NährwerteZubereitet pro 100 gEnergie257 kJEnergie61 kcalFett1,2 gFett, davon gesättigte Fettsäuren0,6 gKohlenhydrate10 gKohlenhydrate, davon Zucker1,7 gBallaststoffe1,4 gEiweiß2,1 gSalz0,4 gHinweiseAufbewahrungs- und Verwendungshinweis: Nach Öffnung ist der Packungsinhalt im wieder verschlossenen Beutel kühl und trocken mindestens 3 Wochen haltbar.Information: Unter Schutzatmosphäre verpackt.ArtikeldetailsMarke: PfanniUrsprungsland: DeutschlandKontaktKontaktname: Unilever DeutschlandKontaktadresse: Postfach 570 307, 22772 HamburgMaximale Bestellmenge: 15 StückFür die vorstehenden Angaben wird keine Haftung übernommen. Bitte prüfen Sie im Einzelfall die Angaben auf der jeweiligen Produktverpackung, nur diese sind verbindlich.Das Produktdesign kann von der Abbildung abweichen.",Am Grünen Hag 2,Rewe,Kochen & Backen,2023-07-09,"Gültig ab morgen bis Samstag, 15.07.2023"
Pfanni Kartoffel Püree,https://img.rewe-static.de/REWE28_2023/8004013/1775000-84_digital-image.png?impolicy=s-offers&imwidth=200&output-format=image/webp,,https://shop.rewe.de/p/pfanni-kartoffelpueree-das-komplette-3x3-portionen/8004013,,"das Komplette , je 283,5-g-Pckg , (1 kg = 3.49)",Aktion,"0,99 €","ProduktbeschreibungArtikelnummer 8004013- 3 x 3 Portionen Pfanni Kartoffelpüree mit entrahmter Milch Komplett im praktischen Portionsbeutel. 
 - Kartoffelpüree mit entrahmter Milch einfach mit Wasser mischen – fertig ist der Genuss! 
 - Schnelle und einfache Zubereitung. 
 - Aus 100% deutschen, nachhaltig angebauten, Kartoffeln. 
 - Ideal zu Fisch, Fleisch und Gemüse. Das Kartoffel Püree Das Komplette mit entrahmter Milch zeichnet sich durch seine schnelle Zubereitung aus. Einfach Tüte aufreißen und die feinen Kartoffelflocken in heißes Wasser einrühren. Die Milch ist da schon drin – und der gute Geschmack sowieso. Das Kartoffelpüree mit entrahmter Milch ist bei den Kleinen besonders beliebt, lässt aber auch die Großen in Kindheitserinnerungen schwelgen. Denn wer mag den allseits beliebten Kartoffelbrei nicht? Es ist ein zeitloses Kartoffelgericht, das einfach jedem schmeckt – egal wann.                                                     

Die Pfanni Kartoffelpürees gelingen immer ausgezeichnet und schmecken wie handgemacht. Dies liegt insbesondere daran, dass jede einzelne Kartoffel für dieses Kartoffelpüree aus Deutschland kommt und nachhaltig angebaut ist. Das ist Qualität, die man schmeckt!  
                                                                                                                                                                                                                                                                                                             
Besonders genial ist die einfache und schnelle Zubereitung, mit der man in Windeseile ein leckeres Kartoffelpüree zaubern kann: 1. Aufkochen: 400 ml Wasser aufkochen. 2. Abkühlen: Den Topf vom Herd nehmen und 100 ml kaltes Wasser einrühren. 3. Anrühren: Die Püreeflocken mit einem Kochlöffel einrühren. 4. Anrichten: Nach 1 - 2 Minuten noch mal durchrühren und servieren. Guten Appetit!
                                                                                                                                                                                                                                                                                                  Unser Beitrag für Nachhaltigkeit: Pfanni Kartoffeln werden von unseren Vertragsbauern nachhaltig angebaut und für den optimalen Nährstoffgehalt und Geschmack nur saisongerecht geerntet. 100% deutsche Kartoffeln aus nachhaltiger Landwirtschaft – für den besonders leckeren Pfanni Geschmack.Zutaten & AllergeneZutaten: 85% Kartoffeln², Palmöl, 4,3% MAGERMILCHPULVER, Speisesalz, Glukosesirup, Emulgator Mono- und Diglyceride von Speisefettsäuren, MILCHEIWEISS, Aromen. ²aus nachhaltigem AnbauNährwerteDurchschnittliche NährwerteZubereitet pro 100 gEnergie238 kJEnergie57 kcalFett1 gFett, davon gesättigte Fettsäuren0,6 gKohlenhydrate11 gKohlenhydrate, davon Zucker0,8 gBallaststoffe1,4 gEiweiß1,5 gSalz0,53 gHinweiseAufbewahrungs- und Verwendungshinweis: Nach Öffnung ist der Packungsinhalt im wieder verschlossenen Beutel kühl und trocken mindestens 3 Wochen haltbar.Information: Unter Schutzatmosphäre verpackt.ArtikeldetailsMarke: PfanniEigenschaften: VegetarischUrsprungsland: DeutschlandKontaktKontaktname: Unilever DeutschlandKontaktadresse: Postfach 570 307, 22772 HamburgMaximale Bestellmenge: 15 StückFür die vorstehenden Angaben wird keine Haftung übernommen. Bitte prüfen Sie im Einzelfall die Angaben auf der jeweiligen Produktverpackung, nur diese sind verbindlich.Das Produktdesign kann von der Abbildung abweichen.",Am Grünen Hag 2,Rewe,Kochen & Backen,2023-07-09,"Gültig ab morgen bis Samstag, 15.07.2023"
Knorr Tomaten Ketchup,https://img.rewe-static.de/REWE28_2023/2360602/23631618-17_digital-image.png?impolicy=s-offers&imwidth=200&output-format=image/webp,,https://shop.rewe.de/p/knorr-tomaten-ketchup-430-ml/2360602,,"je 430-ml-Fl , (1 l = 3.47)",Aktion,"1,49 €","ProduktbeschreibungArtikelnummer 2360602• Knorr Tomaten Ketchup mit 100% natürlichen Zutaten 
• Ketchup aus nachhaltig angebauten Tomaten 
• Ketchup ohne Konservierungsstoffe und ohne Geschmacksverstärker 
• Das Knorr Tomaten Ketchup ist für Veganer geeignet 
• Tomaten-Ketchup ohne Farbstoffe (lt. Gesetz) 
• Grillsauce in der praktischen 430 ml Squeeze-Flasche von Knorr für besonders einfaches Dosieren Der Knorr Tomaten Ketchup mit 100% natürlichen Zutaten erhält seinen besonderen fruchtigen Geschmack von sonnengereiften Tomaten und schmeckt als Grillsauce einfach lecker zu Fleisch, Würstchen, Pommes Frites, Hotdogs, Reis-, Nudel- sowie Eiergerichten und ist auch für die vegane oder vegetarische Ernährung geeignet. In der praktischen Squeezer-Flasche lässt sich der Tomatenketchup auch besonders einfach dosieren und ist besonders lecker. 

Dank unserer Fix-Produkte, Brühen, Soßen, Fertiggerichten, Suppen und Salatdressings gelingt jedes Gericht garantiert mit wenigen Handgriffen. Schnell und einfach erhalten so authentische Mahlzeiten ihren typischen Geschmack – egal, ob abwechslungsreiche vegetarische oder vegane Küche, herzhafte Fleischgerichte oder leckere Gemüsevariationen. Dabei ist es die Komposition ausgewählter hochwertiger Zutaten, die jedes Knorr Produkt besonders macht. 

Knorr verarbeitet nur sorgfältig schonend getrocknete Zutaten, denn das Trocknen ist eine der ältesten Methoden, um Lebensmittel natürlich haltbar zu machen. Da der Geschmack und die Nährstoffe der frischen Zutaten weitgehend erhalten bleiben, passen Lebensmittel aus getrockneten Zutaten perfekt in unseren stressigen Alltag. Essen mit Knorr ist unkompliziert und sorgt darüber hinaus für ein gutes Gefühl: Über 90 Prozent der Zutaten kommen heute schon aus nachhaltigem Anbau. Denn wir bei Knorr glauben, dass die Verwendung nachhaltig angebauter und beschaffter Zutaten einen großen Unterschied für den Geschmack unserer Produkte, das Wohlbefinden der Landwirte und die Zukunft des Planeten macht. Knorr – Geschmack mit gutem Gefühl.Zutaten & AllergeneZutaten: 72% Tomatenmark1, Zucker, Branntweinessig, Speisesalz, natürliche Aromen. 1 aus nachhaltig angebauten TomatenNährwerteDurchschnittliche NährwerteUnzubereitet pro 100 mlEnergie399 kJEnergie94 kcalFett0,5 gFett, davon gesättigte Fettsäuren< 0,1 gKohlenhydrate21 gKohlenhydrate, davon Zucker20 gBallaststoffe0,7 gEiweiß1,4 gSalz1,9 gHinweiseAufbewahrungs- und Verwendungshinweis: Nach dem Öffnen im Kühlschrank aufbewahren.ArtikeldetailsMarke: KnorrUrsprungsland: PolenSorte: Tomaten-KetchupKontaktKontaktname: Unilever DeutschlandKontaktadresse: Postfach 570 550, 22774 HamburgMaximale Bestellmenge: 15 StückFür die vorstehenden Angaben wird keine Haftung übernommen. Bitte prüfen Sie im Einzelfall die Angaben auf der jeweiligen Produktverpackung, nur diese sind verbindlich.Das Produktdesign kann von der Abbildung abweichen.",Am Grünen Hag 2,Rewe,Kochen & Backen,2023-07-09,"Gültig ab morgen bis Samstag, 15.07.2023"
Barilla Collezione Farfalle,https://img.rewe-static.de/REWE28_2023/7905005/32879874-15_digital-image.png?impolicy=s-offers&imwidth=200&output-format=image/webp,,https://shop.rewe.de/p/knorr-tomaten-ketchup-430-ml/2360602,,"je 500-g-Pckg , (1 kg = 3.58)",Aktion,"1,79 €","b'ProduktbeschreibungArtikelnummer 7905005Zutaten & AllergeneZutaten: HARTWEIZENGRIESS, Wasser. Kann Spuren von Sojabohnen enthalten.Allergenhinweise: Enth\xc3\xa4lt: Weizen und Weizenerzeugnisse (glutenhaltiges Getreide). Glutenhaltiges Getreide und glutenhaltige Getreideerzeugnisse. Kann enthalten: Soja und Sojaerzeugnisse.N\xc3\xa4hrwerteDurchschnittliche N\xc3\xa4hrwerteUnzubereitet pro 100 gEnergie1.521 kJEnergie359 kcalFett2 gFett, davon ges\xc3\xa4ttigte Fetts\xc3\xa4uren0,5 gKohlenhydrate71,2 gKohlenhydrate, davon Zucker3,5 gBallaststoffe3 gEiwei\xc3\x9f12,5 gSalz0,013 gHinweiseAufbewahrungs- und Verwendungshinweis: Trocken, vor Licht und W\xc3\xa4rme gesch\xc3\xbctzt lagern.ArtikeldetailsMarke: BarillaUrsprungsland: ItalienKontaktKontaktname: Barilla G. e R. Fratelli S.p.A.Kontaktadresse: Via Mantova 166, Parma - ItalyMaximale Bestellmenge: 15 St\xc3\xbcckF\xc3\xbcr die vorstehenden Angaben wird keine Haftung \xc3\xbcbernommen. Bitte pr\xc3\xbcfen Sie im Einzelfall die Angaben auf der jeweiligen Produktverpackung, nur diese sind verbindlich.Das Produktdesign kann von der Abbildung abweichen.'",Am Grünen Hag 2,Rewe,Kochen & Backen,2023-07-09,"Gültig ab morgen bis Samstag, 15.07.2023"
Ben’s Original Süß-Sauer Sauce,https://img.rewe-static.de/REWE28_2023/2675781/2505550-79_digital-image.png?impolicy=s-offers&imwidth=200&output-format=image/webp,,https://shop.rewe.de/p/ben-s-original-sauce-suess-sauer-extra-ananas-400g/2675781,,"versch. Sorten , je 400-g-Glas , (1 kg = 3.73)",Aktion,"1,49 €","ProduktbeschreibungArtikelnummer 2675781BEN'S ORIGINAL™ Süß-Sauer: Eine Sauce, die nur sorgfältig ausgewählte Zutaten und keine künstlichen Farb-, Konservierungs- und Aromastoffe enthält.Zutaten & AllergeneZutaten: Wasser, Tomaten (13%), Zucker, Zwiebeln (10%), Ananas (9.3%), Karotten (8.2%), Branntweinessig, Modifizierte Maisstärke, Grüner Paprika (2.6%), Roter Paprika (2.6%), Salz, Farbstoff (Paprikaextrakt), Gewürze.Allergenhinweise: Enthält: Keine deklarationspflichtigen Allergene enthalten.NährwerteDurchschnittliche NährwerteUnzubereitet pro 100 gEnergie310 kJEnergie73 kcalFett< 0,5 gFett, davon gesättigte Fettsäuren< 0,1 gKohlenhydrate17 gKohlenhydrate, davon Zucker13 gBallaststoffe0,8 gEiweiß< 0,5 gSalz0,42 gHinweiseAufbewahrungs- und Verwendungshinweis: Nach dem Öffnen im Kühlschrank 3 Tage haltbar.ArtikeldetailsMarke: Ben's OriginalUrsprungsland: NiederlandeSorte: Extra AnanasKontaktKontaktname: Mars GmbHKontaktadresse: Postfach 1280, 27281 Verden (Aller)Maximale Bestellmenge: 15 StückFür die vorstehenden Angaben wird keine Haftung übernommen. Bitte prüfen Sie im Einzelfall die Angaben auf der jeweiligen Produktverpackung, nur diese sind verbindlich.Das Produktdesign kann von der Abbildung abweichen.",Am Grünen Hag 2,Rewe,Kochen & Backen,2023-07-09,"Gültig ab morgen bis Samstag, 15.07.2023"
REWE Beste Wahl Balsamico Creme,https://img.rewe-static.de/REWE28_2023/0888363/23928271-32_digital-image.png?impolicy=s-offers&imwidth=200&output-format=image/webp,,https://shop.rewe.de/p/ben-s-original-sauce-suess-sauer-extra-ananas-400g/2675781,,"je 250-ml-Fl , (1 l = 7.16)",Aktion,"1,79 €","b'ProduktbeschreibungArtikelnummer 888363Ihr au\xc3\x9fergew\xc3\xb6hnlicher Geschmack ist ideal zur Verfeinerung von Salaten, Gem\xc3\xbcse und Fleisch geeinigt.\n\nHergestellt f\xc3\xbcr: REWE Markt GmbH, D-50603 K\xc3\xb6ln. Zutaten & AllergeneZutaten: Traubenmostkonzentrat, Aceto Balsamico di Modena IGP 39% (Traubenmostkonzentrat, Weinessig, Farbstoff Ammonsulfit-Zuckerkul\xc3\xb6r, Antioxidationsmittel KALIUMMETABISULFIT), Weinessig, Verdickungsmittel (Guarkernmehl, Xanthan). Zusatzstoffe: E 150d, E 224, E 412, E 415Allergenhinweise: Schwefeldioxid und Sulfite in einer Konzentration von mehr als 10 mg/kg oder 10 mg/l, als SO2 angegebenN\xc3\xa4hrwerteDurchschnittliche N\xc3\xa4hrwertepro 100 mlEnergie938 kJEnergie220 kcalFett0 gFett, davon ges\xc3\xa4ttigte Fetts\xc3\xa4uren0 gKohlenhydrate52,5 gKohlenhydrate, davon Zucker43,5 gEiwei\xc3\x9f0,5 gSalz1,14 gHinweiseAufbewahrungshinweise: Nach dem \xc3\x96ffnen im K\xc3\xbchlschrank aufbewahren.Verwendungshinweise: Trocken lagern. Vor W\xc3\xa4rme sch\xc3\xbctzen.ArtikeldetailsMarke: REWE Beste WahlUrsprungsland: ItalienKontaktKontaktname: Drogheria e Alimentari Deutschland GmbHKontaktadresse: H\xc3\xbcttenstrasse 87, 87600 Kaufbeuren, DeutschlandMaximale Bestellmenge: 15 St\xc3\xbcckF\xc3\xbcr die vorstehenden Angaben wird keine Haftung \xc3\xbcbernommen. Bitte pr\xc3\xbcfen Sie im Einzelfall die Angaben auf der jeweiligen Produktverpackung, nur diese sind verbindlich.Das Produktdesign kann von der Abbildung abweichen.'",Am Grünen Hag 2,Rewe,Kochen & Backen,2023-07-09,"Gültig ab morgen bis Samstag, 15.07.2023"
Knorr Schlemmersauce,https://img.rewe-static.de/REWE28_2023/4584171/9206200-73_digital-image.png?impolicy=s-offers&imwidth=200&output-format=image/webp,,https://shop.rewe.de/p/knorr-grillsauce-knoblauch-sosse-250-ml/4584171,,"versch. Sorten , je 250-ml-Fl , (1 l = 3.96)",Aktion,"0,99 €","ProduktbeschreibungArtikelnummer 4584171- feine Knoblauchsauce 
 - mit Zwiebelstückchen und Joghurt verfeinert 
 - ideale Ergänzung zu Scampi, Salaten und verschiedenen Grillgerichten 
 - ohne künstliche Farbstoffe 
 - ohne Geschmacksverstärker und Konservierungsstoffe 
 
 Die herrlich cremige Knorr Knoblauch Sauce ist mit Zwiebelstückchen und Joghurt verfeinert und gehört für Liebhaber der herzhaften Knolle zu einem geselligen Grillabend dazu. Diese Sauce ist die ideale Ergänzung zu Scampi, Salaten, Folienkartoffeln, Maiskolben und verschiedenen Grillgerichten. Die Knorr Grillsauce in der Glasflasche passt außerdem als Dip hervorragend zu Fondue oder Raclette. Zubereitung: Vor Gebrauch schütteln. Knorr Grillsaucen sind Deutschlands beliebteste Grillsaucen (auf Basis verkaufter Saucen): Ganz gleich, ob zu saftigen Steaks, Würstchen, Fisch oder Gemüse – mit den unterschiedlichsten Varianten von Knoblauch bis Curry hat Knorr die passende Grillsauce immer servierfertig und griffbereit. Die abwechslungsreichen Grillsaucen in der charakteristischen Knorr-Glasflasche schmecken der ganzen Familie. Auch die Knorr Grillsaucen im praktischen Squeezer bieten außergewöhnliche Geschmacksrichtungen und sind ein besonderer Genuss bei jeder Grillparty. In der praktischen und leichten Kopfsteherflasche aus Kunststoff sind die Grillsaucen besonders gut und sauber zu dosieren und somit ideal für unterwegs und sofort einsetzbar. So einfach bringt man Abwechslung auf‘s Grillgut! Kennen Sie schon die vielen weiteren Produkte von Knorr? Dank unserer Fix-Produkte, Brühen, Saucen, Fertiggerichten, Suppen und Salatdressings gelingt jedes Gericht garantiert mit wenigen Handgriffen. Schnell und einfach erhalten so authentische Mahlzeiten ihren typischen Geschmack – egal, ob abwechslungsreiche vegetarische oder vegane Küche, herzhafte Fleischgerichte oder leckere Gemüsevariationen. Dabei ist es die Komposition ausgewählter hochwertiger Zutaten, die jedes Knorr Produkt besonders macht. Knorr verarbeitet nur sorgfältig schonend getrocknete Zutaten, denn das Trocknen ist eine der ältesten Methoden, um Lebensmittel natürlich haltbar zu machen. Da der Geschmack und die Nährstoffe der frischen Zutaten weitgehend erhalten bleiben, passen Lebensmittel aus getrockneten Zutaten perfekt in unseren stressigen Alltag. Essen mit Knorr ist unkompliziert und sorgt darüber hinaus für ein gutes Gefühl: Über 90 Prozent der Zutaten kommen heute schon aus nachhaltigem Anbau. Denn wir bei Knorr glauben, dass die Verwendung nachhaltig angebauter und beschaffter Zutaten einen großen Unterschied für den Geschmack unserer Produkte, das WohlbeFinden der Landwirte und die Zukunft des Planeten macht. Knorr – Geschmack mit gutem Gefühl.... mehr anzeigenDie cremige Knorr Knoblauch Sauce mit mildem Geschmack schmeckt ausgezeichnet zu Scampi, Salaten und verschiedenen Grillgerichten. Eine herrlich cremige Knoblauch Sauce von Knorr, verfeinert mit Zwiebelstückchen und Joghurt. Mit dieser leckeren Würzsauce kann die Grillparty beginnen. Der Knorr Grillsaucen-Klassiker in der Glasflasche ist ein unverzichtbarer Begleiter in der Grillsaison. 

Knorr Saucen inspirieren sowohl Kochkünstler als auch alle, die gerne Neues entdecken und in die Welt der exotischen Genüsse eintauchen möchten. Das Sortiment an Knorr Grillsaucen bietet etwas für jeden Geschmack und jede Gelegenheit. Etwa eine Grillparty mit Familie und Freuden – doch ohne Grillsaucen keine richtige Grillparty. 

Die Knorr Saucen sind ideal für allerlei gebratene oder gegrillte Fleischsorten, verschiedene Fische oder diverse Meeresfrüchte. Die Devise lautet: selbst ausprobieren und jedes Gericht zu einem kulinarischen Fest mit guter Stimmung verwandeln. Millionen zufriedener Verbraucher vertrauen bereits auf Knorr und greifen immer öfter nach dem Produkt. Die handliche Flasche der Grillsauce ist leicht dosierbar und daher perfekt für unterwegs. Dank gesunder Zutaten und einer hohen Qualität werden Knorr Saucen zunehmend auch für die abwechslungsreiche vegetarische und vegane Küche empfohlen. 

Aufbewahrungs- und Verwendungshinweise: Vor Gebrauch schütteln. Nach dem Öffnen im Kühlschrank aufbewahren. 

Sind schon die vielen weiteren Produkte von Knorr bekannt? Dank der Fix-Produkte, Soßen, Fertiggerichte, Suppen, Salatdressings, Brühen und Bouillons gelingt jedes Gericht garantiert mit wenigen Handgriffen. Schnell und einfach erhalten authentische Mahlzeiten so ihren typischen Geschmack – egal, ob abwechslungsreiche vegetarische oder vegane Küche, herzhafte Fleischgerichte oder leckere Gemüsevariationen. Dabei ist es die Komposition ausgewählter hochwertiger Zutaten, die jedes Knorr Produkt besonders macht. Knorr verarbeitet nur sorgfältig schonend getrocknete Zutaten, denn das Trocknen ist eine der ältesten Methoden, um Lebensmittel natürlich haltbar zu machen. Da der Geschmack und die Hauptnährstoffe der frischen Zutaten weitgehend erhalten bleiben, passen Lebensmittel aus getrockneten Zutaten perfekt in unseren stressigen Alltag. Essen mit Knorr ist unkompliziert und sorgt darüber hinaus für ein gutes Gefühl: 95 Prozent unserer Gemüse und Kräuter stammen heute schon aus nachhaltigem Anbau. Denn wir bei Knorr glauben, dass die Verwendung nachhaltig angebauter und beschaffter Zutaten einen großen Unterschied für den Geschmack unserer Produkte, das Wohlbefinden der Landwirte und die Zukunft des Planeten macht. Knorr. Gutes, natürlich lecker!Zutaten & AllergeneZutaten: Trinkwasser, Rapsöl, MAGERMILCHJOGHURT, Zucker, modifizierte Stärke, Branntweinessig, Zwiebeln, SELLERIE, EIGELB, Speisesalz, 1,2 % Knoblauch, Gewürze (mit SENFSAAT), Zitronensaftkonzentrat, Aromen, Petersilie.NährwerteDurchschnittliche NährwerteUnzubereitet pro 100 mlEnergie1.044 kJEnergie249 kcalFett21 gFett, davon gesättigte Fettsäuren1,9 gKohlenhydrate12 gKohlenhydrate, davon Zucker9,1 gBallaststoffe< 0,5 gEiweiß1 gSalz1,6 gHinweiseAufbewahrungs- und Verwendungshinweis: Nach dem Öffnen im Kühlschrank aufbewahren.ArtikeldetailsMarke: KnorrUrsprungsland: DeutschlandKontaktKontaktname: Unilever DeutschlandKontaktadresse: Postfach 570 550, 22774 HamburgMaximale Bestellmenge: 15 StückFür die vorstehenden Angaben wird keine Haftung übernommen. Bitte prüfen Sie im Einzelfall die Angaben auf der jeweiligen Produktverpackung, nur diese sind verbindlich.Das Produktdesign kann von der Abbildung abweichen.",Am Grünen Hag 2,Rewe,Kochen & Backen,2023-07-09,"Gültig ab morgen bis Samstag, 15.07.2023"
Hela Gewürzketchup Curry,https://img.rewe-static.de/REWE28_2023/4908848/630290-90_digital-image.png?impolicy=s-offers&imwidth=200&output-format=image/webp,,https://shop.rewe.de/p/hela-curry-gewuerzketchup-scharf-800ml/4908848,,"versch. Sorten , je 800-ml-Fl , (1 l = 2.86)",Aktion,"2,29 €","ProduktbeschreibungArtikelnummer 4908848Mit der originalen Hela Würzung
Unser scharf-süßlicher Gewürz Ketchup Curry scharf ist die ideale Ergänzung für all unsere Fans, die es gern etwas pikanter mögen.Zutaten & AllergeneZutaten: Tomatensaft, Zucker, Dextrose, Kochsalz, Curry (SENFMEHL, Pfeffer, Paprika, Chili, Nelken, Gewürze), Branntweinessig, modifizierte Maisstärke, Säuerungsmittel: Citronensäure, Verdickungsmittel: (Guarkernmehl, Johannisbrotkernmehl), Kräuter (enthält SELLERIE), Säureregulator: Natriumlactat, Geschmacksverstärker: Mononatriumglutamat.Allergenhinweise: Enthält: Senf- und Senferzeugnisse. Sellerie und Sellerieerzeugnisse.NährwerteDurchschnittliche NährwerteUnzubereitet pro 100 gEnergie573 kJEnergie137 kcalFett0,3 gFett, davon gesättigte Fettsäuren0,1 gKohlenhydrate30,8 gKohlenhydrate, davon Zucker29,4 gEiweiß0,8 gSalz2,2 gHinweiseAufbewahrungs- und Verwendungshinweis: Nach erster Öffnung bitte im Kühlschrank lagern und kurzfristig verzehren!ArtikeldetailsMarke: HelaUrsprungsland: DeutschlandPackungsgröße: 800mlKontaktKontaktname: Hela Gewürzwerk Hermann Laue GmbHKontaktadresse: D-22923 AhrensburgMaximale Bestellmenge: 15 StückFür die vorstehenden Angaben wird keine Haftung übernommen. Bitte prüfen Sie im Einzelfall die Angaben auf der jeweiligen Produktverpackung, nur diese sind verbindlich.Das Produktdesign kann von der Abbildung abweichen.",Am Grünen Hag 2,Rewe,Kochen & Backen,2023-07-09,"Gültig ab morgen bis Samstag, 15.07.2023"
Barilla Spaghetti Al Bronzo,https://img.rewe-static.de/REWE28_2023/8745035/37803714-8_digital-image.png?impolicy=s-offers&imwidth=200&output-format=image/webp,,https://shop.rewe.de/p/hela-curry-gewuerzketchup-scharf-800ml/4908848,,"je 400-g-Pckg , (1 kg = 4.48)",Aktion,"1,79 €","b'ProduktbeschreibungArtikelnummer 8745035Zutaten & AllergeneZutaten: HARTWEIZENGRIESS, Wasser. Kann Spuren von Sojabohnen und Senf enthalten.Allergenhinweise: Enth\xc3\xa4lt: Weizen und Weizenerzeugnisse (glutenhaltiges Getreide). Glutenhaltiges Getreide und glutenhaltige Getreideerzeugnisse. Kann enthalten: Soja und Sojaerzeugnisse. Senf- und Senferzeugnisse.N\xc3\xa4hrwerteDurchschnittliche N\xc3\xa4hrwerteUnzubereitet pro 100 gEnergie1.521 kJEnergie359 kcalFett2 gFett, davon ges\xc3\xa4ttigte Fetts\xc3\xa4uren0,4 gKohlenhydrate69,7 gKohlenhydrate, davon Zucker3,5 gBallaststoffe3 gEiwei\xc3\x9f14 gSalz0,013 gHinweiseAufbewahrungs- und Verwendungshinweis: Trocken, vor Licht und W\xc3\xa4rme gesch\xc3\xbctzt lagern.ArtikeldetailsMarke: BarillaUrsprungsland: ItalienKontaktKontaktname: Barilla G. e R. Fratelli S.p.A.Kontaktadresse: Via Mantova 166, Parma - ItalyMaximale Bestellmenge: 15 St\xc3\xbcckF\xc3\xbcr die vorstehenden Angaben wird keine Haftung \xc3\xbcbernommen. Bitte pr\xc3\xbcfen Sie im Einzelfall die Angaben auf der jeweiligen Produktverpackung, nur diese sind verbindlich.Das Produktdesign kann von der Abbildung abweichen.'",Am Grünen Hag 2,Rewe,Kochen & Backen,2023-07-09,"Gültig ab morgen bis Samstag, 15.07.2023"
REWE Beste Wahl Bolognese Pasta Sauce,https://img.rewe-static.de/REWE28_2023/7123786/27851232-24_digital-image.png?impolicy=s-offers&imwidth=200&output-format=image/webp,,https://shop.rewe.de/p/hela-curry-gewuerzketchup-scharf-800ml/4908848,,"je 380-ml-Glas , (1 l = 4.18)",Aktion,"1,59 €","b'ProduktbeschreibungArtikelnummer 7123786Zutaten & AllergeneZutaten: Passierte Tomaten 61%, Rindfleisch 28%, Gem\xc3\xbcse 6% (Karotten, Zwiebeln, Knoblauch), Zucker, Salz, S\xc3\xa4uerungsmittel Milchs\xc3\xa4ure, Sonnenblumen\xc3\xb6l, Kr\xc3\xa4uter, Gew\xc3\xbcrze.    Zusatzstoffe: E 270N\xc3\xa4hrwerteDurchschnittliche N\xc3\xa4hrwertepro 100 mlEnergie392 kJEnergie94 kcalFett4,6 gFett, davon ges\xc3\xa4ttigte Fetts\xc3\xa4uren2,3 gKohlenhydrate6,1 gKohlenhydrate, davon Zucker5 gEiwei\xc3\x9f5,9 gSalz1,4 gHinweiseAufbewahrungshinweise: Nach dem \xc3\x96ffnen im K\xc3\xbchlschrank aufbewahren und innerhalb von 3-4 Tagen verbrauchen.Verwendungshinweise: Trocken lagern. Vor W\xc3\xa4rme sch\xc3\xbctzen.ArtikeldetailsMarke: REWE Beste WahlUrsprungsland: ItalienKontaktKontaktname: LA DORIA S.P.A.Kontaktadresse: Via Nazionale, 320, Angri, 84012, ItalienMaximale Bestellmenge: 15 St\xc3\xbcckF\xc3\xbcr die vorstehenden Angaben wird keine Haftung \xc3\xbcbernommen. Bitte pr\xc3\xbcfen Sie im Einzelfall die Angaben auf der jeweiligen Produktverpackung, nur diese sind verbindlich.Das Produktdesign kann von der Abbildung abweichen.'",Am Grünen Hag 2,Rewe,Kochen & Backen,2023-07-09,"Gültig ab morgen bis Samstag, 15.07.2023"
Fabbri Amarenakirschen,https://img.rewe-static.de/REWE28_2023/3797015/1603730-43_digital-image.png?impolicy=s-offers&imwidth=200&output-format=image/webp,,https://shop.rewe.de/p/hela-curry-gewuerzketchup-scharf-800ml/4908848,,"Frucht in Sirup , je 230-g-Glas , (1 kg = 39.90) , 100-g-Abtropfgew.",Aktion,"3,99 €","b'ProduktbeschreibungArtikelnummer 3797015Zutaten & AllergeneZutaten: Zucker, Sauerkirschen (43%), Glukose Sirup, Wasser, Sauerkirschen saft (4%), S\xc3\xa4uerungsmittel Zitronens\xc3\xa4ure, Aromen, Farbstoff Anthocyane aus Pflanzenextrakt.N\xc3\xa4hrwerteDurchschnittliche N\xc3\xa4hrwerteUnzubereitet pro 100 gEnergie1.160 kJEnergie273 kcalFett0 gFett, davon ges\xc3\xa4ttigte Fetts\xc3\xa4uren0 gKohlenhydrate67 gKohlenhydrate, davon Zucker61 gEiwei\xc3\x9f0 gSalz0,03 gArtikeldetailsMarke: FabbriNettof\xc3\xbcllmenge: 230 GUrsprungsland: ItalienAbtropfgewicht: 100 gKontaktKontaktname: G. Fabbri Deutschland GmbHKontaktadresse: Witneystr. 1 - 82008 UnterhachingMaximale Bestellmenge: 15 St\xc3\xbcckF\xc3\xbcr die vorstehenden Angaben wird keine Haftung \xc3\xbcbernommen. Bitte pr\xc3\xbcfen Sie im Einzelfall die Angaben auf der jeweiligen Produktverpackung, nur diese sind verbindlich.Das Produktdesign kann von der Abbildung abweichen.'",Am Grünen Hag 2,Rewe,Kochen & Backen,2023-07-09,"Gültig ab morgen bis Samstag, 15.07.2023"
Saupiquet Thunfisch,https://img.rewe-static.de/REWE28_2023/2071371/2519210-44_digital-image.png?impolicy=s-offers&imwidth=200&output-format=image/webp,,https://shop.rewe.de/p/hela-curry-gewuerzketchup-scharf-800ml/4908848,,"Naturale ohne Öl oder in Sonnenblumenöl , je 185-g-Dose , (1 kg = 17.79) , 140-g-Abtropfgew.",Aktion,"2,49 €","b'ProduktbeschreibungArtikelnummer 2071371Zutaten & AllergeneZutaten: THUNFISCH (Skipjack, Katsuwonus pelamis), Wasser, Salz.Allergenhinweise: Enth\xc3\xa4lt: Fisch und Fischerzeugnisse.N\xc3\xa4hrwerteDurchschnittliche N\xc3\xa4hrwerteUnzubereitet pro 100 gEnergie410 kJEnergie97 kcalFett0,5 gFett, davon ges\xc3\xa4ttigte Fetts\xc3\xa4uren0,2 gKohlenhydrate0 gKohlenhydrate, davon Zucker0 gBallaststoffe0 gEiwei\xc3\x9f23 gSalz1,3 gHinweiseAufbewahrungs- und Verwendungshinweis: Mindestens haltbar bis: siehe VerpackungsaufdruckArtikeldetailsMarke: SaupiquetNettof\xc3\xbcllmenge: 185 GUrsprungsland: EcuadorAbtropfgewicht: 140 gSorte: Naturale ohne \xc3\x96lKontaktKontaktname: Saupiquet D GmbHKontaktadresse: Postfach 9307, 47750 KrefeldMaximale Bestellmenge: 15 St\xc3\xbcckF\xc3\xbcr die vorstehenden Angaben wird keine Haftung \xc3\xbcbernommen. Bitte pr\xc3\xbcfen Sie im Einzelfall die Angaben auf der jeweiligen Produktverpackung, nur diese sind verbindlich.Das Produktdesign kann von der Abbildung abweichen.'",Am Grünen Hag 2,Rewe,Kochen & Backen,2023-07-09,"Gültig ab morgen bis Samstag, 15.07.2023"
Oryza Reisspezialität,https://img.rewe-static.de/REWE28_2023/2600315/1231150-46_digital-image.png?impolicy=s-offers&imwidth=200&output-format=image/webp,,https://shop.rewe.de/p/oryza-himalaya-basmati-500g/2600315,,"Himalaya Basmati , je 500-g-Btl , (1 kg = 3.58)",Aktion,"1,79 €","ProduktbeschreibungArtikelnummer 2600315Zutaten & AllergeneZutaten: Basmati ReisAllergenhinweise: Enthält: Keine deklarationspflichtigen Allergene enthalten.NährwerteDurchschnittliche NährwerteUnzubereitet pro 100 gEnergie1.469 kJEnergie351 kcalFett1 gFett, davon gesättigte Fettsäuren0,3 gKohlenhydrate75 gKohlenhydrate, davon Zucker0,5 gBallaststoffe3,6 gEiweiß8,8 gSalz0,01 gHinweiseAufbewahrungs- und Verwendungshinweis: Produkt vor Wärme schützen und trocken lagern.ArtikeldetailsMarke: OryzaUrsprungsland: BelgienKontaktKontaktname: Euryza GmbHKontaktadresse: Paul-Dessau-Str. 5, 22761 HamburgMaximale Bestellmenge: 15 StückFür die vorstehenden Angaben wird keine Haftung übernommen. Bitte prüfen Sie im Einzelfall die Angaben auf der jeweiligen Produktverpackung, nur diese sind verbindlich.Das Produktdesign kann von der Abbildung abweichen.",Am Grünen Hag 2,Rewe,Kochen & Backen,2023-07-09,"Gültig ab morgen bis Samstag, 15.07.2023"
Funny-Frisch Ofen Chips,https://img.rewe-static.de/REWE28_2023/7778468/36482196-7_digital-image.png?impolicy=s-offers&imwidth=200&output-format=image/webp,,https://shop.rewe.de/p/funny-frisch-ofen-chips-paprika-125g/7778468,,"versch. Sorten , je 125-g-Btl , (1 kg = 10.32)",Aktion,"1,29 €","ProduktbeschreibungArtikelnummer 7778468Zutaten & AllergeneZutaten: Kartoffelpulver (61%), Stärke, pflanzliche Öle (Sonnenblume, Raps in veränderlichen Gewichtsanteilen), Zucker, Speisesalz, Emulgator (Lecithine), Paprikapulver, Hefeextrakt, natürliches Aroma, Tomatenpulver, Balsamicoessigpulver (Traubenmostkonzentrat, Weinessig), Zwiebelpulver, Aprikosenpulver, Säureregulator (Calciumphosphate), GERSTENMALZESSIGPULVER, Backtriebmittel (Natriumhydrogencarbonat), Chilipulver, Knoblauchpulver, färbendes Lebensmittel (schwarzer Tee-Extrakt), Säuerungsmittel (Äpfelsäure), Farbstoff (Paprikaextrakt), Kräuter, Gewürze, GERSTENMALZESSIGEXTRAKT, Branntweinessigpulver. Kann Spuren von SESAM, MILCH und WEIZEN enthalten.NährwerteDurchschnittliche NährwerteUnzubereitet pro 100 gEnergie1.709 kJEnergie405 kcalFett9,2 gFett, davon gesättigte Fettsäuren1,2 gFett, davon einfach ungesättigte Fettsäuren0 gFett, davon mehrfach ungesättigte Fettsäuren0 gKohlenhydrate72 gKohlenhydrate, davon Zucker7,3 gBallaststoffe4,4 gEiweiß6,1 gSalz1,6 gArtikeldetailsMarke: Funny-frischUrsprungsland: DeutschlandKontaktKontaktname: Intersnack Deutschland SEKontaktadresse: Erna-Scheffler-Str. 3, DE-51103 KölnFür die vorstehenden Angaben wird keine Haftung übernommen. Bitte prüfen Sie im Einzelfall die Angaben auf der jeweiligen Produktverpackung, nur diese sind verbindlich.Das Produktdesign kann von der Abbildung abweichen.",Am Grünen Hag 2,Rewe,Süßes & Salziges,2023-07-09,"Gültig ab morgen bis Samstag, 15.07.2023"
Dickmann’s Super Dickmann’s,https://img.rewe-static.de/REWE28_2023/4205960/1363350-48_digital-image.png?impolicy=s-offers&imwidth=200&output-format=image/webp,,https://shop.rewe.de/p/super-dickmann-s-250g-9-stueck/4205960,,"je 250-g-Pckg , (1 kg = 5.96)",Aktion,"1,49 €","ProduktbeschreibungArtikelnummer 4205960Mit Super Dickmann’s geht der Spaß los: knackige Schokolade, lockerer Schaum. Spaß und Genuss für dich und deine Lieblingsmenschen! Gönn‘s dir und teil den Spaß! Die original Super Dickmann’s sind außen schokoladig-knackig, innen fluffig und dazu unverwechselbar durch das „D“ auf der Knusper-Waffel. Ob gemeinsam mit der Familie, unterwegs mit Freunden oder als Mitbringsel zum Geburtstag – sie lassen sich zu jeder Gelegenheit genießen.Zutaten & AllergeneZutaten: Glukose-Fruktose-Sirup, Schokolade 24% (Zucker, Kakaobutter, Kakaomasse, magerer Kakao, VOLLMILCHPULVER, Emulgator Lecithine (SOJA), Vanilleextrakt), Waffel (WEIZENMEHL, Zucker, SAHNEPULVER, Palmfett, Emulgator Lecithine (SOJA), natürliches Aroma, Backtriebmittel Natriumhydrogencarbonat, Salz), Feuchthaltemittel Sorbitsirup, HÜHNEREI-TROCKENEIWEISS*, natürliches Aroma. KANN AUCH ANTEILE VON HASELNUSS, MANDEL UND ANDEREN NÜSSEN ENTHALTEN. * aus BodenhaltungAllergenhinweise: Enthält: Eier und Eierzeugnisse. Milch und Milcherzeugnisse (einschließlich Lactose). Sonstige glutenhaltige Getreide oder Hybridstämme davon. Soja und Sojaerzeugnisse. Weizen und Weizenerzeugnisse (glutenhaltiges Getreide). Kann enthalten: Nüsse und Nusserzeugnisse. Mandeln und Mandelerzeugnisse. Kaschunuss und Kaschunusserzeugnisse. Haselnuss und Haselnusserzeugnisse. Pecannuss und Pecannusserzeugnisse. Queenslandnuss und Queenslandnusserzeugnisse. Paranuss und Paranusserzeugnisse. Pistazie und Pistazienerzeugnisse. Walnuss und Walnusserzeugnisse.NährwerteDurchschnittliche NährwerteUnzubereitet pro 100 gEnergie1.573 kJEnergie373 kcalFett10,1 gFett, davon gesättigte Fettsäuren5,9 gKohlenhydrate67,5 gKohlenhydrate, davon Zucker53 gEiweiß2,9 gSalz0,08 gHinweiseAufbewahrungs- und Verwendungshinweis: Vor Wärme schützen!ArtikeldetailsMarke: StorckUrsprungsland: DeutschlandPackungsgröße: 12 Stück, 336gKontaktKontaktname: AUGUST STORCK KGKontaktadresse: Waldstr. 27, D-13403 BerlinFür die vorstehenden Angaben wird keine Haftung übernommen. Bitte prüfen Sie im Einzelfall die Angaben auf der jeweiligen Produktverpackung, nur diese sind verbindlich.Das Produktdesign kann von der Abbildung abweichen.",Am Grünen Hag 2,Rewe,Süßes & Salziges,2023-07-09,"Gültig ab morgen bis Samstag, 15.07.2023"
Mars Snickers,https://img.rewe-static.de/REWE28_2023/1303474/40115911-6_digital-image.png?impolicy=s-offers&imwidth=200&output-format=image/webp,,https://shop.rewe.de/p/snickers-schokoriegel-5x50g/1303474,,"je 5 x 50-g-Riegel-Pckg , (1 kg = 6.76)",Aktion,"1,69 €","ProduktbeschreibungArtikelnummer 13034745 Riegel einzeln verpackt. SNICKERS - und der Hunger ist gegessen! Das unschlagbare Original aus Vollmilchschokolade, ausgewählten Erdnüsse von bester Qualität und zartem Karamell! Ideal zum Snacken und Genießen! Das unschlagbare Original mit dem unverwechselbaren Geschmack. Unter der knackigen Schale aus Vollmilchschokolade machen ausgewählte Erdnüsse, leckere Candy-Creme und zartes Karamell SNICKERS® zu einem echten Meisterwerk und dem beliebtesten Schokoladenriegel der Welt.Zutaten & AllergeneZutaten: Zucker, Glukosesirup, ERDNÜSSE, MAGERMILCHPULVER, Kakaobutter, Kakaomasse, Sonnenblumenöl, Butterreinfett (MILCH), MILCHZUCKER, Molkepermeat (aus MILCH), Palmfett, Salz, Emulgator (SOJALECITHIN), HÜHNEREI-TROCKENEIWEISS. (Kann enthalten: HASELNÜSSE).Allergenhinweise: ERDNÜSSE, MAGERMILCHPULVER, MILCH, MILCHZUCKER, SOJALECITHIN, HÜHNEREI-TROCKENEIWEISS.Enthält: Erdnüsse und Erdnusserzeugnisse. Milch und Milcherzeugnisse (einschließlich Lactose). Milchzucker (Laktose). Soja und Sojaerzeugnisse. Eier und Eierzeugnisse. Kann enthalten: Haselnuss und Haselnusserzeugnisse. Nüsse und Nusserzeugnisse.NährwerteDurchschnittliche NährwerteUnzubereitet pro 100 gEnergie2.044 kJEnergie488 kcalFett23 gFett, davon gesättigte Fettsäuren7,8 gKohlenhydrate60 gKohlenhydrate, davon Zucker52 gEiweiß8,7 gSalz0,64 gArtikeldetailsMarke: SnickersUrsprungsland: NiederlandeSorte: SnickersKontaktKontaktname: Mars GmbHKontaktadresse: Postfach 1414, D-82004 UnterhachingMaximale Bestellmenge: 15 StückFür die vorstehenden Angaben wird keine Haftung übernommen. Bitte prüfen Sie im Einzelfall die Angaben auf der jeweiligen Produktverpackung, nur diese sind verbindlich.Das Produktdesign kann von der Abbildung abweichen.",Am Grünen Hag 2,Rewe,Süßes & Salziges,2023-07-09,"Gültig ab morgen bis Samstag, 15.07.2023"
Kägi Fret Mini,https://img.rewe-static.de/REWE28_2023/8348250/34556711-6_digital-image.png?impolicy=s-offers&imwidth=200&output-format=image/webp,,https://shop.rewe.de/p/kaegi-fret-classic-mini-128g/8348250,,"versch. Sorten , je 128-g-Pckg , (1 kg = 15.55)",Aktion,"1,99 €","ProduktbeschreibungArtikelnummer 8348250Zutaten & AllergeneZutaten: Zucker, Palmfett (nachhaltig; zertifiziert), WEIZENMEHL, VOLLMILCHPULVER, Kakaobutter*, Kakaomasse*, Kakaopulver*, HASELNÜSSE, gemahlene WEIZENFASERN, EIGELBPULVER, Emulgator: Lecithine (SOJA), Kochsalz, Backtriebmittel: Natriumhydrogencarbonat, Vanilleextrakt. * Rainforest Alliance Certified. Find out more at ra.orgNährwerteDurchschnittliche NährwerteUnzubereitet pro 100 gEnergie2.334 kJEnergie560 kcalFett35 gFett, davon gesättigte Fettsäuren25 gKohlenhydrate57 gKohlenhydrate, davon Zucker38 gEiweiß6,5 gSalz0,25 gArtikeldetailsMarke: KägiUrsprungsland: SchweizKontaktKontaktname: Kägi Söhne GmbHKontaktadresse: Richtergasse 7/HP/Top 1 A-1070 WienFür die vorstehenden Angaben wird keine Haftung übernommen. Bitte prüfen Sie im Einzelfall die Angaben auf der jeweiligen Produktverpackung, nur diese sind verbindlich.Das Produktdesign kann von der Abbildung abweichen.",Am Grünen Hag 2,Rewe,Süßes & Salziges,2023-07-09,"Gültig ab morgen bis Samstag, 15.07.2023"
Milka Tender,https://img.rewe-static.de/REWE28_2023/3075923/1234890-36_digital-image.png?impolicy=s-offers&imwidth=200&output-format=image/webp,,https://shop.rewe.de/p/milka-tender-milch-5x37g/3075923,,"Milch , je 5 x 37-g-Pckg , (1 kg = 9.14)",Aktion,"1,69 €","ProduktbeschreibungArtikelnummer 3075923Tender ist der köstlich-lockere Kuchensnack von Milka: Feine Biskuit-Rolle gefüllt mit leckerer Milchcrème, umhüllt von zarter Milka Alpenmilch Schokolade. Einfach lecker! Zutaten & AllergeneZutaten: Zucker, WEIZENMEHL, EIER, Feuchthaltemittel (Sorbit, Glycerin), pflanzliche Fette (Palm, Palmkern), MAGERMILCHPULVER, Kakaobutter, Glukose-Fruktose-Sirup, Glukosesirup, Kakaomasse, Molkenpulver (aus MILCH), WEIZENSTÄRKE, BUTTEREINFETT, VOLLMILCHPULVER, WEIZENKLEIE, Emulgatoren (SOJALECITHINE, E475, E471, E476), Alkohol, Rapsöl, Backtriebmittel (Diphosphate, Natriumcarbonate), Speisesalz, Aromen (enthält MILCH), Verdickungsmittel (Xanthan), Hefepulver. KANN ENTHALTEN: NÜSSE.Allergenhinweise: WEIZENMEHL, EIER, MAGERMILCHPULVER, MILCH, WEIZENSTÄRKE, BUTTEREINFETT, VOLLMILCHPULVER, WEIZENKLEIE, SOJALECITHINEEnthält: Milch und Milcherzeugnisse (einschließlich Lactose). Soja und Sojaerzeugnisse. Weizen und Weizenerzeugnisse (glutenhaltiges Getreide). Eier und Eierzeugnisse. Glutenhaltiges Getreide und glutenhaltige Getreideerzeugnisse. Kann enthalten: Nüsse und Nusserzeugnisse.NährwerteDurchschnittliche NährwerteUnzubereitet pro 100 gEnergie1.705 kJEnergie407 kcalFett18 gFett, davon gesättigte Fettsäuren9,9 gKohlenhydrate56 gKohlenhydrate, davon Zucker34 gBallaststoffe1,2 gEiweiß6 gSalz0,47 gHinweiseAufbewahrungs- und Verwendungshinweis: Trocken lagern und vor Wärme schützen.Information: Die Milchcremefüllung enthält 11 % Magermilchpulver und 6 % Vollmilchpulver.ArtikeldetailsMarke: MilkaUrsprungsland: FrankreichSorte: MilchKontaktKontaktname: Mondelez Deutschland GmbHKontaktadresse: D-28078 Bremen.Maximale Bestellmenge: 15 StückFür die vorstehenden Angaben wird keine Haftung übernommen. Bitte prüfen Sie im Einzelfall die Angaben auf der jeweiligen Produktverpackung, nur diese sind verbindlich.Das Produktdesign kann von der Abbildung abweichen.",Am Grünen Hag 2,Rewe,Süßes & Salziges,2023-07-09,"Gültig ab morgen bis Samstag, 15.07.2023"
Milka Cake & Choc,https://img.rewe-static.de/REWE28_2023/1483700/20715624-26_digital-image.png?impolicy=s-offers&imwidth=200&output-format=image/webp,,https://shop.rewe.de/p/milka-kuechlein-cake-choc-175g/1483700,,"je 175-g-Pckg , (1 kg = 9.66)",Aktion,"1,69 €","ProduktbeschreibungArtikelnummer 1483700Die perfekte Kombination aus fluffigem Teig und einem Kern aus flüssiger, zartschmelzender Milka Alpenmilch Schokolade! Einzeln verpackt. Einfach köstlich! Zutaten & AllergeneZutaten: WEIZENMEHL, Zucker, Glukose-Fruktose-Sirup, Rapsöl, EIER, Stabilisator (Glycerin), Kakaomasse, VOLLMILCHPULVER, Kakaobutter, MAGERMILCHPULVER, WEIZENSTÄRKE, Backtriebmittel (Diphosphate, Kaliumcarbonate), fettarmes Kakaopulver, Süßmolkenpulver (aus MILCH), Speisesalz, Emulgatoren (SOJALECITHINE, E472b, E475), Aromen (Enthält MILCH), Glukosesirup, Verdickungsmittel (Xanthan). KANN NÜSSE ENTHALTEN.Allergenhinweise: WEIZENMEHL, EIER, VOLLMILCHPULVER, MAGERMILCHPULVER, WEIZENSTÄRKE, MILCH, SOJALECITHINE.Enthält: Weizen und Weizenerzeugnisse (glutenhaltiges Getreide). Glutenhaltiges Getreide und glutenhaltige Getreideerzeugnisse. Eier und Eierzeugnisse. Milch und Milcherzeugnisse (einschließlich Lactose). Soja und Sojaerzeugnisse. Kann enthalten: Nüsse und Nusserzeugnisse.NährwerteDurchschnittliche NährwerteUnzubereitet pro 100 gEnergie1.799 kJEnergie429 kcalFett21 gFett, davon gesättigte Fettsäuren4,1 gKohlenhydrate56,5 gKohlenhydrate, davon Zucker31 gBallaststoffe1,5 gEiweiß5,4 gSalz0,6 gHinweiseAufbewahrungs- und Verwendungshinweis: Trocken lagern und vor Wärme schützen.ArtikeldetailsMarke: MilkaUrsprungsland: FrankreichSorte: Cake & ChocKontaktKontaktname: Mondelez Deutschland GmbHKontaktadresse: D-28078 BremenMaximale Bestellmenge: 15 StückFür die vorstehenden Angaben wird keine Haftung übernommen. Bitte prüfen Sie im Einzelfall die Angaben auf der jeweiligen Produktverpackung, nur diese sind verbindlich.Das Produktdesign kann von der Abbildung abweichen.",Am Grünen Hag 2,Rewe,Süßes & Salziges,2023-07-09,"Gültig ab morgen bis Samstag, 15.07.2023"
Hitschler Hitschies,https://img.rewe-static.de/REWE28_2023/8002544/31009580-12_digital-image.png?impolicy=s-offers&imwidth=200&output-format=image/webp,,https://shop.rewe.de/p/hitschler-hitschies-original-mix-210g/8002544,,"versch. Sorten , je 210-g-Btl , (1 kg = 7.10)",Aktion,"1,49 €","ProduktbeschreibungArtikelnummer 8002544Zutaten & AllergeneZutaten: Zucker, Glukosesirup, Palmfett, 5% Fruchtsaft aus Fruchtsaftkonzentrat: (Apfel, Pfirsich, Zitrone, Erdbeere, Himbeere); Gelatine*, Stabilisator: Gummi Arabicum; modifizierte Stärke, Säuerungsmittel: Milchsäure, Citronensäure; Aromen, Emulgator: Lecithine; Farbstoffe: Echtes Karmin, Kurkumin, Brillantblau FCF, Pflanzenkohle; Überzugsmittel: Carnaubawachs, Schellack, Bienenwachs weiß und gelb. *RindergelatineNährwerteDurchschnittliche NährwerteUnzubereitet pro 100 gEnergie1.692 kJEnergie400 kcalFett5,4 gFett, davon gesättigte Fettsäuren3 gKohlenhydrate86 gKohlenhydrate, davon Zucker67 gEiweiß1,4 gSalz0,07 gHinweiseAufbewahrungs- und Verwendungshinweis: Wärmegeschützt und trocken lagern.ArtikeldetailsMarke: HitschlerUrsprungsland: DeutschlandKontaktKontaktname: hitschler International GmbH & Co. KGKontaktadresse: 50855 KölnFür die vorstehenden Angaben wird keine Haftung übernommen. Bitte prüfen Sie im Einzelfall die Angaben auf der jeweiligen Produktverpackung, nur diese sind verbindlich.Das Produktdesign kann von der Abbildung abweichen.",Am Grünen Hag 2,Rewe,Süßes & Salziges,2023-07-09,"Gültig ab morgen bis Samstag, 15.07.2023"
Dickmann’s Schoko Strolche,https://img.rewe-static.de/REWE28_2023/5469872/1363360-27_digital-image.png?impolicy=s-offers&imwidth=200&output-format=image/webp,,https://shop.rewe.de/p/dickmann-s-schoko-strolche-200g-24-stueck/5469872,,"je 200-g-Pckg , (1 kg = 7.45)",Aktion,"1,49 €","ProduktbeschreibungArtikelnummer 5469872Mit Dickmann’s geht der Spaß los: außen knackig, innen fluffig. In unserem mini Dickmann‘s Schoko Trio ist für Jeden etwas dabei: Eine bunte Mischung kleiner Schaumküsse mit weißer Schokolade, Vollmilchschokolade und dunkler Schokolade. So kann sich jeder seine Lieblingssorte einfach rauspicken. Das bringt jede Menge Abwechslung und Spaß: Ob für den kleinen Snack zwischendurch, für kleine und große Freunde, für die ganze Familie oder zum Anbieten für Bekannte und Kollegen.Zutaten & AllergeneZutaten: Glukose-Fruktose-Sirup, Schokolade (Zucker, Kakaomasse, Kakaobutter, Emulgator Lecithine (SOJA), Vanilleextrakt), Vollmilchschokolade (Zucker, VOLLMILCHPULVER, Kakaobutter, Kakaomasse, MOLKENERZEUGNIS, Emulgator Lecithine (SOJA), Vanilleextrakt), weiße Schokolade (Zucker, Kakaobutter, VOLLMILCHPULVER, SAHNEPULVER, MAGERMILCHPULVER, MILCHZUCKER, BUTTERMILCHPULVER, Emulgator Lecithine (SOJA), Salz, Vanilleextrakt), Waffel (WEIZENMEHL, Zucker, WEIZENSTÄRKE, Emulgator Lecithine (SOJA), Palmfett, SAHNEPULVER, Salz, Backtriebmittel Natriumhydrogencarbonat, natürliches Aroma), Feuchthaltemittel Sorbitsirup, HÜHNEREI-TROCKENEIWEISS*, natürliches Aroma. KANN AUCH ANTEILE VON HASELNUSS, MANDEL, ERDNUSS UND ANDEREN NÜSSEN ENTHALTEN. * aus BodenhaltungAllergenhinweise: Enthält: Eier und Eierzeugnisse. Milch und Milcherzeugnisse (einschließlich Lactose). Sonstige glutenhaltige Getreide oder Hybridstämme davon. Soja und Sojaerzeugnisse. Weizen und Weizenerzeugnisse (glutenhaltiges Getreide). Kann enthalten: Nüsse und Nusserzeugnisse. Erdnüsse und Erdnusserzeugnisse. Mandeln und Mandelerzeugnisse. Kaschunuss und Kaschunusserzeugnisse. Haselnuss und Haselnusserzeugnisse. Pecannuss und Pecannusserzeugnisse. Queenslandnuss und Queenslandnusserzeugnisse. Paranuss und Paranusserzeugnisse. Pistazie und Pistazienerzeugnisse. Walnuss und Walnusserzeugnisse.NährwerteDurchschnittliche NährwerteUnzubereitet pro 100 gEnergie1.769 kJEnergie421 kcalFett16 gFett, davon gesättigte Fettsäuren9,8 gKohlenhydrate64,2 gKohlenhydrate, davon Zucker50,1 gEiweiß4,6 gSalz0,14 gHinweiseAufbewahrungs- und Verwendungshinweis: Vor Wärme schützenArtikeldetailsMarke: StorckUrsprungsland: DeutschlandKontaktKontaktname: AUGUST STORCK KGKontaktadresse: Waldstr. 27, D-13403 BerlinFür die vorstehenden Angaben wird keine Haftung übernommen. Bitte prüfen Sie im Einzelfall die Angaben auf der jeweiligen Produktverpackung, nur diese sind verbindlich.Das Produktdesign kann von der Abbildung abweichen.",Am Grünen Hag 2,Rewe,Süßes & Salziges,2023-07-09,"Gültig ab morgen bis Samstag, 15.07.2023"
Amor di Pane Grissini,https://img.rewe-static.de/REWE28_2023/2888425/34137359-6_digital-image.png?impolicy=s-offers&imwidth=200&output-format=image/webp,,https://shop.rewe.de/p/amor-di-pane-grissini-con-solo-olio-extravergine-d-oliva-classico-125g/2888425,,"versch. Sorten , je 125-g-Pckg , (1 kg = 6.16)",Aktion,"0,77 €","ProduktbeschreibungArtikelnummer 2888425Zutaten & AllergeneZutaten: WEIZENMEHL, extra natives Olivenöl (5%), Hefe, Salz (1,6%), gemälztes WEIZENMEHL, Antioxidationsmittel: Rosmarinextrakt. Kann Spuren von SESAM, SOJA, MILCH UND IHRE DERIVATE und SCHALENFRÜCHTE enthalten.NährwerteDurchschnittliche NährwerteUnzubereitet pro 100 gEnergie1.777 kJEnergie421 kcalFett9,5 gFett, davon gesättigte Fettsäuren1,5 gKohlenhydrate71,2 gKohlenhydrate, davon Zucker1,8 gBallaststoffe3,1 gEiweiß11,2 gSalz2,2 gHinweiseAufbewahrungs- und Verwendungshinweis: Kühl und trocken lagern, vor Hitze schützen.ArtikeldetailsUrsprungsland: ItalienKontaktKontaktname: Hosta - Werk für Schokolade-Spezialitäten GmbH & Co. KGKontaktadresse: Greutstraße 9, 74597 Stimpfach-RandenweilerMaximale Bestellmenge: 15 StückFür die vorstehenden Angaben wird keine Haftung übernommen. Bitte prüfen Sie im Einzelfall die Angaben auf der jeweiligen Produktverpackung, nur diese sind verbindlich.Das Produktdesign kann von der Abbildung abweichen.",Am Grünen Hag 2,Rewe,Süßes & Salziges,2023-07-09,"Gültig ab morgen bis Samstag, 15.07.2023"
Milka Schokolade,https://img.rewe-static.de/REWE28_2023/0196479/3851190-69_digital-image.png?impolicy=s-offers&imwidth=200&output-format=image/webp,,https://shop.rewe.de/p/milka-schokolade-alpenmilch-100g/196479,,"Alpenmilch oder Noisette , je 100-g-Tafel , (1 kg = 7.90)",Knaller,"0,79 €","ProduktbeschreibungArtikelnummer 196479Milkas Alpenmilch Schokoladentafel ist der Klassiker für alle Schokoladen-Fans. Der leckere, zartschmelzende Schokoladengenuss aus 100% Alpenmilch darf in keinem Haushalt fehlen. Zutaten & AllergeneZutaten: Zucker, Kakaobutter, Kakaomasse, MAGERMILCHPULVER, Süssmolkenpulver (aus MILCH), BUTTERREINFETT, Emulgator (SOJALECITHINE), HASELNUSSMASSE, Aroma. KANN ANDERE NÜSSE UND WEIZEN ENTHALTEN.Allergenhinweise: MAGERMILCHPULVER, MILCH, BUTTERREINFETT, SOJALECITHINE, HASELNUSSMASSEEnthält: Soja und Sojaerzeugnisse. Haselnuss und Haselnusserzeugnisse. Milch und Milcherzeugnisse (einschließlich Lactose). Nüsse und Nusserzeugnisse. Kann enthalten: Weizen und Weizenerzeugnisse (glutenhaltiges Getreide). Glutenhaltiges Getreide und glutenhaltige Getreideerzeugnisse.NährwerteDurchschnittliche NährwerteUnzubereitet pro 100 gEnergie2.251 kJEnergie539 kcalFett31 gFett, davon gesättigte Fettsäuren19 gKohlenhydrate57 gKohlenhydrate, davon Zucker55 gBallaststoffe2,3 gEiweiß6,5 gSalz0,28 gHinweiseAufbewahrungs- und Verwendungshinweis: Trocken lagern und vor Wärme schützen.Information: Kakao: 33% mindestens.ArtikeldetailsMarke: MilkaUrsprungsland: DeutschlandSorte: AlpenmilchKontaktKontaktname: Mondelez Deutschland GmbHKontaktadresse: D-28078 BremenMaximale Bestellmenge: 15 StückFür die vorstehenden Angaben wird keine Haftung übernommen. Bitte prüfen Sie im Einzelfall die Angaben auf der jeweiligen Produktverpackung, nur diese sind verbindlich.Das Produktdesign kann von der Abbildung abweichen.",Am Grünen Hag 2,Rewe,Süßes & Salziges,2023-07-09,"Gültig ab morgen bis Samstag, 15.07.2023"
Storck Toffifee,https://img.rewe-static.de/REWE28_2023/0205605/21816375-32_digital-image.png?impolicy=s-offers&imwidth=200&output-format=image/webp,,https://shop.rewe.de/p/toffifee-125g/205605,,"je 125-g-Pckg , (1 kg = 7.92)",Aktion,"0,99 €","ProduktbeschreibungArtikelnummer 205605So viel Gutes steckt in Toffifee: Eine knackige Haselnuss in Karamell mit Nougatcreme und einem Klecks kräftiger Schokolade - eine Kombination, die für jeden Geschmack genau das Richtige bietet. Es steckt viel Spaß in Toffifee! Egal ob jung oder älter, groß oder klein, Mama oder Papa, großer Bruder, kleine Schwester - in Toffifee steckt, was allen schmeckt: Leckeres Karamell, knackig geröstete Haselnuss, zarte Nougatcreme sowie eine kräftige Schokoladenschicht als Tüpfelchen auf dem „Mmhh“.  Mit Toffifee kommt der Spaß in jedes zu Hause.Zutaten & AllergeneZutaten: Zucker, pflanzliche Fette (Palm, Shea), HASELNÜSSE, Glukosesirup, MAGERMILCHPULVER, Feuchthaltemittel Sorbitsirup, Kakaomasse, kondensierte MAGERMILCH, kondensierte SÜSSMOLKE, MILCHZUCKER, magerer Kakao, Kakaobutter, BUTTERREINFETT, Rohrzuckersirup, MOLKENERZEUGNIS, Emulgator Lecithine (SOJA), Salz, Aromen. KANN AUCH MANDEL, ERDNUSS UND ANDERE NÜSSE ENTHALTEN.Allergenhinweise: Enthält: Milch und Milcherzeugnisse (einschließlich Lactose). Nüsse und Nusserzeugnisse. Soja und Sojaerzeugnisse. Haselnuss und Haselnusserzeugnisse. Kann enthalten: Erdnüsse und Erdnusserzeugnisse. Mandeln und Mandelerzeugnisse. Kaschunuss und Kaschunusserzeugnisse. Pecannuss und Pecannusserzeugnisse. Macadamianuss und Macadamianusserzeugnisse. Paranuss und Paranusserzeugnisse. Pistazie und Pistazienerzeugnisse. Walnuss und Walnusserzeugnisse.NährwerteDurchschnittliche NährwerteUnzubereitet pro 100 gEnergie2.177 kJEnergie521 kcalFett29 gFett, davon gesättigte Fettsäuren12,7 gKohlenhydrate58,9 gKohlenhydrate, davon Zucker48,8 gEiweiß6 gSalz0,27 gHinweiseAufbewahrungs- und Verwendungshinweis: Vor Wärme schützen!ArtikeldetailsMarke: ToffifeeUrsprungsland: DeutschlandPackungsgröße: 125gKontaktKontaktname: AUGUST STORCK KGKontaktadresse: Waldstr. 27, D-13403 BerlinMaximale Bestellmenge: 15 StückFür die vorstehenden Angaben wird keine Haftung übernommen. Bitte prüfen Sie im Einzelfall die Angaben auf der jeweiligen Produktverpackung, nur diese sind verbindlich.Das Produktdesign kann von der Abbildung abweichen.",Am Grünen Hag 2,Rewe,Süßes & Salziges,2023-07-09,"Gültig ab morgen bis Samstag, 15.07.2023"
Belli Cantuccini,https://img.rewe-static.de/REWE28_2023/0218662/22322908-38_digital-image.png?impolicy=s-offers&imwidth=200&output-format=image/webp,,https://shop.rewe.de/p/toffifee-125g/205605,,"je 250-g-Pckg , (1 kg = 10.36)",Aktion,"2,59 €","b""ProduktbeschreibungArtikelnummer 218662Mit 25% Mandelanteil. Zutaten & AllergeneZutaten: WEIZENMEHL, Zucker, MANDELN (25%), pasteurisierte VOLLEIER, pasteurisiertes H\xc3\x9cHNEREIGELB, BUTTER, Bl\xc3\xbctenhonig, Salz. Backtriebmittel: Ammoniumhydrogencarbonat, Dinatriumdiphosphat, Natriumhydrogencarbonat, Aromen. Kann Spuren von anderen SCHALENFR\xc3\x9cCHTEN und SOJA enthalten.Allergenhinweise: Enth\xc3\xa4lt: Weizen und Weizenerzeugnisse (glutenhaltiges Getreide). Mandeln und Mandelerzeugnisse. Eier und Eierzeugnisse. Milch und Milcherzeugnisse (einschlie\xc3\x9flich Lactose). Kann enthalten: Soja und Sojaerzeugnisse. N\xc3\xbcsse und Nusserzeugnisse.N\xc3\xa4hrwerteDurchschnittliche N\xc3\xa4hrwerteUnzubereitet pro 100 gEnergie1.774 kJEnergie424 kcalFett16 gFett, davon ges\xc3\xa4ttigte Fetts\xc3\xa4uren3 gKohlenhydrate60 gKohlenhydrate, davon Zucker32 gEiwei\xc3\x9f10 gSalz0,06 gHinweiseAufbewahrungs- und Verwendungshinweis: K\xc3\xbchl und trocken lagern.ArtikeldetailsUrsprungsland: ItalienKontaktKontaktname: Biscottificio Belli srlKontaktadresse: Via dell'Albereto, 26/28/30, I-50041 Calenzano - FirenzeMaximale Bestellmenge: 15 St\xc3\xbcckF\xc3\xbcr die vorstehenden Angaben wird keine Haftung \xc3\xbcbernommen. Bitte pr\xc3\xbcfen Sie im Einzelfall die Angaben auf der jeweiligen Produktverpackung, nur diese sind verbindlich.Das Produktdesign kann von der Abbildung abweichen.""",Am Grünen Hag 2,Rewe,Süßes & Salziges,2023-07-09,"Gültig ab morgen bis Samstag, 15.07.2023"
Mitsuba Japanese Peanut Crunch & Crispies,https://img.rewe-static.de/REWE28_2023/8348948/31504369-13_digital-image.png?impolicy=s-offers&imwidth=200&output-format=image/webp,,https://shop.rewe.de/p/mitsuba-japanese-peanut-crunch-crispies-100g/8348948,,"je 100-g-Btl , (1 kg = 14.90)",Aktion,"1,49 €","ProduktbeschreibungArtikelnummer 8348948Zutaten & AllergeneZutaten: 53% Reis, WEIZENMEHL, Zucker, 8% ERDNÜSSE, modifizierte Maisstärke, 5% Sojasoße (Wasser, SOJABOHNEN, WEIZEN, Salz), SESAM, Glukosesirup, 0,7% Meeresalgen, Maltodextrin, Hefeextrakt, Salz, Stärke (Tapioka, Kartoffel), Farbstoff (Zuckerkulör, Paprikaextrakt, E141).Allergenhinweise: Enthält: Weizen und Weizenerzeugnisse (glutenhaltiges Getreide). Erdnüsse und Erdnusserzeugnisse. Soja und Sojaerzeugnisse.NährwerteDurchschnittliche NährwerteUnzubereitet pro 100 gEnergie1.661 kJEnergie393 kcalFett5,2 gFett, davon gesättigte Fettsäuren1,1 gKohlenhydrate76 gKohlenhydrate, davon Zucker13,2 gBallaststoffe4,1 gEiweiß8,6 gSalz1,3 gHinweiseAufbewahrungs- und Verwendungshinweis: Mindestens haltbar bis Ende: siehe VerpackungsaufdruckArtikeldetailsMarke: MitsubaEigenschaften: *Neu*KontaktKontaktname: Menken Orlando B.V.,Kontaktadresse: Kerketuinenweg 35, NL-2544 CV, Den Haag, The NetherlandsMaximale Bestellmenge: 15 StückFür die vorstehenden Angaben wird keine Haftung übernommen. Bitte prüfen Sie im Einzelfall die Angaben auf der jeweiligen Produktverpackung, nur diese sind verbindlich.Das Produktdesign kann von der Abbildung abweichen.",Am Grünen Hag 2,Rewe,Süßes & Salziges,2023-07-09,"Gültig ab morgen bis Samstag, 15.07.2023"
Mitsuba Thai Chilli Crispies,https://img.rewe-static.de/REWE28_2023/8349986/30311577-9_digital-image.png?impolicy=s-offers&imwidth=200&output-format=image/webp,,https://shop.rewe.de/p/mitsuba-thai-chili-crispies-85g/8349986,,"je 85-g-Pckg , (1 kg = 17.53)",Aktion,"1,49 €","ProduktbeschreibungArtikelnummer 8349986You've found the real Asian flavour experience with Mitsuba! Our range of extraordinary savoury snacks inspired by the spices & herbs you can discover across Asia. Each pack is full of flavours and satisfying crunchy textures. Discover real Asian flavours. With a Crunch! Inspired by Kyoto Wasabi flavoured. MSG free. Palm oil free. Inspired by Phuket. Sweet chilli flavoured.Zutaten & AllergeneZutaten: 45% Jasminreis, Sonnenblumenol, Zucker, Tapiokastärke,Sojasoße (Wasser, SOJABOHNEN, WEIZEN, Salz,) Salz, Knoblauchpulver, 0,3% Chillipulver, Farbstoff(Paprikaextrakt), Süßholzpulver, Säureregulator(Citronensäure). Kann ERDNÜSSEN, SCHALENFRÜCHTE & SESAM enthalten.Allergenhinweise: Enthält: Soja und Sojaerzeugnisse. Weizen und Weizenerzeugnisse (glutenhaltiges Getreide). Glutenhaltiges Getreide und glutenhaltige Getreideerzeugnisse. Kann enthalten: Erdnüsse und Erdnusserzeugnisse. Nüsse und Nusserzeugnisse. Sesamsamen und Sesamsamenerzeugnisse.NährwerteDurchschnittliche NährwerteUnzubereitet pro 100 gEnergie2.254 kJEnergie540 kcalFett32,3 gFett, davon gesättigte Fettsäuren2,8 gKohlenhydrate58,1 gKohlenhydrate, davon Zucker14,5 gBallaststoffe1,3 gEiweiß3,6 gSalz2,4 gHinweiseAufbewahrungs- und Verwendungshinweis: Kühl, trocken und lichtgeschützt lagern.Information: Unter Schutzatmosphäre verpackt.ArtikeldetailsMarke: MitsubaUrsprungsland: NiederlandeKontaktKontaktname: MitsubaKontaktadresse: P.O. Box 43464, 2504 AL The Hague, NLFür die vorstehenden Angaben wird keine Haftung übernommen. Bitte prüfen Sie im Einzelfall die Angaben auf der jeweiligen Produktverpackung, nur diese sind verbindlich.Das Produktdesign kann von der Abbildung abweichen.",Am Grünen Hag 2,Rewe,Süßes & Salziges,2023-07-09,"Gültig ab morgen bis Samstag, 15.07.2023"
Alwa Mineralwasser,https://img.rewe-static.de/REWE28_2023/7271554/27910389-9_digital-image.png?impolicy=s-offers&imwidth=200&output-format=image/webp,,https://shop.rewe.de/p/alwa-medium-0-75l/7271554,,"versch. Sorten , je 12 x 0,75-l-Fl.-Kasten , (1 l = 0.44) , zzgl. 3.30 Pfand",Knaller,"3,99 €","ProduktbeschreibungArtikelnummer 7271554Zutaten & AllergeneZutaten: Mineralwasser, Kohlensäure.NährwerteDurchschnittliche NährwerteUnzubereitet pro 1 lCalcium520 mgMagnesium65 mgHinweiseInformation: Quellort: Sersheim; Quellname: alwaAnalysenauszug Mineralien - in mg/L:Natrium 17Kalium 5,4Calcium 520Magnesium 65Chlorid 29Sulfat 1170Hydrogencarbonat 415Analyse des Institut Dr. Lörcher und Partner mbB, Ludwigsburg, bestätigt durch laufende Kontrollen.ArtikeldetailsMarke: AlwaNettofüllmenge: 0,75 LEigenschaften: RegionalPackungsgröße: 0,75lKontaktKontaktname: alwa Mineralbrunnen GmbHKontaktadresse: 74372 SersheimFür die vorstehenden Angaben wird keine Haftung übernommen. Bitte prüfen Sie im Einzelfall die Angaben auf der jeweiligen Produktverpackung, nur diese sind verbindlich.Das Produktdesign kann von der Abbildung abweichen.",Am Grünen Hag 2,Rewe,Alkoholfreie Getränke,2023-07-09,"Gültig ab morgen bis Samstag, 15.07.2023"
Eiszeit Quell,https://img.rewe-static.de/REWE28_2023/2100223/3798720-22_digital-image.png?impolicy=s-offers&imwidth=200&output-format=image/webp,,https://shop.rewe.de/p/alwa-medium-0-75l/7271554,,"versch. Sorten , je 9 x 1-l-Fl.-Kasten , (1 l = 0.67) , zzgl. 3.75 Pfand",Knaller,"5,99 €","ProduktbeschreibungArtikelnummer 2100223NährwerteDurchschnittliche NährwerteUnzubereitet pro 1 lKalium3,8 mgChlorid3,2 mgCalcium135 mgMagnesium35 mgFluorid0,6 mgBikarbonat354 mgNatrium6,9 mgSulfat 4+200 mgHinweiseAufbewahrungs- und Verwendungshinweis: Vor Sonnenlicht und Wärme schützenInformation: Kieselsäure 14,8mg/l Quellort:Reutlingen Quellname:Eiszeitquell Analyseinstitut des Chemischen Instituts FreseniusArtikeldetailsMarke: EiszeitquellNettofüllmenge: 1 LPackungsgröße: 1,0lx9KontaktKontaktname: Romina Mineralbrunnen GmbHKontaktadresse: 72768 ReutlingenMaximale Bestellmenge: 15 StückFür die vorstehenden Angaben wird keine Haftung übernommen. Bitte prüfen Sie im Einzelfall die Angaben auf der jeweiligen Produktverpackung, nur diese sind verbindlich.Das Produktdesign kann von der Abbildung abweichen.",Am Grünen Hag 2,Rewe,Alkoholfreie Getränke,2023-07-09,"Gültig ab morgen bis Samstag, 15.07.2023"
Orangina Limonade Original,https://img.rewe-static.de/REWE28_2023/8157671/28274487-6_digital-image.png?impolicy=s-offers&imwidth=200&output-format=image/webp,,https://shop.rewe.de/p/orangina-original-bulby-0-5l/8157671,,"je 0,5-l-Fl , (1 l = 1.98) , zzgl. 0.25 Pfand",Aktion,"0,99 €","ProduktbeschreibungArtikelnummer 8157671Zutaten & AllergeneZutaten: Wasser, Mehrfruchtsaft aus Fruchtsaftkonzentraten (Orange 10%, Zitrone, Mandarine, Grapefruit), Zucker , 2 % Fruchtfleisch (Orange, Mandarine) , Kohlensäure, Orangenschalenextrakt, natürliches Orangenaroma.NährwerteDurchschnittliche NährwerteUnzubereitet pro 100 mlEnergie183 kJEnergie43 kcalFett0 gFett, davon gesättigte Fettsäuren0 gKohlenhydrate10 gKohlenhydrate, davon Zucker10 gBallaststoffe0 gEiweiß0 gSalz0 gHinweiseAufbewahrungs- und Verwendungshinweis: Bitte kühl und dunkel lagernArtikeldetailsMarke: OranginaNettofüllmenge: 0,5 LUrsprungsland: DeutschlandKontaktKontaktname: Schweppes Deutschland GmbHKontaktadresse: Hagener Straße 261, 57223 KreuztalFür die vorstehenden Angaben wird keine Haftung übernommen. Bitte prüfen Sie im Einzelfall die Angaben auf der jeweiligen Produktverpackung, nur diese sind verbindlich.Das Produktdesign kann von der Abbildung abweichen.",Am Grünen Hag 2,Rewe,Alkoholfreie Getränke,2023-07-09,"Gültig ab morgen bis Samstag, 15.07.2023"
Bionade,https://img.rewe-static.de/REWE28_2023/0674450/25360165-8_digital-image.png?impolicy=s-offers&imwidth=200&output-format=image/webp,,https://shop.rewe.de/p/bionade-bio-holunder-12x0-33l/674450,,"versch. Sorten , je 12 x 0,33-l-Fl.-Kasten , (1 l = 2.02) , zzgl. 2.46 Pfand",Aktion,"7,99 €","ProduktbeschreibungArtikelnummer 674450Zutaten & AllergeneZutaten: Wasser, Zucker*, GERSTENmalz*, Holunderbeerensaft (1,7%) aus Holunderbeerensaftkonzentrat*, Kohlensäure, natürliches Apfelsaft-, Orangen-, Blutorangen-Aroma*, Säureregulatoren Calcium- u.Magnesiumcarbonat, *Kontrolliert biologischer Anbau.NährwerteDurchschnittliche NährwerteUnzubereitet pro 100 mlEnergie95 kJEnergie22 kcalFett< 0,5 gFett, davon gesättigte Fettsäuren< 0,1 gKohlenhydrate5 gKohlenhydrate, davon Zucker5 gEiweiß< 0,5 gSalz< 0,01 gArtikeldetailsMarkeBionadeNettofüllmenge0,33 LEigenschaftenBioÖkologische HerkunftEU/Nicht-EU LandwirtschaftÖko KontrollstelleDE-ÖKO-012Packungsgröße0,33lx12KontaktKontaktname: Bionade GmbHKontaktadresse: 97645 Ostheim vor der RhönMaximale Bestellmenge: 15 StückFür die vorstehenden Angaben wird keine Haftung übernommen. Bitte prüfen Sie im Einzelfall die Angaben auf der jeweiligen Produktverpackung, nur diese sind verbindlich.Das Produktdesign kann von der Abbildung abweichen.",Am Grünen Hag 2,Rewe,Alkoholfreie Getränke,2023-07-09,"Gültig ab morgen bis Samstag, 15.07.2023"
Volvic Bio Teegetränk,https://img.rewe-static.de/REWE28_2023/8279796/29189621-10_digital-image.png?impolicy=s-offers&imwidth=200&output-format=image/webp,,https://shop.rewe.de/p/volvic-bio-hibiskus-tee-0-75l/8279796,,"versch. Sorten , je 0,75-l-Fl , (1 l = 1.72) , zzgl. 0.25 Pfand",Aktion,"1,29 €","ProduktbeschreibungArtikelnummer 8279796Volvic Bio Tee - Ein einzigartiges Geschmackserlebnis aus besten Zutaten in Bio-Qualität.
Für Tee-Liebhaber und Bio-Fans gibt es Volvic jetzt in drei außergewöhnlichen
Kompositionen inspiriert von den mächtigsten Vulkanen der Welt.
Begeistert von der einzigartigen Erhabenheit des Piton de la Fournaise im exotischen
Inselparadies La Reunion, haben wir unseren Hibiskus Tee mit Litschi Maracuja-Geschmack kreiert.
Volvic Bio Tee ist leckerer Eistee aus besten Zutaten in Bio-Qualität – natürlich, zuckerreduziert und mit wenig Kalorien.
Volvic Bio Tee
- Einzigartig natürlicher Geschmack in den Sorten Hibiskus Tee, Rooibos Tee, Weißer Tee
- Zuckerreduziert, mit wenig Kalorien
- Natürliche Zutaten in Bio-Qualität
- 100% natürliche Aromen... mehr anzeigenZutaten & AllergeneZutaten: Natürliches Mineralwasser Volvic (95%), Bio-Zucker, Bio-Zitronensaft aus Zitronensaftkonzentrat (1,6%), Bio-Hibiskus-Aufguss (0,09%), natürliches Litschi-Passionsfrucht-Aroma, natürliches Passionsfrucht-Aroma, färbendes Bio-Konzentrat aus Holunderbeere, Apfel und schwarzer Johannisbeere.Allergenhinweise: Enthält: Keine deklarationspflichtigen Allergene enthalten.NährwerteDurchschnittliche NährwerteUnzubereitet pro 100 mlEnergie56 kJEnergie13 kcalFett0 gFett, davon gesättigte Fettsäuren0 gKohlenhydrate3,1 gKohlenhydrate, davon Zucker3,1 gEiweiß0 gSalz< 0,01 gHinweiseAufbewahrungs- und Verwendungshinweis: Nach dem Öffnen im Kühlschrank aufbewahren und innerhalb von 3 Tagen aufbrauchen. Kühl & trocken lagern sowie vor direkter Sonneneinstrahlung schützen.ArtikeldetailsMarke: VolvicNettofüllmenge: 0,75 LEigenschaften: BioUrsprungsland: FrankreichÖko Kontrollstelle: FR-BIO-01KontaktKontaktname: Danone Deutschland GmbHKontaktadresse: Postfach 100359, 60003 Frankfurt DeutschlandFür die vorstehenden Angaben wird keine Haftung übernommen. Bitte prüfen Sie im Einzelfall die Angaben auf der jeweiligen Produktverpackung, nur diese sind verbindlich.Das Produktdesign kann von der Abbildung abweichen.",Am Grünen Hag 2,Rewe,Alkoholfreie Getränke,2023-07-09,"Gültig ab morgen bis Samstag, 15.07.2023"
Vio Flavour Water,https://img.rewe-static.de/REWE28_2023/8874805/37819131-2_digital-image.png?impolicy=s-offers&imwidth=200&output-format=image/webp,,https://shop.rewe.de/productList?search=8874805,,"versch. Sorten , je 1-l-Fl , zzgl. 0.25 Pfand",Aktion,"0,99 €",,Am Grünen Hag 2,Rewe,Alkoholfreie Getränke,2023-07-09,"Gültig ab morgen bis Samstag, 15.07.2023"
Sinalco Orangenlimonade,https://img.rewe-static.de/REWE28_2023/0064822/2879460-37_digital-image.png?impolicy=s-offers&imwidth=200&output-format=image/webp,,https://shop.rewe.de/p/sinalco-orange-1-25l/64822,,"je 1,25-l-Fl , (1 l = 0.63) , zzgl. 0.25 Pfand",Aktion,"0,79 €","ProduktbeschreibungArtikelnummer 64822Zutaten & AllergeneZutaten: Natürliches Mineralwasser, Zucker, Orangensaft aus Orangensaftkonzentrat (5%), Kohlensäure, Säuerungsmittel Citronensäure, Orangenextrakt, färbendes Lebensmittel Karottensaftkonzentrat, Vitamin C, natürliches Orangenaroma mit anderen natürlichen Aromen, Säureregulator Trinatriumcitrat, Stabilisator Johannisbrotkernmehl.NährwerteDurchschnittliche NährwerteUnzubereitet pro 100 mlEnergie167 kJEnergie39 kcalFett0 gFett, davon gesättigte Fettsäuren0 gKohlenhydrate9,5 gKohlenhydrate, davon Zucker9,5 gEiweiß0 gSalz0,06 gVitamin C12 mgHinweiseAufbewahrungs- und Verwendungshinweis: Vor Sonnenlicht und Wärme schützenInformation: Fruchtgehalt: 5%ArtikeldetailsMarke: SinalcoNettofüllmenge: 1,25 LUrsprungsland: DeutschlandPackungsgröße: 1,25lKontaktKontaktname: Deutsche Sinalco GmbH Markengetränke & co. KG, In Lizenz der Sinalco International GmbH & Co. KGKontaktadresse: D- 47179 DuisburgMaximale Bestellmenge: 15 StückFür die vorstehenden Angaben wird keine Haftung übernommen. Bitte prüfen Sie im Einzelfall die Angaben auf der jeweiligen Produktverpackung, nur diese sind verbindlich.Das Produktdesign kann von der Abbildung abweichen.",Am Grünen Hag 2,Rewe,Alkoholfreie Getränke,2023-07-09,"Gültig ab morgen bis Samstag, 15.07.2023"
Karamalz,https://img.rewe-static.de/REWE28_2023/0146790/22381314-3_digital-image.png?impolicy=s-offers&imwidth=200&output-format=image/webp,,https://shop.rewe.de/p/karamalz-20x0-5l/146790,,"alkoholfreies Malzgetränk , je 20 x 0,5-l-Fl.-Kasten , (1 l = 1.15) , zzgl. 3.10 Pfand",Aktion,"11,49 €","ProduktbeschreibungArtikelnummer 146790Karamalz Classic ist ein alkoholfreies Malzgetränk mit der charakteristischen Karamell-Note, die auch namensgebend für Karamalz ist. Durch die Verwendung bester Zutaten, dem Einsatz des typischen Karamell-Malzes und der richtigen Dosis Kohlensäure entsteht der einzigartige Geschmack von Karamalz Classic. Die Mixtur der wertvollen Inhaltsstoffe wie Hopfenextrakt und Gerstenmalz - mit der natürlichen Kraft aus Maltose - liefert seitüber 50 Jahren lecker-starken Trinkgenuss. Es ist somit das ideale Getränk am Ende eines herausfordernden und spannenden Tages und ein Genuss für die ganze Familie.Zutaten & AllergeneZutaten: Wasser, GERSTENMALZ, Glucose-Fructose Sirup, Kohlensäure, Hopfenextrakt.NährwerteDurchschnittliche NährwerteUnzubereitet pro 100 mlEnergie184 kJEnergie44 kcalFett0 gFett, davon gesättigte Fettsäuren0 gKohlenhydrate10,5 gKohlenhydrate, davon Zucker8 gEiweiß< 0,4 gSalz< 0,01 gHinweiseAufbewahrungs- und Verwendungshinweis: Kühl und dunkel lagernArtikeldetailsMarke: KaramalzNettofüllmenge: 0,5 LPackungsgröße: 0,5lx20KontaktKontaktname: Privatbrauerei Eichbaum GmbH & Co.KGKontaktadresse: Käfertaler Straße 170, 68167 MannheimMaximale Bestellmenge: 15 StückFür die vorstehenden Angaben wird keine Haftung übernommen. Bitte prüfen Sie im Einzelfall die Angaben auf der jeweiligen Produktverpackung, nur diese sind verbindlich.Das Produktdesign kann von der Abbildung abweichen.",Am Grünen Hag 2,Rewe,Alkoholfreie Getränke,2023-07-09,"Gültig ab morgen bis Samstag, 15.07.2023"
Rauch Eis Tee,https://img.rewe-static.de/REWE28_2023/8028256/30756925-10_digital-image.png?impolicy=s-offers&imwidth=200&output-format=image/webp,,https://shop.rewe.de/p/rauch-eistee-zitrone-1-5l/8028256,,"versch. Sorten , je 1,5-l-Fl , (1 l = 0.86) , zzgl. 0.25 Pfand",Aktion,"1,29 €","ProduktbeschreibungArtikelnummer 8028256Zutaten & AllergeneZutaten: Aufguss aus Schwarztee und Hagebutten (Wasser, Schwarztee, Hagebutten), Zucker, 1,5% Zitronensaft aus Zitronensaftkonzentrat, Säuerungsmittel: Citronensäure; Säureregulator: Natriumcitrate; Aroma. Tee-Extrakt: mind. 1,5 g/l.NährwerteDurchschnittliche NährwerteUnzubereitet pro 100 mlEnergie118 kJEnergie28 kcalFett< 0,5 gFett, davon gesättigte Fettsäuren< 0,1 gKohlenhydrate6,7 gKohlenhydrate, davon Zucker6,7 gEiweiß< 0,5 gSalz0,02 gHinweiseAufbewahrungs- und Verwendungshinweis: Geöffnet gekühlt 3 Tage haltbar.ArtikeldetailsMarke: RauchNettofüllmenge: 1,5 LUrsprungsland: ÖsterreichKontaktKontaktname: Rauch Fruchtsäfte GmbH & Co OGKontaktadresse: Langgasse 1, A-6830 Rankweil, AustriaFür die vorstehenden Angaben wird keine Haftung übernommen. Bitte prüfen Sie im Einzelfall die Angaben auf der jeweiligen Produktverpackung, nur diese sind verbindlich.Das Produktdesign kann von der Abbildung abweichen.",Am Grünen Hag 2,Rewe,Alkoholfreie Getränke,2023-07-09,"Gültig ab morgen bis Samstag, 15.07.2023"
"Gerolsteiner Schorle, Limo, Tee oder Fruity",https://img.rewe-static.de/REWE28_2023/0913150/35561510-9_digital-image.png?impolicy=s-offers&imwidth=200&output-format=image/webp,,https://shop.rewe.de/productList?search=913150,,"versch. Sorten , je 0,75-l-Fl , (1 l = 1.32) , zzgl. 0.25 Pfand",Aktion,"0,99 €",,Am Grünen Hag 2,Rewe,Alkoholfreie Getränke,2023-07-09,"Gültig ab morgen bis Samstag, 15.07.2023"
Sanpellegrino Limonade,https://img.rewe-static.de/REWE28_2023/7836277/34639276-11_digital-image.png?impolicy=s-offers&imwidth=200&output-format=image/webp,,https://shop.rewe.de/p/san-pellegrino-naturali-aranciate-0-33l/7836277,,"versch. Sorten , je 0,33-l-Dose , (1 l = 2.70) , zzgl. 0.25 Pfand",Aktion,"0,89 €","ProduktbeschreibungArtikelnummer 7836277Zutaten & AllergeneZutaten: Wasser, Orangensaft aus Orangensaftkonzentrat (16%), Zucker, Kohlensäure, Zitronensaftkonzentrat, Orangenextrakt (0,1%), natürliches Orangenaroma.NährwerteDurchschnittliche NährwerteUnzubereitet pro 100 mlEnergie149 kJEnergie35 kcalFett0 gFett, davon gesättigte Fettsäuren0 gKohlenhydrate8,1 gKohlenhydrate, davon Zucker8,1 gBallaststoffe0,1 gEiweiß0,1 gSalz0 gHinweiseAufbewahrungs- und Verwendungshinweis: Vor Sonne und Frost schützen und an einem sauberen, trockenen, kühlen und geruchlosen Ort lagern.ArtikeldetailsMarke: San PellegrinoNettofüllmenge: 0,33 LUrsprungsland: ItalienKontaktKontaktname: SANPELLEGRINO S.p.A.Kontaktadresse: San PellegrinoTerme (BG)Località Ruspino24016 - ItalienMaximale Bestellmenge: 15 StückFür die vorstehenden Angaben wird keine Haftung übernommen. Bitte prüfen Sie im Einzelfall die Angaben auf der jeweiligen Produktverpackung, nur diese sind verbindlich.Das Produktdesign kann von der Abbildung abweichen.",Am Grünen Hag 2,Rewe,Alkoholfreie Getränke,2023-07-09,"Gültig ab morgen bis Samstag, 15.07.2023"
Deit oder Spezi,https://img.rewe-static.de/REWE28_2023/0574152/6524320-22_digital-image.png?impolicy=s-offers&imwidth=200&output-format=image/webp,,https://shop.rewe.de/p/deit-zitrone-trueb-zuckerfrei-0-75l/574152,,"versch. Sorten, teilw. koffeinhaltig , je 0,75-l-Fl , (1 l = 1.19) , zzgl. 0.25 Pfand",Aktion,"0,89 €","ProduktbeschreibungArtikelnummer 574152DEIT verführt zum Träumen vom Süden und dem Land, wo die Zitronen blühen. Feinherbe Fruchtigkeit, prickelndes Mineralwasser und viele Vitamine – ganz ohne überflüssige Kalorien. Die perfekte Mischung für figurbewusste Genießer!
DEIT. Null Zucker, viele Vitamine, voller Fruchtgeschmack!Zutaten & AllergeneZutaten: Natürliches Mineralwasser, Kohlensäure, Zitronen- und Orangensaftkonzentrat, konzentrierter Zitronenextrakt, Säuerungsmittel Citronensäure, Süßungsmittel Natriumcyclamat, Acesulfam K, Aspartam und Natriumsaccharin, Vitaminmischung (Vitamin C, Vitamin E, Niacin, Pantothenat, Vitamin B6, Folsäure, Vitamin B12), natürliches Citrusaroma, Stabilisatoren Guarkernmehl und Pektin.NährwerteDurchschnittliche NährwerteUnzubereitet pro 100 mlEnergie12 kJEnergie3 kcalFett0 gFett, davon gesättigte Fettsäuren0 gKohlenhydrate0 gKohlenhydrate, davon Zucker0 gEiweiß0 gSalz0,01 gVitamin E1,8 mgVitamin C8 mgNiacin2,4 mgFolsäure30 µgPantothensäure0,9 mgVitamin B60,21 mgVitamin B120,25 µgHinweiseAufbewahrungs- und Verwendungshinweis: Vor Wärme und Licht schützen.Information: Enthält eine Phenylalaninquelle.ArtikeldetailsMarke: DeitNettofüllmenge: 0,75 LUrsprungsland: DeutschlandPackungsgröße: 0,75lKontaktKontaktname: DrinkStar GmbHKontaktadresse: D-83026 RosenheimFür die vorstehenden Angaben wird keine Haftung übernommen. Bitte prüfen Sie im Einzelfall die Angaben auf der jeweiligen Produktverpackung, nur diese sind verbindlich.Das Produktdesign kann von der Abbildung abweichen.",Am Grünen Hag 2,Rewe,Alkoholfreie Getränke,2023-07-09,"Gültig ab morgen bis Samstag, 15.07.2023"
Rockstar Energy Drink,https://img.rewe-static.de/REWE28_2023/7861466/33881992-10_digital-image.png?impolicy=s-offers&imwidth=200&output-format=image/webp,,https://shop.rewe.de/p/rockstar-original-0-5l/7861466,,"versch. Sorten, koffeinhaltig , je 0,5-l-Dose , (1 l = 1.76) , zzgl. 0.25 Pfand",Aktion,"0,88 €","ProduktbeschreibungArtikelnummer 7861466Zutaten & AllergeneZutaten: Wasser, Zucker, Säuerungsmittel Citronensäure, Kohlensäure, Säureregulator Natriumcitrate, Aroma, Koffein (0,03%), Vitamine (Vitamin C, Nicotinsäureamid, Vitamin B6), Farbstoffe (Ammoniak-Zuckerkulör, Riboflavine), Taurin (0,02%), Inosit (0,01%), Ginseng-Aromaextrakt (0,0004%).NährwerteDurchschnittliche NährwerteUnzubereitet pro 100 mlEnergie221 kJEnergie52 kcalFett0 gFett, davon gesättigte Fettsäuren0 gKohlenhydrate13 gKohlenhydrate, davon Zucker12 gEiweiß0 gSalz0,17 gVitamin C16 mgNiacin3,2 mgVitamin B60,28 mgHinweiseAufbewahrungs- und Verwendungshinweis: Kühl und trocken aufbewahren.Information: Erhöhter Koffeingehalt. Für Kinder und schwangere oder stillende Frauen nicht empfohlen (Koffeingehalt:31mg/100ml). Nicht empfohlen für Personen, die empfindlich auf Koffein reagieren. In moderaten Mengen konsumieren. Nicht empfohlen mit Alkohol zu mischen.ArtikeldetailsMarke: RockstarNettofüllmenge: 0,5 LUrsprungsland: DeutschlandKontaktKontaktname: PepsiCo Deutschland GmbHKontaktadresse: D-63263 Neu-IsenburgMaximale Bestellmenge: 15 StückFür die vorstehenden Angaben wird keine Haftung übernommen. Bitte prüfen Sie im Einzelfall die Angaben auf der jeweiligen Produktverpackung, nur diese sind verbindlich.Das Produktdesign kann von der Abbildung abweichen.",Am Grünen Hag 2,Rewe,Alkoholfreie Getränke,2023-07-09,"Gültig ab morgen bis Samstag, 15.07.2023"
Lipton Ice Tea oder Sparkling,https://img.rewe-static.de/REWE28_2023/8553666/32715823-10_digital-image.png?impolicy=s-offers&imwidth=200&output-format=image/webp,,https://shop.rewe.de/p/lipton-ice-tea-zitrone-1-5l/8553666,,"versch. Sorten , je 1,5-l-Fl , (1 l = 0.66) , zzgl. 0.25 Pfand",Aktion,"0,99 €","ProduktbeschreibungArtikelnummer 8553666Zutaten & AllergeneZutaten: Wasser, Zucker, Fruktose, Säuerungsmittel (Citronensäure), Schwarztee-Extrakt⁽¹⁾ (0,12%), Zitronensaft aus Zitronensaftkonzentrat (0,1%), Aromen, Säureregulator Trinatriumcitrat, Antioxidationsmittel Ascorbinsäure, Süßungsmittel Steviolglycoside.⁽¹⁾ Rainforest Alliance Certified.Mehr Informationen unter ra.org.NährwerteDurchschnittliche NährwerteUnzubereitet pro 100 mlEnergie81 kJEnergie19 kcalFett< 0,5 gFett, davon gesättigte Fettsäuren< 0,1 gKohlenhydrate4,6 gKohlenhydrate, davon Zucker4,5 gEiweiß< 0,5 gSalz0,03 gHinweiseAufbewahrungs- und Verwendungshinweis: Nach dem Öffnen im Kühlschrank aufbewahren und bald konsumieren.ArtikeldetailsMarke: LiptonNettofüllmenge: 1,5 LUrsprungsland: DeutschlandKontaktKontaktname: PepsiCo Deutschland GmbHKontaktadresse: D-63263 Neu-IsenburgMaximale Bestellmenge: 15 StückFür die vorstehenden Angaben wird keine Haftung übernommen. Bitte prüfen Sie im Einzelfall die Angaben auf der jeweiligen Produktverpackung, nur diese sind verbindlich.Das Produktdesign kann von der Abbildung abweichen.",Am Grünen Hag 2,Rewe,Alkoholfreie Getränke,2023-07-09,"Gültig ab morgen bis Samstag, 15.07.2023"
Pepsi,https://img.rewe-static.de/REWE28_2023/8541362/32711974-34_digital-image.png?impolicy=s-offers&imwidth=200&output-format=image/webp,,https://shop.rewe.de/p/pepsi-cola-1-5l/8541362,,"versch. Sorten, koffeinhaltig , je 1,5-l-Fl , (1 l = 0.66) , zzgl. 0.25 Pfand",Aktion,"0,99 €","ProduktbeschreibungArtikelnummer 8541362Zutaten & AllergeneZutaten: Wasser, Zucker, Kohlensäure, Farbstoff E 150d, Säuerungsmittel Phosphorsäure, Aroma, Süßungsmittel (Acesulfam K, Sucralose), Aroma Koffein.NährwerteDurchschnittliche NährwerteUnzubereitet pro 100 mlEnergie120 kJEnergie28 kcalFett0 gFett, davon gesättigte Fettsäuren0 gKohlenhydrate7 gKohlenhydrate, davon Zucker7 gEiweiß0 gSalz< 0,01 gHinweiseAufbewahrungs- und Verwendungshinweis: Mindestens haltbar bis: Siehe Flaschenhals.ArtikeldetailsMarke: PepsiNettofüllmenge: 1,5 LUrsprungsland: DeutschlandKontaktKontaktname: PepsiCo Deutschland GmbHKontaktadresse: D-63263 Neu-IsenburgMaximale Bestellmenge: 15 StückFür die vorstehenden Angaben wird keine Haftung übernommen. Bitte prüfen Sie im Einzelfall die Angaben auf der jeweiligen Produktverpackung, nur diese sind verbindlich.Das Produktdesign kann von der Abbildung abweichen.",Am Grünen Hag 2,Rewe,Alkoholfreie Getränke,2023-07-09,"Gültig ab morgen bis Samstag, 15.07.2023"
S. Pellegrino Mineralwasser,https://img.rewe-static.de/REWE28_2023/0106565/9482880-6_digital-image.png?impolicy=s-offers&imwidth=200&output-format=image/webp,,https://shop.rewe.de/p/pepsi-cola-1-5l/8541362,,"je 1-l-Fl , zzgl. 0.25 Pfand",Aktion,"0,79 €","b'ProduktbeschreibungArtikelnummer 106565S.Pellegrino bringt echtes italienisches Lebensgef\xc3\xbchl direkt zu Ihnen nach Hause. Ein feinperliges nat\xc3\xbcrliches Mineralwasser f\xc3\xbcr Genie\xc3\x9fer, das stilvoll erfrischt.\n\nUnnachahmlich prickelnd und frisch, so schmeckt S.Pellegrino. Das liegt an der einzigartigen Balance, die das Mineralwasser besonders feinperlig sprudeln l\xc3\xa4sst. Ausgewogen mineralisiert, ist S.Pellegrino ein ebenso spritziger wie authentischer Genuss.\n\nEin Wasser mit Tradition\n\nS.Pellegrino, das bereits seit 1899 Genie\xc3\x9fer begeistert, entspringt in der nahezu unber\xc3\xbchrten Natur der lombardischen Alpen. Auf seiner langen Reise durch breite Schichten Dolomit- und Gipsgestein erh\xc3\xa4lt das Wasser seine ausgewogene Mineralisierung und seine besondere Reinheit. \n\nImmer ein Genuss\n\nMit seinem nat\xc3\xbcrlichen und lebendigen Temperament ist S.Pellegrino ein Wasser, das einfach \xc3\xbcberall genossen werden kann. Darum gibt es den italienischen Klassiker auch in handlichen 1,0L Pet-Flaschen \xe2\x80\x93 Wie geschaffen f\xc3\xbcr geselliges Beisammensein und genussvolles Miteinander. Besonders praktisch: Im Sixpack haben Sie immer eine Flasche in Reserve.\n\nS.Pellegrino\n- Nat\xc3\xbcrliches feinperliges Mineralwasser\n- Erfrischt einfach herrlich italienisch\n- Ein Wasser f\xc3\xbcr anspruchsvolle Genie\xc3\x9fer\n- Ausgewogen mineralisiert und besonders prickelnd\n- Wassergenuss f\xc3\xbcr jede Gelegenheit in handlichen Pet-Flaschen... mehr anzeigenSeit 1899 ist S.Pellegrino eine Ikone italienischen Stils und eines der bekanntesten nat\xc3\xbcrlichen Mineralwasser der Welt. Dank seiner perfekten Balance aus feinperliger Kohlens\xc3\xa4ure, Mineralisierung und einzigartigem Geschmack \xc3\xbcberzeugt es Sommeliers und Spitzenk\xc3\xb6che. \nSo inspiriert S.Pellegrino dazu, genussvolle Momente auszukosten und sie zu teilen.N\xc3\xa4hrwerteDurchschnittliche N\xc3\xa4hrwerteUnzubereitet pro 1 lChlorid49,4 mgCalcium166 mgMagnesium49,5 mgBikarbonat244 mgNatrium30 mgSulfat 4+401 mgHinweiseAufbewahrungs- und Verwendungshinweis: Vor Sonne und Frost sch\xc3\xbctzen und an einem sauberen, trockenen, k\xc3\xbchlen und geruchlosen Ort lagern.Information: Abdampfr\xc3\xbcckstand bei 180 Grad: 853 mg/LpH-Wert an der Quelle: 7,7Aus der S.PELLEGRINO Quelle in SAN PELLEGRINO TERME (BERGAMO) ITALIENArtikeldetailsMarke: San PellegrinoNettof\xc3\xbcllmenge: 1 LUrsprungsland: ItalienPackungsgr\xc3\xb6\xc3\x9fe: 1,0lKontaktKontaktname: SANPELLEGRINO S.P.A.Kontaktadresse: 24016 SAN PELLEGRINO TERME (BG)LOCALIT\xc3\x80 RUSPINO - ITALIENMaximale Bestellmenge: 15 St\xc3\xbcckF\xc3\xbcr die vorstehenden Angaben wird keine Haftung \xc3\xbcbernommen. Bitte pr\xc3\xbcfen Sie im Einzelfall die Angaben auf der jeweiligen Produktverpackung, nur diese sind verbindlich.Das Produktdesign kann von der Abbildung abweichen.'",Am Grünen Hag 2,Rewe,Alkoholfreie Getränke,2023-07-09,"Gültig ab morgen bis Samstag, 15.07.2023"
Warsteiner Pils,https://img.rewe-static.de/REWE28_2023/4665945/27706345-2_digital-image.png?impolicy=s-offers&imwidth=200&output-format=image/webp,,https://shop.rewe.de/p/warsteiner-20x0-5l/4665945,,"je 20 x 0,5-l-Fl.-Kasten , (1 l = 1.10) , zzgl. 3.10 + 0.50 Pfand",Knaller,"10,99 €","Bestellung ab 18 Jahren.Für dieses Produkt gilt das Jugendschutzgesetz.ProduktbeschreibungArtikelnummer 4665945Mit über 260-jähriger Brautradition entsteht dieses eiskalt filtrierte internationale Pilsener der Premium-Klasse in der WARSTEINER Privatbrauerei. Der besonders hohe Anspruch an Qualität und Geschmack beginnt bereits bei der Auswahl von besonders weichem Brauwasser, Hopfen aus der Hallertau und feinstem Sommergerstenmalz.Zutaten & AllergeneZutaten: Brauwasser, GERSTENMALZ, Hopfen, HopfenextraktNährwerteDurchschnittliche NährwerteUnzubereitet pro 100 mlEnergie175 kJEnergie42 kcalFett0 gFett, davon gesättigte Fettsäuren0 gKohlenhydrate3,5 gKohlenhydrate, davon Zucker0 gEiweiß0,5 gSalz0 gArtikeldetailsMarke: WarsteinerAlkoholgehalt: 4,8 % Vol.Packungsgröße: 0,5lx20KontaktKontaktname: Warsteiner Brauerei Haus Cramer KGKontaktadresse: 59564 Warstein / DeutschlandMaximale Bestellmenge: 15 StückFür die vorstehenden Angaben wird keine Haftung übernommen. Bitte prüfen Sie im Einzelfall die Angaben auf der jeweiligen Produktverpackung, nur diese sind verbindlich.Das Produktdesign kann von der Abbildung abweichen.",Am Grünen Hag 2,Rewe,Bier,2023-07-09,"Gültig ab morgen bis Samstag, 15.07.2023"
Jever Pilsener,https://img.rewe-static.de/REWE28_2023/5046009/22381826-10_digital-image.png?impolicy=s-offers&imwidth=200&output-format=image/webp,,https://shop.rewe.de/p/jever-pilsener-20x0-5l/5046009,,"versch. Sorten , je 20 x 0,5-l-Fl.-Kasten , (1 l = 1.20) , zzgl. 3.10 Pfand",Aktion,"11,99 €","Bestellung ab 18 Jahren.Für dieses Produkt gilt das Jugendschutzgesetz.ProduktbeschreibungArtikelnummer 5046009Zutaten & AllergeneZutaten: Wasser, GERSTENmalz, Hopfen.NährwerteDurchschnittliche NährwerteUnzubereitet pro 100 mlEnergie167 kJEnergie40 kcalFett0 gFett, davon gesättigte Fettsäuren0 gKohlenhydrate2,2 gKohlenhydrate, davon Zucker< 0,5 gEiweiß< 0,5 gSalz0,02 gArtikeldetailsMarke: JeverAlkoholgehalt: 4,9 % Vol.Packungsgröße: 0,5lx20KontaktKontaktname: Friesisches Brauhaus zu JeverKontaktadresse: Elisabethufer 18 26441 JeverMaximale Bestellmenge: 15 StückFür die vorstehenden Angaben wird keine Haftung übernommen. Bitte prüfen Sie im Einzelfall die Angaben auf der jeweiligen Produktverpackung, nur diese sind verbindlich.Das Produktdesign kann von der Abbildung abweichen.",Am Grünen Hag 2,Rewe,Bier,2023-07-09,"Gültig ab morgen bis Samstag, 15.07.2023"
Franziskaner Weissbier,https://img.rewe-static.de/REWE28_2023/4669606/22381783-6_digital-image.png?impolicy=s-offers&imwidth=200&output-format=image/webp,,https://shop.rewe.de/p/franziskaner-hefe-weissbier-hell-naturtrueb-20x0-5l/4669606,,"versch. Sorten , je 20 x 0,5-l-Fl.-Kasten , (1 l = 1.30) , zzgl. 3.10 Pfand",Aktion,"12,99 €","Bestellung ab 18 Jahren.Für dieses Produkt gilt das Jugendschutzgesetz.ProduktbeschreibungArtikelnummer 4669606Zutaten & AllergeneZutaten: Wasser, WEIZENMALZ, GERSTENMALZ, Hefe, HopfenextraktNährwerteDurchschnittliche NährwerteUnzubereitet pro 100 mlEnergie180 kJEnergie43 kcalFett0,01 gFett, davon gesättigte Fettsäuren0,01 gKohlenhydrate2,6 gKohlenhydrate, davon Zucker0,2 gBallaststoffe0,4 gEiweiß0,78 gSalz0,01 gHinweiseInformation: Kein Verzehr in Zusammenhang mita)dem Führen von Fahrzeugen,b)einer Schwangerschaft,c)Medikamenten-EinnahmeArtikeldetailsMarke: FranziskanerAlkoholgehalt: 5 % Vol.Packungsgröße: 0,5lx20KontaktKontaktname: Spaten-Franziskaner Bräu GmbHKontaktadresse: D-80335 München, Marsstr. 46Maximale Bestellmenge: 15 StückFür die vorstehenden Angaben wird keine Haftung übernommen. Bitte prüfen Sie im Einzelfall die Angaben auf der jeweiligen Produktverpackung, nur diese sind verbindlich.Das Produktdesign kann von der Abbildung abweichen.",Am Grünen Hag 2,Rewe,Bier,2023-07-09,"Gültig ab morgen bis Samstag, 15.07.2023"
Heller Seggl,https://img.rewe-static.de/REWE28_2023/8101326/28902168-23_digital-image.png?impolicy=s-offers&imwidth=200&output-format=image/webp,,https://shop.rewe.de/p/heller-seggl-lager-hell-20x0-5l/8101326,,"je 20 x 0,5-l-Fl.-Kasten , (1 l = 1.20) , zzgl. 3.10 Pfand",Aktion,"11,99 €","Bestellung ab 18 Jahren.Für dieses Produkt gilt das Jugendschutzgesetz.ProduktbeschreibungArtikelnummer 8101326Zutaten & AllergeneZutaten: Wasser, Gerstenmalz, Hopfen.Allergenhinweise: Gersten und Gerstenerzeugnisse (glutenhaltiges Getreide).NährwerteDurchschnittliche NährwerteUnzubereitet pro 100 mlEnergie167 kJEnergie40 kcalFett< 0,1 gFett, davon gesättigte Fettsäuren< 0,1 gKohlenhydrate2,94 gKohlenhydrate, davon Zucker< 0,2 gEiweiß0,46 gSalz< 0,01 gArtikeldetailsAlkoholgehalt: 5,1 % Vol.KontaktKontaktname: REWE Markt GmbHKontaktadresse: Im Unteren Wald, 69168 WieslochMaximale Bestellmenge: 15 StückFür die vorstehenden Angaben wird keine Haftung übernommen. Bitte prüfen Sie im Einzelfall die Angaben auf der jeweiligen Produktverpackung, nur diese sind verbindlich.Das Produktdesign kann von der Abbildung abweichen.",Am Grünen Hag 2,Rewe,Bier,2023-07-09,"Gültig ab morgen bis Samstag, 15.07.2023"
Benediktiner Hell,https://img.rewe-static.de/REWE28_2023/3145695/26404048-8_digital-image.png?impolicy=s-offers&imwidth=200&output-format=image/webp,,https://shop.rewe.de/p/benediktiner-hell-20x0-5l/3145695,,"je 20 x 0,5-l-Fl.-Kasten , (1 l = 1.50) , zzgl. 3.10 Pfand",Aktion,"14,99 €","Bestellung ab 18 Jahren.Für dieses Produkt gilt das Jugendschutzgesetz.ProduktbeschreibungArtikelnummer 3145695Zutaten & AllergeneZutaten: Wasser, GERSTENMALZ, HopfenHinweiseAufbewahrungs- und Verwendungshinweis: Bitte kühl und dunkel lagernArtikeldetailsMarke: BenediktinerAlkoholgehalt: 5 % Vol.KontaktKontaktname: Benediktiner Weissbräu GmbHKontaktadresse: 82488 EttalMaximale Bestellmenge: 15 StückFür die vorstehenden Angaben wird keine Haftung übernommen. Bitte prüfen Sie im Einzelfall die Angaben auf der jeweiligen Produktverpackung, nur diese sind verbindlich.Das Produktdesign kann von der Abbildung abweichen.",Am Grünen Hag 2,Rewe,Bier,2023-07-09,"Gültig ab morgen bis Samstag, 15.07.2023"
Veltins Helles Pülleken,https://img.rewe-static.de/REWE28_2023/8423348/30997960-4_digital-image.png?impolicy=s-offers&imwidth=200&output-format=image/webp,,https://shop.rewe.de/p/veltins-helles-puelleken-24x0-33l/8423348,,"je 24 x 0,33-l-Fl.-Kasten , (1 l = 1.77) , zzgl. 3.42 Pfand",Aktion,"13,99 €","Bestellung ab 18 Jahren.Für dieses Produkt gilt das Jugendschutzgesetz.ProduktbeschreibungArtikelnummer 8423348Zutaten & AllergeneZutaten: Wasser, GERSTENMALZ, Hopfen.NährwerteDurchschnittliche NährwerteUnzubereitet pro 100 mlEnergie179 kJEnergie43 kcalHinweiseAufbewahrungs- und Verwendungshinweis: Mindestens haltbar bis: Siehe Verpackungsaufdruck.ArtikeldetailsMarke: PüllekenAlkoholgehalt: 5,2 % Vol.KontaktKontaktname: Brauerei C. & A. Veltins GmbH & Co. KGKontaktadresse: 59872 Meschede-GrevensteinFür die vorstehenden Angaben wird keine Haftung übernommen. Bitte prüfen Sie im Einzelfall die Angaben auf der jeweiligen Produktverpackung, nur diese sind verbindlich.Das Produktdesign kann von der Abbildung abweichen.",Am Grünen Hag 2,Rewe,Bier,2023-07-09,"Gültig ab morgen bis Samstag, 15.07.2023"
Karlsberg Mixery,https://img.rewe-static.de/REWE28_2023/0019145/3716360-69_digital-image.png?impolicy=s-offers&imwidth=200&output-format=image/webp,,https://shop.rewe.de/p/mixery-bier-cola-x-0-5l/19145,,"versch. Sorten, teilw. koffeinhaltig , je 0,5-l-Dose , (1 l = 1.98) , zzgl. 0.25 Pfand",Aktion,"0,99 €","Bestellung ab 18 Jahren.Für dieses Produkt gilt das Jugendschutzgesetz.ProduktbeschreibungArtikelnummer 19145Zutaten & AllergeneZutaten: Bier (Wasser, GERSTENMALZ, Hopfenextrakt), Wasser, Zucker, Kohlensäure, Farbstoff: E 150 c, Säuerungsmittel E 338, natürliches Aroma, Aroma KoffeinAllergenhinweise: Enthält: Gerste und Gerstenerzeugnisse (glutenhaltiges Getreide).NährwerteDurchschnittliche NährwerteUnzubereitet pro 100 mlEnergie180 kJEnergie43 kcalArtikeldetailsMarke: MixeryUrsprungsland: DeutschlandAlkoholgehalt: 3,1 % Vol.Packungsgröße: 0,5l DoseKontaktKontaktname: Karlsberg BrauereiKontaktadresse: Karlsbergstraße 62, 66424 HomburgFür die vorstehenden Angaben wird keine Haftung übernommen. Bitte prüfen Sie im Einzelfall die Angaben auf der jeweiligen Produktverpackung, nur diese sind verbindlich.Das Produktdesign kann von der Abbildung abweichen.",Am Grünen Hag 2,Rewe,Bier,2023-07-09,"Gültig ab morgen bis Samstag, 15.07.2023"
Astra,https://img.rewe-static.de/REWE28_2023/0190044/3268680-38_digital-image.png?impolicy=s-offers&imwidth=200&output-format=image/webp,,https://shop.rewe.de/p/astra-urtyp-herrenhandtasche-6x0-33l/190044,,"versch. Sorten , je 6 x 0,33-l-Fl.-Sixpack , (1 l = 2.17) , zzgl. 0.48 Pfand",Aktion,"4,29 €","Bestellung ab 18 Jahren.Für dieses Produkt gilt das Jugendschutzgesetz.ProduktbeschreibungArtikelnummer 190044Zutaten & AllergeneZutaten: Wasser, GERSTENMALZ, HopfenArtikeldetailsMarke: AstraAlkoholgehalt: 4,9 % Vol.Packungsgröße: 6x0,33lKontaktKontaktname: Bavaria-St.Pauli GmbHKontaktadresse: 22755 HamburgFür die vorstehenden Angaben wird keine Haftung übernommen. Bitte prüfen Sie im Einzelfall die Angaben auf der jeweiligen Produktverpackung, nur diese sind verbindlich.Das Produktdesign kann von der Abbildung abweichen.",Am Grünen Hag 2,Rewe,Bier,2023-07-09,"Gültig ab morgen bis Samstag, 15.07.2023"
Heineken Beer,https://img.rewe-static.de/REWE28_2023/1443690/30786658-10_digital-image.png?impolicy=s-offers&imwidth=200&output-format=image/webp,,https://shop.rewe.de/p/heineken-28x0-25l/1443690,,"je 28 x 0,25/20 x 0,4-l-Fl.-Kasten , (1 l = 2.14/1.87) , zzgl. 3.74/3.10 Pfand",Aktion,"14,99 €","Bestellung ab 18 Jahren.Für dieses Produkt gilt das Jugendschutzgesetz.ProduktbeschreibungArtikelnummer 1443690Heineken® ist ein gold-gelbes Lager mit 100 % natürlichen Zutaten und einem kleinen, feinen Extra: A-Hefe. Heinekens einzigartige A-Hefe sorgt für volles Aroma und feine Fruchtnoten. Der Abgang ist mild und leicht bitter.
Offizieller Partner von der EURO 2020, UEFA Champions League, James Bond, Rugby, Formel 1 und Formel-e Zutaten & AllergeneZutaten: Wasser, GERSTENMALZ, Hopfenextrakt.NährwerteDurchschnittliche NährwerteUnzubereitet pro 100 mlEnergie176 kJEnergie42 kcalFett0 gFett, davon gesättigte Fettsäuren0 gKohlenhydrate3,2 gKohlenhydrate, davon Zucker< 0 gBallaststoffe0 gEiweiß0 gSalz< 0,01 gArtikeldetailsMarke: HeinekenAlkoholgehalt: 5 % Vol.Packungsgröße: 0,25lx28KontaktKontaktname: Heineken Deutschland GmbHKontaktadresse: Ehrenbergstr. 19, 10245 BerlinMaximale Bestellmenge: 15 StückFür die vorstehenden Angaben wird keine Haftung übernommen. Bitte prüfen Sie im Einzelfall die Angaben auf der jeweiligen Produktverpackung, nur diese sind verbindlich.Das Produktdesign kann von der Abbildung abweichen.",Am Grünen Hag 2,Rewe,Bier,2023-07-09,"Gültig ab morgen bis Samstag, 15.07.2023"
CyberZ Beer Mix,https://img.rewe-static.de/REWE28_2023/8897146/39521337-9_digital-image.png?impolicy=s-offers&imwidth=200&output-format=image/webp,,https://shop.rewe.de/p/cyberz-beer-mix-limez-4x0-33l/8897146,,"versch. Sorten , je 4 x 0,33-l-Fl.-Pckg , (1 l = 3.78) , zzgl. 0.32 Pfand",Aktion,"4,99 €","Bestellung ab 18 Jahren.Für dieses Produkt gilt das Jugendschutzgesetz.ProduktbeschreibungArtikelnummer 8897146Times for Limez. CYBERZ vereint Bier mit süß-sauren Caipi-Limetten-
Flavour. Ein neuer frischer Mix ohne Kompromisse.
Turn up your Flavour – und starte mit aufregenden 5,9% vol. in Deine
Partymood und einen Abend ganz nach deinem Geschmack.Zutaten & AllergeneZutaten: 85% Bier (Wasser, GERSTENmalz, Hopfen, Hopfenextrakt), 15% Erfrischungsgetränk mit Caipirinha-Geschmack (Wasser, Zucker, Limettensaft* (1,5%), Orangensaft* (1,5%), Zitronensaft* (1,0%), Säuerungsmittel Citronensäure, natürliches Limettenaroma mit anderen natürlichen Aromen, Kohlensäure, Stabilisator Johannisbrotkernmehl). *aus FruchtsaftkonzentratenNährwerteDurchschnittliche NährwerteUnzubereitet pro 100 mlEnergie267 kJEnergie64 kcalFett0 gFett, davon gesättigte Fettsäuren0 gKohlenhydrate7,1 gKohlenhydrate, davon Zucker5,3 gEiweiß< 0,5 gSalz< 0,01 gArtikeldetailsEigenschaften: *Neu*Alkoholgehalt: 5,9 % Vol.KontaktKontaktname: Gesellschaft f. Importbiere u. Bierspezialitäten mbHKontaktadresse: Darmstädter Landstr. 185 60598 Frankfurt am MainMaximale Bestellmenge: 15 StückFür die vorstehenden Angaben wird keine Haftung übernommen. Bitte prüfen Sie im Einzelfall die Angaben auf der jeweiligen Produktverpackung, nur diese sind verbindlich.Das Produktdesign kann von der Abbildung abweichen.",Am Grünen Hag 2,Rewe,Bier,2023-07-09,"Gültig ab morgen bis Samstag, 15.07.2023"
Veltins Pilsener,https://img.rewe-static.de/REWE28_2023/0017005/2245920-31_digital-image.png?impolicy=s-offers&imwidth=200&output-format=image/webp,,https://shop.rewe.de/p/veltins-pilsener-dose-0-5l/17005,,"je 0,5-l-Dose , (1 l = 1.58) , zzgl. 0.25 Pfand",Aktion,"0,79 €","Bestellung ab 18 Jahren.Für dieses Produkt gilt das Jugendschutzgesetz.ProduktbeschreibungArtikelnummer 17005Zutaten & AllergeneZutaten: Wasser, GERSTENMALZ, HopfenAllergenhinweise: Enthält: Gerste und Gerstenerzeugnisse (glutenhaltiges Getreide).NährwerteDurchschnittliche NährwerteUnzubereitet pro 100 mlEnergie167 kJEnergie40 kcalFett< 0,1 gFett, davon gesättigte Fettsäuren< 0,1 gKohlenhydrate2,9 gKohlenhydrate, davon Zucker1,4 gEiweiß0,63 gSalz< 0,01 gArtikeldetailsMarke: VeltinsUrsprungsland: DeutschlandAlkoholgehalt: 4,8 % Vol.Packungsgröße: 0,5lKontaktKontaktname: Brauerei C.&A. Veltins GmbH & Co. KGKontaktadresse: D-59872 Meschede-GrevensteinMaximale Bestellmenge: 15 StückFür die vorstehenden Angaben wird keine Haftung übernommen. Bitte prüfen Sie im Einzelfall die Angaben auf der jeweiligen Produktverpackung, nur diese sind verbindlich.Das Produktdesign kann von der Abbildung abweichen.",Am Grünen Hag 2,Rewe,Bier,2023-07-09,"Gültig ab morgen bis Samstag, 15.07.2023"
Corona Mexican Beer,https://img.rewe-static.de/REWE28_2023/1306571/19881660-30_digital-image.png?impolicy=s-offers&imwidth=200&output-format=image/webp,,https://shop.rewe.de/p/corona-extra-6x0-35l/1306571,,"je 6 x 0,355-l-Fl.-Sixpack , (1 l = 3.05) , zzgl. 0.48 Pfand",Aktion,"6,49 €","Bestellung ab 18 Jahren.Für dieses Produkt gilt das Jugendschutzgesetz.ProduktbeschreibungArtikelnummer 1306571Zutaten & AllergeneZutaten: Wasser, Gerstenmalz, Mais, HopfenNährwerteDurchschnittliche NährwerteUnzubereitet pro 100 mlEnergie176 kJEnergie42 kcalFett0 gFett, davon gesättigte Fettsäuren0 gKohlenhydrate4 gKohlenhydrate, davon Zucker0,15 gBallaststoffe0,3 gEiweiß0,3 gSalz0,005 gHinweiseInformation: Kein Verzehr in Zusammenhang mita)dem Führen von Fahrzeugen,b)einer Schwangerschaft,c)Medikamenten-EinnahmeArtikeldetailsMarke: CoronaAlkoholgehalt: 4,5 % Vol.Packungsgröße: 0,35lx6KontaktKontaktname: Anheuser-Busch !nBev Deutschland GmbH & Co.KGKontaktadresse: Am Deich 18/19, 28199 BremenMaximale Bestellmenge: 15 StückFür die vorstehenden Angaben wird keine Haftung übernommen. Bitte prüfen Sie im Einzelfall die Angaben auf der jeweiligen Produktverpackung, nur diese sind verbindlich.Das Produktdesign kann von der Abbildung abweichen.",Am Grünen Hag 2,Rewe,Bier,2023-07-09,"Gültig ab morgen bis Samstag, 15.07.2023"
Grauer Burgunder vom Kalkstein QBA,https://img.rewe-static.de/REWE28_2023/2453174/23877569-32_digital-image.png?impolicy=s-offers&imwidth=200&output-format=image/webp,,https://shop.rewe.de/p/grauburgunder-weisswein-kalkstein-trocken-0-75l/2453174,,"trocken , je 0,75-l-Fl , (1 l = 5.32)",Knaller,"3,99 €","Bestellung ab 18 Jahren.Für dieses Produkt gilt das Jugendschutzgesetz.ProduktbeschreibungArtikelnummer 2453174Ausdrucksstarker,körperreicher Weisswein mit viel Schmelz, Frische und Frucht. Ausgewogen und gehaltvoll. 
Empfehlung: zu hellem Fleisch, gebratenem Fisch, Geflügel, Pasta, Salat 
Trinktemperatur: 8-12°C Zutaten & AllergeneZutaten: Nicht deklariert: Weißwein 97%, Traubenmost, Packgas Kohlendioxid, Antioxidationsmittel (Ascorbinsäure, Schwefeldioxid), Stabilisator Metaweinsäure Zusatzstoffe: E 220Allergenhinweise: Schwefeldioxid und Sulfite in einer Konzentration von mehr als 10 mg/kg oder 10 mg/l, als SO2 angegebenNährwerteDurchschnittliche Nährwertepro 100 mlEnergie319 kJEnergie77 kcalFett0 gFett, davon gesättigte Fettsäuren0 gKohlenhydrate0,8 gKohlenhydrate, davon Zucker0,7 gEiweiß0 gSalz0,02 gArtikeldetailsUrsprungsland: DeutschlandAlkoholgehalt: 12,5 % Vol.Schmeckt zu: Vorspeisen & Salat, Fisch & Meeresfrüchten, Geflügel, PastaKontaktKontaktname: Reh Kendermann GmbHKontaktadresse: 55411 Bingen, DeutschlandMaximale Bestellmenge: 15 StückFür die vorstehenden Angaben wird keine Haftung übernommen. Bitte prüfen Sie im Einzelfall die Angaben auf der jeweiligen Produktverpackung, nur diese sind verbindlich.Das Produktdesign kann von der Abbildung abweichen.",Am Grünen Hag 2,Rewe,Wein & Spirituosen,2023-07-09,"Gültig ab morgen bis Samstag, 15.07.2023"
Mezzacorona Pinot Grigio DOC,https://img.rewe-static.de/REWE28_2023/0274069/35288910-5_digital-image.png?impolicy=s-offers&imwidth=200&output-format=image/webp,,https://shop.rewe.de/p/mezzacorona-weisswein-pinot-grigio-trocken-0-75l/274069,,"trocken , je 0,75-l-Fl , (1 l = 5.32)",Aktion,"3,99 €","Bestellung ab 18 Jahren.Für dieses Produkt gilt das Jugendschutzgesetz.ProduktbeschreibungArtikelnummer 274069Ein fruchtig und frische Bukett mit
einem dichten Aroma.

Empfehlung: zu Vorspeisen, Salaten,
Fisch, Meeresfrüchten, Schwein, Geflügel
Trinktemperatur: 8-10°C Zutaten & AllergeneZutaten: Nicht deklariert:Weißwein, rektifiziertes Traubenmostkonzentrat, Säuerungsmittel (Weinsäure, Citronensäure), Antioxidationsmittel (Schwefeldioxid). Zusatzstoffe: E 220Allergenhinweise: Schwefeldioxid und Sulfite in einer Konzentration von mehr als 10 mg/kg oder 10 mg/l, als SO2 angegebenNährwerteDurchschnittliche Nährwertepro 100 mlEnergie302 kJEnergie73 kcalFett0 gFett, davon gesättigte Fettsäuren0 gKohlenhydrate< 0,5 gKohlenhydrate, davon Zucker< 0,5 gEiweiß0 gSalz0,02 gArtikeldetailsUrsprungsland: ItalienAlkoholgehalt: 12,5 % Vol.Schmeckt zu: Vorspeisen & Salat, Fisch & Meeresfrüchten, Geflügel, SchweinKontaktKontaktname: Nosio SpaKontaktadresse: Mezzocorona, , ItalienMaximale Bestellmenge: 15 StückFür die vorstehenden Angaben wird keine Haftung übernommen. Bitte prüfen Sie im Einzelfall die Angaben auf der jeweiligen Produktverpackung, nur diese sind verbindlich.Das Produktdesign kann von der Abbildung abweichen.",Am Grünen Hag 2,Rewe,Wein & Spirituosen,2023-07-09,"Gültig ab morgen bis Samstag, 15.07.2023"
Berentzen Fruchtige,https://img.rewe-static.de/REWE28_2023/0366072/860700-34_digital-image.png?impolicy=s-offers&imwidth=200&output-format=image/webp,,https://shop.rewe.de/p/berentzen-apfel-0-7l/366072,,"Apfelkorn, 18% Vol. , je 0,7-l-Fl , (1 l = 7.13)",Aktion,"4,99 €","Bestellung ab 18 Jahren.Für dieses Produkt gilt das Jugendschutzgesetz.ProduktbeschreibungArtikelnummer 366072HinweiseAufbewahrungs- und Verwendungshinweis: kühl lagern, vor Sonnenlicht schützenArtikeldetailsMarke: BerentzenUrsprungsland: DeutschlandAlkoholgehalt: 18 % Vol.Geschmacksrichtung: ApfelKontaktKontaktname: Berentzen-Gruppe AktiengesellschaftKontaktadresse: D-49740 HaselünneMaximale Bestellmenge: 15 StückFür die vorstehenden Angaben wird keine Haftung übernommen. Bitte prüfen Sie im Einzelfall die Angaben auf der jeweiligen Produktverpackung, nur diese sind verbindlich.Das Produktdesign kann von der Abbildung abweichen.",Am Grünen Hag 2,Rewe,Wein & Spirituosen,2023-07-09,"Gültig ab morgen bis Samstag, 15.07.2023"
Süss & Fruchtig Riesling QbA,https://img.rewe-static.de/REWE28_2023/0617358/3723580-26_digital-image.png?impolicy=s-offers&imwidth=200&output-format=image/webp,,https://shop.rewe.de/p/wuerttemberg-suess-und-fruchtig-weisswein-riesling-qba-0-75l/617358,,"je 0,75-l-Fl , (1 l = 4.65)",Aktion,"3,49 €","Bestellung ab 18 Jahren.Für dieses Produkt gilt das Jugendschutzgesetz.ProduktbeschreibungArtikelnummer 617358- Fruchtig, mit ausgewogenem Säurespiel, prickelnd und erfrischend.
- Empfehlung: Als Aperitif, zum Grillen.
- Trinktemperatur: 8 - 10°C. Zutaten & AllergeneZutaten: Enthält SulfiteAllergenhinweise: Enthält: Schwefeldioxid und Sulfite.ArtikeldetailsMarke: Weingut KlundtUrsprungsland: DeutschlandAlkoholgehalt: 9,5 % Vol.Schmeckt zu: Geflügel, Gegrilltem, Vorspeisen & Salat, Asiatischen SpeisenKontaktKontaktname: Württembergische Weingärtner ZentralgenossenschaftKontaktadresse: Raiffeisenstraße 2, 71696 MöglingenMaximale Bestellmenge: 15 StückFür die vorstehenden Angaben wird keine Haftung übernommen. Bitte prüfen Sie im Einzelfall die Angaben auf der jeweiligen Produktverpackung, nur diese sind verbindlich.Das Produktdesign kann von der Abbildung abweichen.",Am Grünen Hag 2,Rewe,Wein & Spirituosen,2023-07-09,"Gültig ab morgen bis Samstag, 15.07.2023"
Mariacron Weinbrand,https://img.rewe-static.de/REWE28_2023/0128546/3384090-30_digital-image.png?impolicy=s-offers&imwidth=200&output-format=image/webp,,https://shop.rewe.de/p/mariacron-weinbrand-0-7l/128546,,"36% Vol. , je 0,7-l-Fl , (1 l = 8.56)",Aktion,"5,99 €","Bestellung ab 18 Jahren.Für dieses Produkt gilt das Jugendschutzgesetz.ProduktbeschreibungArtikelnummer 128546Der Weinbrand-Kenner schätzt die harmonische Verbindung eines reifen weinigen Buketts und eines charaktervoll milden Geschmacks.Zutaten & AllergeneAllergenhinweise: Kann enthalten: Walnuss und Walnusserzeugnisse.ArtikeldetailsMarke: MariacronUrsprungsland: DeutschlandAlkoholgehalt: 36 % Vol.KontaktKontaktname: Nordbrand Nordhausen GmbHKontaktadresse: 99734 Nordhausen/HarzMaximale Bestellmenge: 15 StückFür die vorstehenden Angaben wird keine Haftung übernommen. Bitte prüfen Sie im Einzelfall die Angaben auf der jeweiligen Produktverpackung, nur diese sind verbindlich.Das Produktdesign kann von der Abbildung abweichen.",Am Grünen Hag 2,Rewe,Wein & Spirituosen,2023-07-09,"Gültig ab morgen bis Samstag, 15.07.2023"
Pitu Caipirinha,https://img.rewe-static.de/REWE28_2023/8276061/29039537-11_digital-image.png?impolicy=s-offers&imwidth=200&output-format=image/webp,,https://shop.rewe.de/p/pit-premium-caipirinha-0-33l/8276061,,"10% Vol. , je 0,33-l-Dose , (1 l = 6.03) , zzgl. 0.25 Pfand",Aktion,"1,99 €","Bestellung ab 18 Jahren.Für dieses Produkt gilt das Jugendschutzgesetz.ProduktbeschreibungArtikelnummer 8276061Zutaten & AllergeneAllergenhinweise: Enthält: Keine deklarationspflichtigen Allergene enthalten.ArtikeldetailsMarke: PitúUrsprungsland: DeutschlandAlkoholgehalt: 10 % Vol.KontaktKontaktname: Pitú Importadora-Exportadora GmbHKontaktadresse: D-85435 ErdingFür die vorstehenden Angaben wird keine Haftung übernommen. Bitte prüfen Sie im Einzelfall die Angaben auf der jeweiligen Produktverpackung, nur diese sind verbindlich.Das Produktdesign kann von der Abbildung abweichen.",Am Grünen Hag 2,Rewe,Wein & Spirituosen,2023-07-09,"Gültig ab morgen bis Samstag, 15.07.2023"
Oberkircher Collection O,https://img.rewe-static.de/REWE28_2023/0818890/21374366-5_digital-image.png?impolicy=s-offers&imwidth=200&output-format=image/webp,,https://shop.rewe.de/p/oberkircher-weisswein-riesling-halbtrocken-0-75l/818890,,"Riesling oder Rose QbA feinherb , je 0,75-l-Fl , (1 l = 5.99)",Aktion,"4,49 €","Bestellung ab 18 Jahren.Für dieses Produkt gilt das Jugendschutzgesetz.ProduktbeschreibungArtikelnummer 818890Würzige Zitrus- und Kräuteraromen.
Empfehlung: Zur leichten Küche.
Trinktemperatur: 8 - 10°C Zutaten & AllergeneZutaten: enthält SulfiteAllergenhinweise: Enthält: Schwefeldioxid und Sulfite.ArtikeldetailsMarke: Oberkircher WinzerEigenschaften: *Neu*Ursprungsland: DeutschlandAlkoholgehalt: 11,5 % Vol.Schmeckt zu: Vorspeisen & Salat, GemüseKontaktKontaktname: Oberkircher Winzer eGKontaktadresse: 77704 OberkirchMaximale Bestellmenge: 15 StückFür die vorstehenden Angaben wird keine Haftung übernommen. Bitte prüfen Sie im Einzelfall die Angaben auf der jeweiligen Produktverpackung, nur diese sind verbindlich.Das Produktdesign kann von der Abbildung abweichen.",Am Grünen Hag 2,Rewe,Wein & Spirituosen,2023-07-09,"Gültig ab morgen bis Samstag, 15.07.2023"
14 Primitivo di Marina IGT,https://img.rewe-static.de/REWE28_2023/8725382/35802581-9_digital-image.png?impolicy=s-offers&imwidth=200&output-format=image/webp,,https://shop.rewe.de/p/14-quattordici-rotwein-primitivo-di-marina-igt-trocken-0-75l/8725382,,"trocken , je 0,75-l-Fl , (1 l = 7.99)",Aktion,"5,99 €","Bestellung ab 18 Jahren.Für dieses Produkt gilt das Jugendschutzgesetz.ProduktbeschreibungArtikelnummer 8725382Rubinrote Farbe, duftet nach Waldbeeren, Kirschen und Vanille. Langer eleganter Abgang.

EMPFEHLUNG: zu Rind, Lamm, Gemüse und Grillen
TRINKTEMPERATUR: 16-18°C Zutaten & AllergeneZutaten: Enthält SulfiteAllergenhinweise: Enthält: Schwefeldioxid und Sulfite.ArtikeldetailsMarke: Contessa MarinaUrsprungsland: ItalienAlkoholgehalt: 14 % Vol.Schmeckt zu: Rind, Lamm, Gemüse, GegrilltemKontaktKontaktname: Saffer Wein GmbHKontaktadresse: Martin Kollar Str. 11, 81829 MünchenMaximale Bestellmenge: 15 StückFür die vorstehenden Angaben wird keine Haftung übernommen. Bitte prüfen Sie im Einzelfall die Angaben auf der jeweiligen Produktverpackung, nur diese sind verbindlich.Das Produktdesign kann von der Abbildung abweichen.",Am Grünen Hag 2,Rewe,Wein & Spirituosen,2023-07-09,"Gültig ab morgen bis Samstag, 15.07.2023"
Lindemans Bin 65 Chardonnay,https://img.rewe-static.de/REWE28_2023/1474421/10189290-23_digital-image.png?impolicy=s-offers&imwidth=200&output-format=image/webp,,https://shop.rewe.de/p/lindeman-s-bin-65-weisswein-chardonnay-trocken-0-75l/1474421,,"trocken , je 0,75-l-Fl , (1 l = 6.65)",Aktion,"4,99 €","Bestellung ab 18 Jahren.Für dieses Produkt gilt das Jugendschutzgesetz.ProduktbeschreibungArtikelnummer 1474421Voluminöser Weißwein mit intensiven Vanillearomen, dezentem Frucht-Säure-Spiel, mit angenehmer Länge.
Trinktemperatur: 8-10°C.

Alkoholgehalt: 13,5 % Vol.

Importeur:
Treasury Wine Estates
House 70 London Road Twickenham Zutaten & AllergeneZutaten: Zusatzstoffe: E 220Allergenhinweise: Schwefeldioxid und Sulfite in einer Konzentration von mehr als 10 mg/kg oder 10 mg/l, als SO2 angegebenArtikeldetailsMarke: Lindeman'sUrsprungsland: AustralienSchmeckt zu: Vorspeisen & Salat, Geflügel, Asiatischen Speisen, PastaMaximale Bestellmenge: 15 StückFür die vorstehenden Angaben wird keine Haftung übernommen. Bitte prüfen Sie im Einzelfall die Angaben auf der jeweiligen Produktverpackung, nur diese sind verbindlich.Das Produktdesign kann von der Abbildung abweichen.",Am Grünen Hag 2,Rewe,Wein & Spirituosen,2023-07-09,"Gültig ab morgen bis Samstag, 15.07.2023"
Deidesheimer Riesling QbA,https://img.rewe-static.de/REWE28_2023/0018865/22279472-16_digital-image.png?impolicy=s-offers&imwidth=200&output-format=image/webp,,https://shop.rewe.de/p/die-weinmacher-weisswein-riesling-deidesheimer-hofstueck-trocken-1l/18865,,"trocken , je 1-l-Fl",Aktion,"3,49 €","Bestellung ab 18 Jahren.Für dieses Produkt gilt das Jugendschutzgesetz.ProduktbeschreibungArtikelnummer 18865- Blassgelb mit leichtem Grünstich.
- Trinktemperatur: 8 - 12°C. Zutaten & AllergeneZutaten: Enthält SulfiteAllergenhinweise: Enthält: Schwefeldioxid und Sulfite.ArtikeldetailsMarkeDie WeinmacherEigenschaften*Neu*UrsprungslandDeutschlandAlkoholgehalt12 % Vol.ServiervorschlagEin Genuss zu: Lachslasagne, Gemüsegratins oder feinen Geflügelgerichten.Schmeckt zuGeflügel, GemüseKontaktKontaktname: Die Weinmacher GmbHKontaktadresse: 67150 NiederkirchenMaximale Bestellmenge: 15 StückFür die vorstehenden Angaben wird keine Haftung übernommen. Bitte prüfen Sie im Einzelfall die Angaben auf der jeweiligen Produktverpackung, nur diese sind verbindlich.Das Produktdesign kann von der Abbildung abweichen.",Am Grünen Hag 2,Rewe,Wein & Spirituosen,2023-07-09,"Gültig ab morgen bis Samstag, 15.07.2023"
Kessler Sekt,https://img.rewe-static.de/REWE28_2023/4652240/2630880-26_digital-image.png?impolicy=s-offers&imwidth=200&output-format=image/webp,,https://shop.rewe.de/p/kessler-sekt-cabinet-extra-trocken-0-75l/4652240,,"versch. Sorten , je 0,75-l-Fl , (1 l = 11.32)",Aktion,"8,49 €","Bestellung ab 18 Jahren.Für dieses Produkt gilt das Jugendschutzgesetz.ProduktbeschreibungArtikelnummer 4652240Zutaten & AllergeneZutaten: Enthält SULFITEAllergenhinweise: Enthält: Schwefeldioxid und Sulfite.HinweiseInformation: Der Alkoholgehalt kann aus natürlichen und produktionstechnischen Gründen Schwankungen zwischen Chargen unterliegen. Der angegebene Gehalt ist ein OrientierungswertArtikeldetailsUrsprungsland: DeutschlandAlkoholgehalt: 12 % Vol.Serviervorschlag: Passt zu Parmaschinken und MeloneKontaktKontaktname: Kessler Sekt GmbH & Co.KGKontaktadresse: 73728 EsslingenMaximale Bestellmenge: 15 StückFür die vorstehenden Angaben wird keine Haftung übernommen. Bitte prüfen Sie im Einzelfall die Angaben auf der jeweiligen Produktverpackung, nur diese sind verbindlich.Das Produktdesign kann von der Abbildung abweichen.",Am Grünen Hag 2,Rewe,Wein & Spirituosen,2023-07-09,"Gültig ab morgen bis Samstag, 15.07.2023"
Jack Daniel's Tennessee Whiskey,https://img.rewe-static.de/REWE28_2023/4676050/3229750-32_digital-image.png?impolicy=s-offers&imwidth=200&output-format=image/webp,,https://shop.rewe.de/p/jack-daniel-s-tennessee-whiskey-0-7l/4676050,,"40% Vol. oder Honey 35% Vol. , je 0,7-l-Fl , (1 l = 22.84)",Knaller,"15,99 €","Bestellung ab 18 Jahren.Für dieses Produkt gilt das Jugendschutzgesetz.ProduktbeschreibungArtikelnummer 4676050Tropfen für Tropfen – eindeutig Jack!
Es gibt über ein Dutzend Theorien, warum Jack Daniel seinen Whiskey „Old No.7“ genannt hat. Eine davon besagt, dass er den sieben wichtigsten Frauen in seinem Leben ein Denkmal setzen wollte. Den wahren Grund kennt aber nur Jack – und der lässt seine Biografen weiter rätseln. 
Seit 1866 wird Old No.7 nach dem unveränderten Originalrezept von Jack Daniel hergestellt. Sein rauchigmildes Aroma hat ihn zu einem der bekanntesten Whiskey-Klassiker gemacht. 
Ob pur, mit Wasser, mit Cola, mit Ginger oder im Cocktail: Jack ist aus den Bars der Welt nicht mehr wegzudenken. Wer nicht selbst mixen möchte, der bedient sich mit Jack Daniel‘s Premix Longdrinks: klassisch mit Cola oder erfrischend herb mit Ginger. Jack Daniel‘s Old No.7 – auch in den kleinsten „Whiskeyfässern der Welt“ immer der perfekte Genuss.... mehr anzeigenSeit 1866 wird Old No. 7 nach unverändertem Originalrezept von Jack Daniel hergestellt. Rauchig mildes Aroma mit einem Mix aus Karamell, Vanille und Holznoten.ArtikeldetailsMarke: Jack Daniel'sUrsprungsland: Vereinigte StaatenAlkoholgehalt: 40 % Vol.KontaktKontaktname: BROWN-FORMAN DEUTSCHLAND GMBHKontaktadresse: Dammtorwall 7, 20354 Hamburg, DeutschlandMaximale Bestellmenge: 15 StückFür die vorstehenden Angaben wird keine Haftung übernommen. Bitte prüfen Sie im Einzelfall die Angaben auf der jeweiligen Produktverpackung, nur diese sind verbindlich.Das Produktdesign kann von der Abbildung abweichen.",Am Grünen Hag 2,Rewe,Wein & Spirituosen,2023-07-09,"Gültig ab morgen bis Samstag, 15.07.2023"
Faber Sekt oder Light Live alkoholfrei,https://img.rewe-static.de/REWE28_2023/0315192/34673571-3_digital-image.png?impolicy=s-offers&imwidth=200&output-format=image/webp,,https://shop.rewe.de/p/faber-kroenung-halbtrocken-0-75l/315192,,"versch. Sorten , je 0,75-l-Fl , (1 l = 3.32)",Aktion,"2,49 €","Bestellung ab 18 Jahren.Für dieses Produkt gilt das Jugendschutzgesetz.ProduktbeschreibungArtikelnummer 315192Bring Faber in dein Leben!Zutaten & AllergeneZutaten: Enthält SULFITEAllergenhinweise: Enthält: Schwefeldioxid und Sulfite.HinweiseAufbewahrungs- und Verwendungshinweis: Stets kühl und dunkel lagern.ArtikeldetailsMarke: FaberUrsprungsland: DeutschlandAlkoholgehalt: 11 % Vol.Packungsgröße: 0,75lKontaktKontaktname: Sektkellerei Faber GmbHKontaktadresse: Niederkircher Str. 27, 54294 Trier/DeutschlandMaximale Bestellmenge: 15 StückFür die vorstehenden Angaben wird keine Haftung übernommen. Bitte prüfen Sie im Einzelfall die Angaben auf der jeweiligen Produktverpackung, nur diese sind verbindlich.Das Produktdesign kann von der Abbildung abweichen.",Am Grünen Hag 2,Rewe,Wein & Spirituosen,2023-07-09,"Gültig ab morgen bis Samstag, 15.07.2023"
Mionetto Prosecco Spumante DOC,https://img.rewe-static.de/REWE28_2023/2104631/22280027-24_digital-image.png?impolicy=s-offers&imwidth=200&output-format=image/webp,,https://shop.rewe.de/p/faber-kroenung-halbtrocken-0-75l/315192,,"versch. Sorten , je 0,75-l-Fl , (1 l = 9.32)",Aktion,"6,99 €","b""Bestellung ab 18 Jahren.F\xc3\xbcr dieses Produkt gilt das Jugendschutzgesetz.ProduktbeschreibungArtikelnummer 2104631Der Prosecco D.O.C. Treviso Brut der Prestige-Linie \xc3\xbcberrascht selbst ausgesprochene Kenner. \nDieser hochwertige Spumante interpretiert die Kategorie 'Brut' v\xc3\xb6llig neu und z\xc3\xa4hlt geschmacklich zu den modernsten seiner Klasse. \nDer Prosecco D.O.C. Treviso Brut besticht durch seine leuchtend strohgelbe Farbe, intensive Perlage, ein fruchtiges Bukett nach Golden Delicious \xc3\x84pfeln und Birnen \nsowie durch feine Aromen nach Akazienhonig. Mionetto Prosecco D.O.C. Treviso Brut zeichnet sich durch sein elegantes Design aus. Das raffiniert moderne Etikett im 27-Grad-Winkel spiegelt sich in der Halsschleife wider.\n\nAlkoholgehalt: 11% Vol.... mehr anzeigenZutaten & AllergeneZutaten:  Enth\xc3\xa4lt Sulfite Zusatzstoffe: E 220Allergenhinweise: Schwefeldioxid und Sulfite in einer Konzentration von mehr als 10 mg/kg oder 10 mg/l, als SO2 angegebenArtikeldetailsMarke: MionettoUrsprungsland: ItalienKontaktKontaktname: Mionetto SPAKontaktadresse: Valdobbiadene, ItalienMaximale Bestellmenge: 15 St\xc3\xbcckF\xc3\xbcr die vorstehenden Angaben wird keine Haftung \xc3\xbcbernommen. Bitte pr\xc3\xbcfen Sie im Einzelfall die Angaben auf der jeweiligen Produktverpackung, nur diese sind verbindlich.Das Produktdesign kann von der Abbildung abweichen.""",Am Grünen Hag 2,Rewe,Wein & Spirituosen,2023-07-09,"Gültig ab morgen bis Samstag, 15.07.2023"
Cellini Grappa Oro,https://img.rewe-static.de/REWE28_2023/9687947/3673940-23_digital-image.png?impolicy=s-offers&imwidth=200&output-format=image/webp,,https://shop.rewe.de/p/faber-kroenung-halbtrocken-0-75l/315192,,"38% Vol. , je 0,7-l-Fl , (1 l = 12.84)",Aktion,"8,99 €","b'Bestellung ab 18 Jahren.F\xc3\xbcr dieses Produkt gilt das Jugendschutzgesetz.ProduktbeschreibungArtikelnummer 9687947Zutaten & AllergeneAllergenhinweise: Enth\xc3\xa4lt: Keine deklarationspflichtigen Allergene enthalten.HinweiseAufbewahrungs- und Verwendungshinweis: Lagerf\xc3\xa4higkeit 2-3 Jahre, bei Zimmertemperatur servierenArtikeldetailsMarke: CelliniUrsprungsland: ItalienAlkoholgehalt: 38 % Vol.KontaktKontaktname: Rolf Herzberger GmbH & Co. KGKontaktadresse: Am Felsbrunnen 8, 66119 Saarbr\xc3\xbcckenMaximale Bestellmenge: 15 St\xc3\xbcckF\xc3\xbcr die vorstehenden Angaben wird keine Haftung \xc3\xbcbernommen. Bitte pr\xc3\xbcfen Sie im Einzelfall die Angaben auf der jeweiligen Produktverpackung, nur diese sind verbindlich.Das Produktdesign kann von der Abbildung abweichen.'",Am Grünen Hag 2,Rewe,Wein & Spirituosen,2023-07-09,"Gültig ab morgen bis Samstag, 15.07.2023"
La Gioiosa Prosecco Frizzante Treviso DOC,https://img.rewe-static.de/REWE28_2023/0321558/7433190-34_digital-image.png?impolicy=s-offers&imwidth=200&output-format=image/webp,,https://shop.rewe.de/p/faber-kroenung-halbtrocken-0-75l/315192,,"je 0,75-l-Fl , (1 l = 7.99)",Aktion,"5,99 €","b'Bestellung ab 18 Jahren.F\xc3\xbcr dieses Produkt gilt das Jugendschutzgesetz.ProduktbeschreibungArtikelnummer 321558Alkoholgehalt: 10 % Vol. Zutaten & AllergeneZutaten: Nicht deklariert:Perlwein, Antioxidationsmittel (Ascorbins\xc3\xa4ure, Schwefeldioxid). Zusatzstoffe: E 220Allergenhinweise: Schwefeldioxid und Sulfite in einer Konzentration von mehr als 10 mg/kg oder 10 mg/l, als SO2 angegebenN\xc3\xa4hrwerteDurchschnittliche N\xc3\xa4hrwertepro 100 mlEnergie292 kJEnergie70 kcalFett0 gFett, davon ges\xc3\xa4ttigte Fetts\xc3\xa4uren0 gKohlenhydrate2,9 gKohlenhydrate, davon Zucker1,1 gEiwei\xc3\x9f< 0,1 gSalz< 0,02 gHinweiseVerwendungshinweise: Trocken und k\xc3\xbchl lagern. Vor Licht sch\xc3\xbctzen.ArtikeldetailsMarke: La GioiosaUrsprungsland: ItalienKontaktKontaktname: La Gioiosa S.p.A.Kontaktadresse: Crocetta del Montello, 31035, ItalienMaximale Bestellmenge: 15 St\xc3\xbcckF\xc3\xbcr die vorstehenden Angaben wird keine Haftung \xc3\xbcbernommen. Bitte pr\xc3\xbcfen Sie im Einzelfall die Angaben auf der jeweiligen Produktverpackung, nur diese sind verbindlich.Das Produktdesign kann von der Abbildung abweichen.'",Am Grünen Hag 2,Rewe,Wein & Spirituosen,2023-07-09,"Gültig ab morgen bis Samstag, 15.07.2023"
Persil Discs Colorwaschmittel,https://img.rewe-static.de/REWE28_2023/8910199/38493870-5_digital-image.png?impolicy=s-offers&imwidth=200&output-format=image/webp,,https://shop.rewe.de/productList?search=8910199,,"je 76-WL-Btl , (1 WL = 0.26)",Knaller,"19,99 €",,Am Grünen Hag 2,Rewe,Haushalt,2023-07-09,"Gültig ab morgen bis Samstag, 15.07.2023"
Persil Vollwaschmittel Universal Pulver,https://img.rewe-static.de/REWE28_2023/8978010/38493728-8_digital-image.png?impolicy=s-offers&imwidth=200&output-format=image/webp,,https://shop.rewe.de/p/persil-vollwaschmittel-universal-pulver-5-4kg-90wl/8978010,,"je 90-WL-Pckg , (1 WL = 0.22)",Knaller,"19,99 €","Gefahren- / WarnhinweiseAchtungVerursacht schwere Augenreizung.Ist ärztlicher Rat erforderlich, Verpackung oder Kennzeichnungsetikett bereithalten. Darf nicht in die Hände von Kindern gelangen. Schutzhandschuhe/Schutzkleidung/Augenschutz/Gesichtsschutz tragen. BEI KONTAKT MIT DEN AUGEN: Einige Minuten lang behutsam mit Wasser spülen. Eventuell vorhandene Kontaktlinsen nach Möglichkeit entfernen. Weiter spülen. Bei anhaltender Augenreizung: Ärztlichen Rat einholen/ärztliche Hilfe hinzuziehen.ProduktbeschreibungArtikelnummer 8978010ArtikeldetailsMarke: PersilUrsprungsland: DeutschlandKontaktKontaktname: Henkel AG & Co. KGaAKontaktadresse: D-40191 DüsseldorfMaximale Bestellmenge: 15 StückFür die vorstehenden Angaben wird keine Haftung übernommen. Bitte prüfen Sie im Einzelfall die Angaben auf der jeweiligen Produktverpackung, nur diese sind verbindlich.Das Produktdesign kann von der Abbildung abweichen.",Am Grünen Hag 2,Rewe,Haushalt,2023-07-09,"Gültig ab morgen bis Samstag, 15.07.2023"
"Fußmatte
            3",https://img.rewe-static.de/REWE28_2023/7810637/36270545-10_digital-image.png?impolicy=s-offers&imwidth=200&output-format=image/webp,,https://shop.rewe.de/productList?search=7810637,,"ca. 60 x 80 cm 7.99 ca. 80 x 120 cm 14.99 , St",Aktion,"7,99 €",,Am Grünen Hag 2,Rewe,Haushalt,2023-07-09,"Gültig ab morgen bis Samstag, 15.07.2023"
"Vivess
            3",https://img.rewe-static.de/REWE28_2023/8879469/40276653-7_digital-image.png?impolicy=s-offers&imwidth=200&output-format=image/webp,,https://shop.rewe.de/productList?search=8879469,,"Reinigungsschwamm 2er-Pack 1.89 Badwunder 1.99 Küchenwunder 5er-Pack 2.29 Küchenschwamm 2in1 2er-Pack 2.49 , Pckg",Aktion,"1,89 €",,Am Grünen Hag 2,Rewe,Haushalt,2023-07-09,"Gültig ab morgen bis Samstag, 15.07.2023"
"ADE Körperanalysewaage »BA2007«
            3",https://img.rewe-static.de/REWE28_2023/7737186/38429245-7_digital-image.png?impolicy=s-offers&imwidth=200&output-format=image/webp,,https://shop.rewe.de/productList?search=7737186,,je St,Aktion,"8,99 €",,Am Grünen Hag 2,Rewe,Haushalt,2023-07-09,"Gültig ab morgen bis Samstag, 15.07.2023"
"Remington Shea Soft Haartrockner »D4740«
            3",https://img.rewe-static.de/REWE28_2023/8851737/38794212-7_digital-image.png?impolicy=s-offers&imwidth=200&output-format=image/webp,,https://shop.rewe.de/productList?search=8851737,,je St,Aktion,"19,99 €",,Am Grünen Hag 2,Rewe,Haushalt,2023-07-09,"Gültig ab morgen bis Samstag, 15.07.2023"
Calgon 4in1 Tabs Wasserenthärter,https://img.rewe-static.de/REWE28_2023/7649810/39136968-7_digital-image.png?impolicy=s-offers&imwidth=200&output-format=image/webp,,https://shop.rewe.de/p/calgon-4in1-wasserenthaerter-tabs-50-stueck/7649810,,"je 50-Tab-Pckg , (1 Tab = 0.17)",Aktion,"8,49 €","ProduktbeschreibungArtikelnummer 7649810Calgon 4in1 Power Tabs schützen Ihre Waschmaschine von innen - schwer zugängliche Maschinenteile, die mit Wasser in Kontakt kommen, werden so vor Kalk, Korissionen, Schmutzablagerungen und Gerüchen bewahrt.ArtikeldetailsMarke: CalgonEigenschaften: *Neu*Ursprungsland: ItalienKontaktKontaktname: RB Hygiene Home Deutschland GmbHKontaktadresse: Darwinstr. 2-4 69115 HeidelbergMaximale Bestellmenge: 15 StückFür die vorstehenden Angaben wird keine Haftung übernommen. Bitte prüfen Sie im Einzelfall die Angaben auf der jeweiligen Produktverpackung, nur diese sind verbindlich.Das Produktdesign kann von der Abbildung abweichen.",Am Grünen Hag 2,Rewe,Haushalt,2023-07-09,"Gültig ab morgen bis Samstag, 15.07.2023"
Weißer Riese Universal Gel Waschmittel,https://img.rewe-static.de/REWE28_2023/8914047/38802583-3_digital-image.png?impolicy=s-offers&imwidth=200&output-format=image/webp,,https://shop.rewe.de/productList?search=8914047,,"je 22-WL-Fl , (1 WL = 0.18)",Aktion,"3,99 €",,Am Grünen Hag 2,Rewe,Haushalt,2023-07-09,"Gültig ab morgen bis Samstag, 15.07.2023"
"Kärcher Akku-Fenstersauger »WV 1 Plus«
            3",https://img.rewe-static.de/REWE28_2023/8414526/38280598-6_digital-image.png?impolicy=s-offers&imwidth=200&output-format=image/webp,,https://shop.rewe.de/productList?search=8414526,,je St,Aktion,"39,99 €",,Am Grünen Hag 2,Rewe,Haushalt,2023-07-09,"Gültig ab morgen bis Samstag, 15.07.2023"
"Rund um den Haushalt
            3",https://img.rewe-static.de/REWE28_2023/8864512/40276805-6_digital-image.png?impolicy=s-offers&imwidth=200&output-format=image/webp,,https://shop.rewe.de/productList?search=8864512,,"versch. Artikel , je St./Set",Aktion,"1,00 €",,Am Grünen Hag 2,Rewe,Haushalt,2023-07-09,"Gültig ab morgen bis Samstag, 15.07.2023"
"Kärcher Zubehör
            3",https://img.rewe-static.de/REWE28_2023/1499528/35187225-7_digital-image.png?impolicy=s-offers&imwidth=200&output-format=image/webp,,https://shop.rewe.de/productList?search=1499528,,"Glasreinigerkonzentrat ca. 500 ml 6.99 (1 l = 13.98) Mikrofaserwischbezug 2er-Pack 9.99 Abziehlippe 2er-Pack 9.99 , Fl./Pckg",Aktion,"6,99 €",,Am Grünen Hag 2,Rewe,Haushalt,2023-07-09,"Gültig ab morgen bis Samstag, 15.07.2023"
"Faltbare Helfer
            3",https://img.rewe-static.de/REWE28_2023/7717803/40276895-7_digital-image.png?impolicy=s-offers&imwidth=200&output-format=image/webp,,https://shop.rewe.de/productList?search=7717803,,"Eimer ca. 10 l 3.99 ca. Ø 31,3 cm x 25 cm Geschirrspülschüssel ca. 12 l 5.99 ca. 31,3 x 30,5 x 20 cm Wäschekorb ca. 17 l 7.99 ca. 53,5 x 37,8 x 23,8 cm , St",Aktion,"3,99 €",,Am Grünen Hag 2,Rewe,Haushalt,2023-07-09,"Gültig ab morgen bis Samstag, 15.07.2023"
Toppits Zipper Allzweck-Beutel,https://img.rewe-static.de/REWE28_2023/2383024/23889433-20_digital-image.png?impolicy=s-offers&imwidth=200&output-format=image/webp,,https://shop.rewe.de/p/toppits-zipper-allzweck-beutel-1l-12-stueck/2383024,,"1 Liter , je 12-St.-Pckg",Aktion,"1,79 €","ProduktbeschreibungArtikelnummer 2383024Der Zipper von Toppits ist die Allzwecklösung im Haushalt. Egal ob zum Frischhalten und Einfrieren von Lebensmitteln oder zum bequemen Transport - der Zipper ist der vielseitige Küchenhelfer schlechthin. Der patentierte Zipper Reißverschluss und der praktische Standboden machen den Zipper zu etwas ganz besonderem. 
Inhalt: 12 Beutel. Maße: 20,5cm Breite / 16,2cm Länge. Die Toppits® Zipper® Beutel sind die Allrounder für zuhause und unterwegs. Dank ihres Reißverschlusses halten sie absolut dicht und schließen mit dem typischen ZZZiip Geräusch. Ihre hochwertige Spezialfolie ist besonders reißfest und wasserdicht. Die wiederverschließbaren Zipper®  Beutel sind mehrfach und universell einsetzbar - ob zum Einfrieren und Frischhalten von Lebensmitteln oder zum sicheren und bequemen Aufbewahren, Sortieren und Transportieren kleinerer Gegenstände aller Art und dürfen sogar in der Spülmaschine gereinigt werden.HinweiseInformation: Kein Spielzeug! Von Kindern fernhalten – Erstickungsgefahr!ArtikeldetailsMarke: ToppitsUrsprungsland: PolenKontaktKontaktname: Cofresco Frischhalteprodukte GmbH & Co. KGKontaktadresse: Ringstrasse 99, 32427 MindenMaximale Bestellmenge: 15 StückFür die vorstehenden Angaben wird keine Haftung übernommen. Bitte prüfen Sie im Einzelfall die Angaben auf der jeweiligen Produktverpackung, nur diese sind verbindlich.Das Produktdesign kann von der Abbildung abweichen.",Am Grünen Hag 2,Rewe,Haushalt,2023-07-09,"Gültig ab morgen bis Samstag, 15.07.2023"
Toppits Zipper Allzweck-Beutel,https://img.rewe-static.de/REWE28_2023/2383028/23889292-18_digital-image.png?impolicy=s-offers&imwidth=200&output-format=image/webp,,https://shop.rewe.de/p/toppits-zipper-allzweck-beutel-3l-8-stueck/2383028,,"3 Liter , je 8-St.-Pckg",Aktion,"1,79 €","ProduktbeschreibungArtikelnummer 2383028Der Zipper von Toppits ist die Allzwecklösung im Haushalt. Egal ob zum Frischhalten und Einfrieren von Lebensmitteln oder zum bequemen Transport - der Zipper ist der vielseitige Küchenhelfer schlechthin. Der patentierte Zipper Reißverschluss und der praktische Standboden machen den Zipper zu etwas ganz besonderem. 

Inhalt: 8 Beutel. Maße: 25,4cm Länge / 27cm Breite. Die Toppits® Zipper® Beutel sind die Allrounder für zuhause und unterwegs. Dank ihres Reißverschlusses halten sie absolut dicht und schließen mit dem typischen ZZZiip Geräusch. Ihre hochwertige Spezialfolie ist besonders reißfest und wasserdicht. Die wiederverschließbaren Zipper®  Beutel sind mehrfach und universell einsetzbar - ob zum Einfrieren und Frischhalten von Lebensmitteln oder zum sicheren und bequemen Aufbewahren, Sortieren und Transportieren kleinerer Gegenstände aller Art und dürfen sogar in der Spülmaschine gereinigt werden.HinweiseInformation: Kein Spielzeug! Von Kindern fernhalten - ErstickungsgefahrArtikeldetailsMarke: ToppitsUrsprungsland: PolenKontaktKontaktname: Cofresco Frischhalteprodukte GmbH & Co. KGKontaktadresse: Ringstrasse 99, 32427 MindenMaximale Bestellmenge: 15 StückFür die vorstehenden Angaben wird keine Haftung übernommen. Bitte prüfen Sie im Einzelfall die Angaben auf der jeweiligen Produktverpackung, nur diese sind verbindlich.Das Produktdesign kann von der Abbildung abweichen.",Am Grünen Hag 2,Rewe,Haushalt,2023-07-09,"Gültig ab morgen bis Samstag, 15.07.2023"
Somat Classic Geschirrreinigertabs,https://img.rewe-static.de/REWE28_2023/8867064/38620868-4_digital-image.png?impolicy=s-offers&imwidth=200&output-format=image/webp,,https://shop.rewe.de/p/somat-classic-36-spuelmaschinentabs-597-6g/8867064,,"je 36-Tab-Pckg , (1 Tab = 0.12)",Aktion,"4,49 €","Gefahren- / WarnhinweiseAchtungVerursacht schwere Augenreizung. Ist ärztlicher Rat erforderlich, Verpackung oder Kennzeichnungsetikett bereithalten. Darf nicht in die Hände von Kindern gelangen. Schutzhandschuhe/Schutzkleidung/Augenschutz/Gesichtsschutz tragen. BEI KONTAKT MIT DEN AUGEN: Einige Minuten lang behutsam mit Wasser spülen. Eventuell vorhandene Kontaktlinsen nach Möglichkeit entfernen. Weiter spülen. Bei anhaltender Augenreizung: Ärztlichen Rat einholen/ärztliche Hilfe hinzuziehen. ProduktbeschreibungArtikelnummer 8867064ArtikeldetailsMarke: SomatUrsprungsland: DeutschlandKontaktKontaktname: Henkel Wasch- und Reinigungsmittel GmbHKontaktadresse: D-40191 DüsseldorfMaximale Bestellmenge: 15 StückFür die vorstehenden Angaben wird keine Haftung übernommen. Bitte prüfen Sie im Einzelfall die Angaben auf der jeweiligen Produktverpackung, nur diese sind verbindlich.Das Produktdesign kann von der Abbildung abweichen.",Am Grünen Hag 2,Rewe,Haushalt,2023-07-09,"Gültig ab morgen bis Samstag, 15.07.2023"
Somat Allin1 Geschirrreingertabs,https://img.rewe-static.de/REWE28_2023/8866769/38621807-5_digital-image.png?impolicy=s-offers&imwidth=200&output-format=image/webp,,https://shop.rewe.de/p/somat-all-in-1-extra-25-spuelmaschinentabs-440g/8866769,,"je 25-Tab-Pckg , (1 Tab = 0.18)",Aktion,"4,49 €","Gefahren- / WarnhinweiseAchtungVerursacht schwere Augenreizung. Ist ärztlicher Rat erforderlich, Verpackung oder Kennzeichnungsetikett bereithalten. Darf nicht in die Hände von Kindern gelangen. Schutzhandschuhe/Schutzkleidung/Augenschutz/Gesichtsschutz tragen. BEI KONTAKT MIT DEN AUGEN: Einige Minuten lang behutsam mit Wasser spülen. Eventuell vorhandene Kontaktlinsen nach Möglichkeit entfernen. Weiter spülen. Bei anhaltender Augenreizung: Ärztlichen Rat einholen/ärztliche Hilfe hinzuziehen. ProduktbeschreibungArtikelnummer 8866769ArtikeldetailsMarke: SomatUrsprungsland: DeutschlandKontaktKontaktname: Henkel Wasch- und Reinigungsmittel GmbHKontaktadresse: D-40191 DüsseldorfMaximale Bestellmenge: 15 StückFür die vorstehenden Angaben wird keine Haftung übernommen. Bitte prüfen Sie im Einzelfall die Angaben auf der jeweiligen Produktverpackung, nur diese sind verbindlich.Das Produktdesign kann von der Abbildung abweichen.",Am Grünen Hag 2,Rewe,Haushalt,2023-07-09,"Gültig ab morgen bis Samstag, 15.07.2023"
Der General Allzweckreiniger,https://img.rewe-static.de/REWE28_2023/2440649/32569301-7_digital-image.png?impolicy=s-offers&imwidth=200&output-format=image/webp,,https://shop.rewe.de/p/der-general-universalreiniger-bergfruehling-750ml/2440649,,"Bergfrühling , je 750-ml-Fl , (1 l = 2.12)",Aktion,"1,59 €","Gefahren- / WarnhinweiseEnthält POLYETHERPOLYPHOSPHAT. Kann allergische Reaktionen
hervorrufen.ProduktbeschreibungArtikelnummer 2440649•Repair und Refresh Effekt – DER GENERAL füllt wirksam kleinste Kratzer und Beschädigungen auf und sorgt für langanhaltenden Glanz und Frische auf den behandelten Oberflächen 
 
•Ideale Reinigung – DER GENERAL Universalreiniger beseitigt hartnäckigen Schmutz und Fett wie bewährt leicht und gründlich 
 
•Langanhaltende Frische - Der typisch frische Duft des Bergfrühlings sorgt für ein langanhaltendes Dufterlebnis, auch noch lange nach dem Putzen 
 
•Schnelle Trocknung und Strahlender Glanz – DER GENERAL Universalreiniger trocknet schnell und sorgt für ein streifenfreies Ergebnis ohne Rückstände, damit kein Nachwischen erforderlich ist. 
 
 
DER GENERAL Universalreiniger Bergfrühling beseitigt sowohl hartnäckigen Schmutz als auch Fett bewährt leicht und gründlich und sorgt für strahlenden Glanz auf allen Oberflächen. Glänzendes Ergebnis auf allen feucht abwischbaren Oberflächen schon nach dem ersten Wisch.Der typisch frische Frühlingsduft wie in den Bergen bereitet ein lang anhaltendes Dufterlebnis noch lange nach dem Putzen.... mehr anzeigenArtikeldetailsMarke: Der GeneralUrsprungsland: DeutschlandKontaktKontaktname: Henkel Wasch- und Reinigungsmittel GmbHKontaktadresse: D-40191 DüsseldorfMaximale Bestellmenge: 15 StückFür die vorstehenden Angaben wird keine Haftung übernommen. Bitte prüfen Sie im Einzelfall die Angaben auf der jeweiligen Produktverpackung, nur diese sind verbindlich.Das Produktdesign kann von der Abbildung abweichen.",Am Grünen Hag 2,Rewe,Haushalt,2023-07-09,"Gültig ab morgen bis Samstag, 15.07.2023"
Perwoll Renew Schwarz Waschmittel,https://img.rewe-static.de/REWE28_2023/7725449/38485168-5_digital-image.png?impolicy=s-offers&imwidth=200&output-format=image/webp,,https://shop.rewe.de/p/perwoll-waschmittel-fluessig-renew-schwarz-1-38l-25wl/7725449,,"je 25-WL-Fl , (1 WL = 0.17)",Aktion,"4,29 €","Gefahren- / WarnhinweiseAchtungVerursacht schwere Augenreizung. Kann allergische Hautreaktionen verursachen. Ist ärztlicher Rat erforderlich, Verpackung oder Kennzeichnungsetikett bereithalten. Darf nicht in die Hände von Kindern gelangen. Schutzhandschuhe/Schutzkleidung/Augenschutz/Gesichtsschutz tragen. BEI BERÜHRUNG MIT DER HAUT: Mit viel Wasser waschen. BEI KONTAKT MIT DEN AUGEN: Einige Minuten lang behutsam mit Wasser spülen. Eventuell vorhandene Kontaktlinsen nach Möglichkeit entfernen. Weiter spülen. Bei anhaltender Augenreizung: Ärztlichen Rat einholen/ärztliche Hilfe hinzuziehen. Inhalt/Behälter gemäß nationalen Vorschriften der Entsorgung zuführen.ProduktbeschreibungArtikelnummer 7725449ArtikeldetailsMarke: PerwollUrsprungsland: DeutschlandKontaktKontaktname: Henkel Wasch- und Reinigungsmittel GmbHKontaktadresse: D-40191 DüsseldorfMaximale Bestellmenge: 15 StückFür die vorstehenden Angaben wird keine Haftung übernommen. Bitte prüfen Sie im Einzelfall die Angaben auf der jeweiligen Produktverpackung, nur diese sind verbindlich.Das Produktdesign kann von der Abbildung abweichen.",Am Grünen Hag 2,Rewe,Haushalt,2023-07-09,"Gültig ab morgen bis Samstag, 15.07.2023"
Spee Power Caps Colorwaschmittel,https://img.rewe-static.de/REWE28_2023/8904688/38802581-5_digital-image.png?impolicy=s-offers&imwidth=200&output-format=image/webp,,https://shop.rewe.de/p/spee-colorwaschmittel-power-caps-216g-18wl/8904688,,"je 18-WL-Pckg , (1 WL = 0.22)",Aktion,"3,99 €","Gefahren- / WarnhinweiseAchtungVerursacht Hautreizungen. Verursacht schwere Augenreizung. Schädlich für Wasserorganismen, mit langfristiger Wirkung. Enthält Subtilisin. Kann allergische Reaktionen hervorrufen. Ist ärztlicher Rat erforderlich, Verpackung oder Kennzeichnungsetikett bereithalten. Darf nicht in die Hände von Kindern gelangen. BEI BERÜHRUNG MIT DER HAUT: Mit viel Wasser waschen. BEI KONTAKT MIT DEN AUGEN: Einige Minuten lang behutsam mit Wasser spülen. Eventuell vorhandene Kontaktlinsen nach Möglichkeit entfernen. Weiter spülen. Bei anhaltender Augenreizung: Ärztlichen Rat einholen/ärztliche Hilfe hinzuziehen. BEI VERSCHLUCKEN: Mund ausspülen. KEIN Erbrechen herbeiführen. Sofort GIFTINFORMATIONSZENTRUM/Arzt anrufen. Inhalt/Behälter gemäß nationalen Vorschriften der Entsorgung zuführen.ProduktbeschreibungArtikelnummer 8904688ArtikeldetailsMarke: SpeeUrsprungsland: UngarnKontaktKontaktname: Henkel AG & Co. KGaAKontaktadresse: D-40191 DüsseldorfMaximale Bestellmenge: 15 StückFür die vorstehenden Angaben wird keine Haftung übernommen. Bitte prüfen Sie im Einzelfall die Angaben auf der jeweiligen Produktverpackung, nur diese sind verbindlich.Das Produktdesign kann von der Abbildung abweichen.",Am Grünen Hag 2,Rewe,Haushalt,2023-07-09,"Gültig ab morgen bis Samstag, 15.07.2023"
Love Nature Colorwaschmittel flüssig,https://img.rewe-static.de/REWE28_2023/7778383/36786099-8_digital-image.png?impolicy=s-offers&imwidth=200&output-format=image/webp,,https://shop.rewe.de/p/love-nature-colorwaschmittel-fluessig-960ml-20wl/7778383,,"je 20-WL-Fl , (1 WL = 0.21)",Aktion,"4,29 €","Gefahren- / WarnhinweiseGefahrVerursacht Hautreizungen. Verursacht schwere Augenschäden. Ist ärztlicher Rat erforderlich, Verpackung oder Kennzeichnungsetikett bereithalten. Darf nicht in die Hände von Kindern gelangen. Schutzhandschuhe/Schutzkleidung/Augenschutz/Gesichtsschutz tragen. BEI BERÜHRUNG MIT DER HAUT: Mit viel Wasser waschen. BEI KONTAKT MIT DEN AUGEN: Einige Minuten lang behutsam mit Wasser spülen. Eventuell vorhandene Kontaktlinsen nach Möglichkeit entfernen. Weiter spülen. Sofort GIFTINFORMATIONSZENTRUM oder Arzt anrufen. ProduktbeschreibungArtikelnummer 7778383Inhaltsstoffe: 5-15%: anionische Tenside, nichtionische Tenside, Seife. Weitere Inhaltsstoffe: Duftstoffe, Konservierungsmittel (Benzisothiazolinone, Phenoxyethanol), Enzyme (Amylase, Subtilisin, Lipase, Cellulase, Mannanase). ArtikeldetailsMarke: Love NatureUrsprungsland: DeutschlandKontaktKontaktname: Love Nature GmbHKontaktadresse: Niederheider Straße 22. 40589 DüsseldorfMaximale Bestellmenge: 15 StückFür die vorstehenden Angaben wird keine Haftung übernommen. Bitte prüfen Sie im Einzelfall die Angaben auf der jeweiligen Produktverpackung, nur diese sind verbindlich.Das Produktdesign kann von der Abbildung abweichen.",Am Grünen Hag 2,Rewe,Haushalt,2023-07-09,"Gültig ab morgen bis Samstag, 15.07.2023"
Perwoll Renew Wolle & Feines Waschmittel,https://img.rewe-static.de/REWE28_2023/8867091/38485180-5_digital-image.png?impolicy=s-offers&imwidth=200&output-format=image/webp,,https://shop.rewe.de/p/perwoll-feinwaschmittel-fluessig-renew-wolle-1-47l-21wl/8867091,,"je 21-WL-Fl , (1 WL = 0.20)",Aktion,"4,29 €","Gefahren- / WarnhinweiseAchtungVerursacht schwere Augenreizung. Kann allergische Hautreaktionen verursachen.  Ist ärztlicher Rat erforderlich, Verpackung oder Kennzeichnungsetikett bereithalten. Darf nicht in die Hände von Kindern gelangen. Schutzhandschuhe/Schutzkleidung/Augenschutz/Gesichtsschutz tragen. BEI BERÜHRUNG MIT DER HAUT: Mit viel Wasser waschen. BEI KONTAKT MIT DEN AUGEN: Einige Minuten lang behutsam mit Wasser spülen. Eventuell vorhandene Kontaktlinsen nach Möglichkeit entfernen. Weiter spülen. Bei anhaltender Augenreizung: Ärztlichen Rat einholen/ärztliche Hilfe hinzuziehen. Inhalt/Behälter gemäß nationalen Vorschriften der Entsorgung zuführen.ProduktbeschreibungArtikelnummer 8867091ArtikeldetailsMarke: PerwollUrsprungsland: DeutschlandKontaktKontaktname: Henkel Wasch- und Reinigungsmittel GmbHKontaktadresse: D-40191 DüsseldorfMaximale Bestellmenge: 15 StückFür die vorstehenden Angaben wird keine Haftung übernommen. Bitte prüfen Sie im Einzelfall die Angaben auf der jeweiligen Produktverpackung, nur diese sind verbindlich.Das Produktdesign kann von der Abbildung abweichen.",Am Grünen Hag 2,Rewe,Haushalt,2023-07-09,"Gültig ab morgen bis Samstag, 15.07.2023"
Pril Geschirrspülmittel,https://img.rewe-static.de/REWE28_2023/7984180/32682384-2_digital-image.png?impolicy=s-offers&imwidth=200&output-format=image/webp,,https://shop.rewe.de/p/pril-spuelmittel-original-675ml/7984180,,"Original , je 675-ml-Fl , (1 l = 2.21)",Aktion,"1,49 €","Gefahren- / WarnhinweiseAchtungKann allergische Hautreaktionen verursachen. Verursacht schwere Augenreizung. Schädlich für Wasserorganismen, mit langfristiger Wirkung.Ist ärztlicher Rat erforderlich, Verpackung oder Kennzeichnungsetikett bereithalten. Darf nicht in die Hände von Kindern gelangen. BEI KONTAKT MIT DEN AUGEN: Einige Minuten lang behutsam mit Wasser spülen. Eventuell vorhandene Kontaktlinsen nach Möglichkeit entfernen. Weiter spülen. Bei anhaltender Augenreizung: Ärztlichen Rat einholen/ärztliche Hilfe hinzuziehen. Inhalt/Behälter gemäß nationalen Vorschriften der Entsorgung zuführen.ProduktbeschreibungArtikelnummer 7984180Inhaltsstoffe: 5-15%: anionische Tenside, <5%: nichtionische Tenside. Weitere Inhaltsstoffe: Konservierungsmittel (Methylisothiazolinone, Benzisothiazolinone), Duftstoffe (Limonene), Enzyme. ArtikeldetailsMarke: PrilUrsprungsland: DeutschlandKontaktKontaktname: Henkel Wasch- und Reinigungsmittel GmbHKontaktadresse: D-40191 DüsseldorfMaximale Bestellmenge: 15 StückFür die vorstehenden Angaben wird keine Haftung übernommen. Bitte prüfen Sie im Einzelfall die Angaben auf der jeweiligen Produktverpackung, nur diese sind verbindlich.Das Produktdesign kann von der Abbildung abweichen.",Am Grünen Hag 2,Rewe,Haushalt,2023-07-09,"Gültig ab morgen bis Samstag, 15.07.2023"
WC Frisch Kraft-Aktiv,https://img.rewe-static.de/REWE28_2023/8033644/30582431-9_digital-image.png?impolicy=s-offers&imwidth=200&output-format=image/webp,,https://shop.rewe.de/p/wc-frisch-kraft-aktiv-blau-ozeanfrische-50g/8033644,,"versch. Sorten , je 50-g-Pckg , (1 kg = 33.80)",Aktion,"1,69 €","Gefahren- / WarnhinweiseAchtungVerursacht schwere Augenreizung. Verursacht Hautreizungen. Enthält Cineol. Kann allergische Reaktionen hervorrufen. Ist ärztlicher Rat erforderlich, Verpackung oder Kennzeichnungsetikett bereithalten. Darf nicht in die Hände von Kindern gelangen. Schutzhandschuhe/Schutzkleidung/Augenschutz/Gesichtsschutz tragen. BEI BERÜHRUNG MIT DER MAUT: Mit viel Wasser waschen. BEI KONTAKT MIT DEN AUGEN: Einige Minuten lang behutsam mit Wasser spülen. Eventuell vorhandene Kontaktlinsen nach Möglichkeit entfernen. Weiter spülen. Bei anhaltender Augenreizung: Ärztlichen Rat einholen/ärztliche Hilfe hinzuziehen. Inhalt/Behälter gemäß nationalen Vorschriften der Entsorgung zuführen.ProduktbeschreibungArtikelnummer 8033644ArtikeldetailsMarke: WC FrischUrsprungsland: DeutschlandKontaktKontaktname: Henkel Wasch- und Reinigungsmittel GmbHKontaktadresse: D-40191 DüsseldorfMaximale Bestellmenge: 15 StückFür die vorstehenden Angaben wird keine Haftung übernommen. Bitte prüfen Sie im Einzelfall die Angaben auf der jeweiligen Produktverpackung, nur diese sind verbindlich.Das Produktdesign kann von der Abbildung abweichen.",Am Grünen Hag 2,Rewe,Haushalt,2023-07-09,"Gültig ab morgen bis Samstag, 15.07.2023"
Pril Geschirrspülmittel,https://img.rewe-static.de/REWE28_2023/8430871/30955216-20_digital-image.png?impolicy=s-offers&imwidth=200&output-format=image/webp,,https://shop.rewe.de/p/pril-spuelmittel-sensitive-aloe-vera-450ml/8430871,,"Sensitive Aloe Vera , je 450-ml-Fl , (1 l = 3.31)",Aktion,"1,49 €","Gefahren- / WarnhinweiseAchtungVerursacht schwere Augenreizung.Ist ärztlicher Rat erforderlich, Verpackung oder Kennzeichnungsetikett bereithalten. Darf nicht in die Hände von Kindern gelangen. BEI KONTAKT MIT DEN AUGEN: Einige Minuten lang behutsam mit Wasser spülen. Eventuell vorhandene Kontaktlinsen nach Möglichkeit entfernen. Weiter spülen. Bei anhaltender Augenreizung: Ärztlichen Rat einholen/ärztliche Hilfe hinzuziehenProduktbeschreibungArtikelnummer 8430871Inhaltsstoffe: 5-15%: anionische Tenside, <5%: amphotere Tenside. Weitere Inhaltsstoffe: Konservierungsmittel (Benzisothiazolinone, Phenoxyethanol), Duftstoffe. ArtikeldetailsMarke: PrilUrsprungsland: DeutschlandKontaktKontaktname: Henkel Wasch- und Reinigungsmittel GmbHKontaktadresse: D-40191 DüsseldorfMaximale Bestellmenge: 15 StückFür die vorstehenden Angaben wird keine Haftung übernommen. Bitte prüfen Sie im Einzelfall die Angaben auf der jeweiligen Produktverpackung, nur diese sind verbindlich.Das Produktdesign kann von der Abbildung abweichen.",Am Grünen Hag 2,Rewe,Haushalt,2023-07-09,"Gültig ab morgen bis Samstag, 15.07.2023"
Sil Fleckenspray,https://img.rewe-static.de/REWE28_2023/8522595/32524924-7_digital-image.png?impolicy=s-offers&imwidth=200&output-format=image/webp,,https://shop.rewe.de/p/sil-fleckenspray-1-fuer-alles-0-5l/8522595,,"je 500-ml-Fl , (1 l = 5.18)",Aktion,"2,59 €","Gefahren- / WarnhinweiseGefahrVerursacht schwere Augenschäden.Ist ärztlicher Rat erforderlich, Verpackung oder Kennzeichnungsetikett bereithalten. Darf nicht in die Hände von Kindern gelangen. Schutzhandschuhe/Schutzkleidung/Augenschutz/Gesichtsschutz tragen. Nur im Freien oder in gut belüfteten Räumen verwenden. Einatmen von Staub/Rauch/Gas/Nebel/Dampf/Aerosol vermeiden. BEI KONTAKT MIT DEN AUGEN: Einige Minuten lang behutsam mit Wasser spülen. Eventuell vorhandene Kontaktlinsen nach Möglichkeit entfernen. Weiter spülen. Sofort GIFTINFORMATIONSZENTRUM/Arzt anrufen. ProduktbeschreibungArtikelnummer 8522595Inhaltsstoffe: 5-15%: anionische Tenside, <5%: nichtionische Tenside.
Weitere Inhaltsstoffe: Duftstoffe. ArtikeldetailsMarke: SilUrsprungsland: DeutschlandKontaktKontaktname: Henkel Wasch- und Reinigungsmittel GmbHKontaktadresse: D-40191 DüsseldorfMaximale Bestellmenge: 15 StückFür die vorstehenden Angaben wird keine Haftung übernommen. Bitte prüfen Sie im Einzelfall die Angaben auf der jeweiligen Produktverpackung, nur diese sind verbindlich.Das Produktdesign kann von der Abbildung abweichen.",Am Grünen Hag 2,Rewe,Haushalt,2023-07-09,"Gültig ab morgen bis Samstag, 15.07.2023"
"Reinigungszubehör
            3",https://img.rewe-static.de/REWE28_2023/7716789/40276765-5_digital-image.png?impolicy=s-offers&imwidth=200&output-format=image/webp,,https://shop.rewe.de/productList?search=7716789,,"aus Bambus Bürste 1.99 Kehrgarnitur 3.99 , St./Set",Tiefpreis,"1,99 €",,Am Grünen Hag 2,Rewe,Haushalt,2023-07-09,"Gültig ab morgen bis Samstag, 15.07.2023"
Palmolive Flüssigseife,https://img.rewe-static.de/REWE28_2023/1227889/27384433-26_digital-image.png?impolicy=s-offers&imwidth=200&output-format=image/webp,,https://shop.rewe.de/p/palmolive-fluessigseife-hygiene-plus-sensitive-antibakteriell-300ml/1227889,,"versch. Sorten , je 300-ml-Spender , (1 l = 3.30)",Aktion,"0,99 €","ProduktbeschreibungArtikelnummer 1227889Palmolive Hygiene-Plus Sensitive Flüssigseife enthält Aloe-Vera-Extrakt und einen natürlichen, antibakteriellen Wirkstoff. Die milde Formel, auch für sensible Haut geeignet, reinigt Ihre Hände sanft und hygienisch. Hautverträglichkeit dermatologisch getestet. ArtikeldetailsMarke: PalmoliveUrsprungsland: FrankreichKontaktKontaktname: Colgate Palmolive GABA GmbHKontaktadresse: Beim Strohhause 17 Hamburg 20097Maximale Bestellmenge: 15 StückFür die vorstehenden Angaben wird keine Haftung übernommen. Bitte prüfen Sie im Einzelfall die Angaben auf der jeweiligen Produktverpackung, nur diese sind verbindlich.Das Produktdesign kann von der Abbildung abweichen.",Am Grünen Hag 2,Rewe,Drogerie,2023-07-09,"Gültig ab morgen bis Samstag, 15.07.2023"
Elvital Spülung,https://img.rewe-static.de/REWE28_2023/3233160/26208077-16_digital-image.png?impolicy=s-offers&imwidth=200&output-format=image/webp,,https://shop.rewe.de/p/l-or-al-paris-elvital-spuelung-color-glanz-250ml/3233160,,"Color , je 250-ml-Fl , (1 l = 11.96)",Aktion,"2,99 €","Gefahren- / WarnhinweiseBei Kontakt mit den Augen diese gründlich ausspülen.ProduktbeschreibungArtikelnummer 3233160Die Spülung ist die ideale Ergänzung zum Color-Glanz Shampoo von Elvital. Die Haarfarbe wird geschützt und ihr wird zu längerer Leuchtkraft verholfen. Für mehr Farbintensität und Farbtreue bis zu zehn Wochen.Inhaltsstoffe1217072 B - INGREDIENTS:  AQUA / WATER • CETEARYL ALCOHOL • BEHENTRIMONIUM CHLORIDE • CETYL ESTERS • COCOS NUCIFERA OIL / COCONUT OIL • SODIUM BENZOATE • PHENOXYETHANOL • PAEONIA OFFICINALIS FLOWER EXTRACT • ETHYLHEXYL SALICYLATE • TRIDECETH-6 • CHLORHEXIDINE DIGLUCONATE • BENZYL ALCOHOL • BENZYL SALICYLATE • LINALOOL • AMODIMETHICONE • ISOPROPYL ALCOHOL • ALPHA-ISOMETHYL IONONE • GERANIOL • CITRIC ACID • POTASSIUM HYDROXIDE • CITRONELLOL • CETRIMONIUM CHLORIDE • POTASSIUM SORBATE • HEXYL CINNAMAL • GLYCERIN • PARFUM / FRAGRANCE (F.I.L. C259456/1).HinweiseInformation: Bei Kontakt mit den Augen diese gründlich ausspülen.ArtikeldetailsMarke: L'Oréal ParisUrsprungsland: ElfenbeinküsteSorte: Color GlanzLaufzeit nach Öffnen: 12 MonateKontaktKontaktname: L'Oréal Deutschland GmbHKontaktadresse: TSA 75000 93684 ST OUEN CEDEX FRMaximale Bestellmenge: 15 StückFür die vorstehenden Angaben wird keine Haftung übernommen. Bitte prüfen Sie im Einzelfall die Angaben auf der jeweiligen Produktverpackung, nur diese sind verbindlich.Das Produktdesign kann von der Abbildung abweichen.",Am Grünen Hag 2,Rewe,Drogerie,2023-07-09,"Gültig ab morgen bis Samstag, 15.07.2023"
Elvital Shampoo,https://img.rewe-static.de/REWE28_2023/2789935/25113040-23_digital-image.png?impolicy=s-offers&imwidth=200&output-format=image/webp,,https://shop.rewe.de/p/l-or-al-paris-elvital-shampoo-color-glanz-300ml/2789935,,"Color , je 300-ml-Fl , (1 l = 9.97)",Aktion,"2,99 €","Gefahren- / WarnhinweiseBei Kontakt mit den Augen diese gründlich ausspülen.ProduktbeschreibungArtikelnummer 2789935L'Oréal Paris Elvital Color-Glanz Pflege-Shampoo pflegt coloriertes Haar und erhält die Leuchtkraft der Farbe. Coloriertes, getöntes oder gesträhntes  Haar ist besonders sensibel gegenüber äußeren Einflüssen. So führen z. B. regelmäßiges Haare-Waschen oder UV-Strahlen dazu, dass die Farbe verblasst, sich verändert und schnell an Leuchtkraft und Farbintensität verliert. Das L'Oreal Paris Elvital Color-Glanz Pflege-Shampoo schützt die Schönheit der Haarfarbe mit einer besonderen 3-fach-Wirkung: Intensiver Farbschutz
Schutz vor UV-bedingtem Ausbleichen
Verlängerte LeuchtkraftInhaltsstoffe1199588 C - INGREDIENTS:  AQUA / WATER • SODIUM LAURETH SULFATE • DIMETHICONE • COCO-BETAINE • SODIUM CHLORIDE • GLYCOL DISTEARATE • GUAR HYDROXYPROPYLTRIMONIUM CHLORIDE • COCAMIDE MIPA • COCOS NUCIFERA OIL / COCONUT OIL • SODIUM BENZOATE • SODIUM HYDROXIDE • PAEONIA OFFICINALIS FLOWER EXTRACT • ETHYLHEXYL SALICYLATE • SALICYLIC ACID • FUMARIC ACID • BENZYL ALCOHOL • BENZYL SALICYLATE • LINALOOL • ALPHA-ISOMETHYL IONONE • CARBOMER • GERANIOL • CITRIC ACID • CITRONELLOL • POTASSIUM SORBATE • HEXYLENE GLYCOL • HEXYL CINNAMAL • GLYCERIN • PARFUM / FRAGRANCE (F.I.L. C259250/1).HinweiseInformation: Bei Kontakt mit den Augen diese sofort gründlich ausspülen.ArtikeldetailsMarke: L'Oréal ParisUrsprungsland: GeorgienSorte: Color GlanzLaufzeit nach Öffnen: 12 MonateKontaktKontaktname: L'Oréal Deutschland GmbHKontaktadresse: TSA 75000 93684 ST OUEN CEDEX FRMaximale Bestellmenge: 15 StückFür die vorstehenden Angaben wird keine Haftung übernommen. Bitte prüfen Sie im Einzelfall die Angaben auf der jeweiligen Produktverpackung, nur diese sind verbindlich.Das Produktdesign kann von der Abbildung abweichen.",Am Grünen Hag 2,Rewe,Drogerie,2023-07-09,"Gültig ab morgen bis Samstag, 15.07.2023"
Axe Duschgel,https://img.rewe-static.de/REWE28_2023/9157379/27629412-14_digital-image.png?impolicy=s-offers&imwidth=200&output-format=image/webp,,https://shop.rewe.de/p/axe-duschgel-alaska-250ml/9157379,,"versch. Sorten , je 250-ml-Fl , (1 l = 8.76)",Aktion,"2,19 €","ProduktbeschreibungArtikelnummer 9157379• AXE Duschgel Alaska für Männer sorgt für eine intensive Pflege 
• Verbesserte Formulierung dank 12h Long-Lasting Fragrance für ein langanhaltendes Duft- und Frischegefühl auf der Haut 
• Ein würzig-maskuliner Duft nach Sandelholz und Amber, kombiniert mit fruchtigen Akkorden. 
• Duschgel mit Skin Active Technology: Pflanzenbasierte Präbiotika, die gute Hautbakterien fördern und geruchsbildende Hautbakterien reduzieren, sorgen für weniger Körpergeruch und mehr AXE-Duft 
• Das Duschgel ist pH-hautneutral, dermatologisch getestet und enthält 5x mehr Feuchtigkeitsspender – für die beste AXE-Pflege 
• Dieses Männerduschgel kombiniert Natürlichkeit mit einer sportlichen, selbstbewussten Note... mehr anzeigenEin großartiger Tag beginnt mit einer großartigen Dusche und es ist nicht egal, welches Duschgel Männer verwenden. Denn Duschgele gibt es viele. Aber nur das AXE Duschgel Alaska verbindet Natürlichkeit mit einer sportlichen, selbstbewussten Note. Das Bodywash verleiht einen würzig-maskulinen Duft nach Sandelholz und Amber, kombiniert mit fruchtigen Akkorden. Ein arktisch-kühler Duft aus Ölen von Grapefruit und Bergamotte mit den fruchtigen Noten von Melone und Ananas, der erfrischt und neue Energie gibt.

Doch nicht nur das: Das Duschgel von AXE enthält die neue Skin Active Technology: Das sind pflanzenbasierte Präbiotika, die gute Hautbakterien fördern und geruchsbildende Hautbakterien reduzieren. Die Folge: weniger Körpergeruch, mehr AXE-Duft. Außerdem enthält es 5x mehr Feuchtigkeitsspender – für die beste AXE-Pflege. Das Dusch Gel ist zudem ph-hautneutral und dermatologisch getestet. 

Anwendung: Die trockene Haut unter der Dusche befeuchten, die Bodywash in den Händen verteilen. Körper einschäumen. Gründlich abspülen. Sauber fühlen. Gut duften. Das AXE Duschgel mit dem 12h Long-Lasting Fragrance – für ein verbessertes Dufterlebnis unter der Dusche und ein langanhaltendes Duft- und Frischegefühl auf der Haut.

AXE steht für Nachhaltigkeit – die Inhaltsstoffe des Duschgels sind zu 87% natürlichen Ursprungs und die Flasche besteht aus 100% recyceltem Plastik (außer dem Deckel). 

Das AXE Duschgel Alaska passt perfekt zu allen Produkten aus der AXE Alaska Serie, lässt sich aber auch mit allen anderen AXE-Düften kombinieren, sodass man sich voll auf das konzentrieren kann, worauf man Lust hat. AXE Duschgel Alaska – mit dem sensationellen Duft, der dazu einlädt, das Leben in vollen Zügen zu genießen. 

AXE – The AXE EffectInhaltsstoffeAqua, Sodium Laureth Sulfate, Parfum, Citric Acid, Cocamide MEA, Glycerin, PPG-12, Sodium Benzoate, Sodium Chloride, Sodium Sulfate, Alpha-Isomethyl Ionone, Benzyl Salicylate, Citronellol, Coumarin, Hexyl Cinnamal, Limolene, Linalool, CI 42090.ArtikeldetailsMarke: AxeUrsprungsland: DeutschlandSorte: AlaskaLaufzeit nach Öffnen: 12 MonateKontaktKontaktname: Unilever RAKontaktadresse: 455, 3013 AL, NLMaximale Bestellmenge: 15 StückFür die vorstehenden Angaben wird keine Haftung übernommen. Bitte prüfen Sie im Einzelfall die Angaben auf der jeweiligen Produktverpackung, nur diese sind verbindlich.Das Produktdesign kann von der Abbildung abweichen.",Am Grünen Hag 2,Rewe,Drogerie,2023-07-09,"Gültig ab morgen bis Samstag, 15.07.2023"
Duschdas Duschgel,https://img.rewe-static.de/REWE28_2023/8911414/38937664-11_digital-image.png?impolicy=s-offers&imwidth=200&output-format=image/webp,,https://shop.rewe.de/p/duschdas-noire-3in1-225ml/8911414,,"versch. Sorten , je 225-ml-Fl , (1 l = 4.40)",Aktion,"0,99 €","ProduktbeschreibungArtikelnummer 8911414Mit Duschdas 3-in-1 Duschgel & Shampoo Noire mit Fresh-Energy-Duftformel aktiv und vital in einen erlebnisreichen Tag starten. Der anregend-würzige Duft vermittelt ein Gefühl purer Lebendigkeit und gibt einem die Energie, die man für einen vollgepackten Tag braucht. Die praktische Kombination aus Duschgel und Shampoo ist anwendbar für Körper, Gesicht und Haar und sorgt für erfrischende Momente im Alltag. Das Duschdas Duschgel & Shampoo kommt in der praktischen nachfüllbaren 225 ml Flasche, die aus 100% recyceltem Plastik** (rPET) besteht und wiederum vollständig recycelt werden kann. Sie ist standsicher, leicht zu öffnen und eignet sich für ein- oder mehrmaliges Nachfüllen. Durch das bewährte Kopfsteher-Format ist das 3-in-1 Duschbad in der Eco-Flasche sofort einsatzbereit und sorgt darüber hinaus für ein Duschdas Duscherlebnis bis zum letzten Tropfen. Das erfrischende Duschgel ist leicht dosierbar, lässt sich schnell auf dem Körper und Haar aufschäumen und leicht abspülen. Es hinterlässt ein frisches und sauberes Gefühl. Das Duschdas Duschgel & Shampoo ist pH-hautneutral und somit besonders sanft zur Haut. Es eignet sich für die tägliche Anwendung. Einfach die trockene Haut und das Haar unter der Dusche anfeuchten, das Duschgel auf Haut und Haar verteilen, einmassieren und abspülen. Vitalisiert, erfrischt oder belebt – so lässt das Duschgel Männer mit positiver Stimmung in den Tag starten.

Jetzt auch die weiteren Duschgele von Duschdas entdecken. Als erste Duschgelmarke Deutschlands liefert Duschdas zuverlässig gute Qualität, eine große Auswahl an inspirierenden Düften und langanhaltende Frische für alle. Und das mit einer gut biologisch abbaubaren Formel in einer nachhaltigen Verpackung. Schnörkellos, zeitlos, bodenständig, starke Ergebnisse im funktionalen Nutzen. Beim Thema Duschen denken die Leute an Duschdas. Duschdas hinterlässt ein erfrischendes Gefühl und wirkt körperlich und geistig revitalisierend. Hol Dir frische Energie – mit Duschdas. *Gemäß OECD-Methoden **Ohne Kappe und EtikettInhaltsstoffeIngredients: Aqua, Sodium Laureth Sulfate, Sodium Chloride, Cocamidopropyl Betaine, Parfum, Glycerin, Sodium Benzoate, Citric Acid, Sodium Lactate, Tetrasodium EDTA, Alpha-Isomethyl Ionone, Coumarin, Geraniol, Hexyl Cinnamal, Limonene, Linalool, CI 17200,CI 19140.ArtikeldetailsMarke: DuschdasUrsprungsland: DeutschlandLaufzeit nach Öffnen: 12 MonateKontaktKontaktname: Unilever RAKontaktadresse: 455, 3013 AL, NLMaximale Bestellmenge: 15 StückFür die vorstehenden Angaben wird keine Haftung übernommen. Bitte prüfen Sie im Einzelfall die Angaben auf der jeweiligen Produktverpackung, nur diese sind verbindlich.Das Produktdesign kann von der Abbildung abweichen.",Am Grünen Hag 2,Rewe,Drogerie,2023-07-09,"Gültig ab morgen bis Samstag, 15.07.2023"
Pampers Baby Dry Windeln Single Pack,https://img.rewe-static.de/REWE28_2023/8688573/35018085-9_digital-image.png?impolicy=s-offers&imwidth=200&output-format=image/webp,,https://shop.rewe.de/productList?search=8688573,,"Maxi Größe 4 , je 30-St.-Pckg",Aktion,"7,99 €",,Am Grünen Hag 2,Rewe,Drogerie,2023-07-09,"Gültig ab morgen bis Samstag, 15.07.2023"
Pampers Baby Dry Pants Single Pack,https://img.rewe-static.de/REWE28_2023/7839196/35199201-12_digital-image.png?impolicy=s-offers&imwidth=200&output-format=image/webp,,https://shop.rewe.de/productList?search=7839196,,"Größe 5 , je 24-St.-Pckg",Aktion,"7,99 €",,Am Grünen Hag 2,Rewe,Drogerie,2023-07-09,"Gültig ab morgen bis Samstag, 15.07.2023"
Gliss Kur Shampoo,https://img.rewe-static.de/REWE28_2023/7207275/27570160-11_digital-image.png?impolicy=s-offers&imwidth=200&output-format=image/webp,,https://shop.rewe.de/p/schwarzkopf-gliss-kur-shampoo-oil-nutritive-250ml/7207275,,"versch. Sorten , je 250-ml-Fl , (1 l = 9.96)",Aktion,"2,49 €","ProduktbeschreibungArtikelnummer 7207275HABEN SIE STROHIGE HAARE UND SPLISS? Tägliches Kämmen & Stylen strapaziert das Haar, wodurch die Haarspitzen strohig werden und Haarbruch entsteht. Damit die Haare gesund & geschmeidig bleiben, brauchen sie eine intensive Pflege. GLISS KUR OIL NUTRITIVE bietet:  TIEFENREPAIR OHNE ZU BESCHWEREN SINNLICHE GESCHMEIDIGKEIT UND GESUND GLÄNZENDES HAAR GLISS KUR Formeln mit KERATIN SERUM reparieren vorhandene Schäden und verstärken die Zellstruktur, um zukünftigen Schäden vorzubeugen. OIL NUTRITIVE Abgestimmt auf die Bedürfnisse von strohigem, splissanfälligem Haar, nährt die OIL NUTRITIVE Linie das Haar mit WERTVOLLEN BEAUTY-ÖLEN. Für ein optimales Pflege-Ergebnis, folgen Sie dem GLISS KUR REPARATUR-SYSTEM: SHAMPOO reinigt  SPÜLUNG entwirrt  KUREN pflegenInhaltsstoffeAqua,Sodium Laureth Sulfate, Cocamidopropyl Betaine, Sodium Chloride, Macadamia Ternifolia Seed Oil, Prunus Armeniaca Kernel Oil, Tocopheryl Acetate, Panthenol, Hydrolyzed Keratin, Cocamide MEA, Disodium Cocoamphodiacetate, Sodium Benzoate, Citric Acid, PEG-7 Glyceryl Cocoate, Polyquaternium-10, Parfum, PEG-40 Hydrogenated Castor Oil, PEG-120 Methyl Glucose Dioleate, Propylene Glycol, Butylphenyl Methylpropional, Linalool, CI 19140, CI 15985, CI 47005ArtikeldetailsMarke: Gliss KurUrsprungsland: DeutschlandLaufzeit nach Öffnen: 12 MonateKontaktKontaktname: Schwarzkopf & Henkel GmbHKontaktadresse: D-40191 DüsseldorfMaximale Bestellmenge: 15 StückFür die vorstehenden Angaben wird keine Haftung übernommen. Bitte prüfen Sie im Einzelfall die Angaben auf der jeweiligen Produktverpackung, nur diese sind verbindlich.Das Produktdesign kann von der Abbildung abweichen.",Am Grünen Hag 2,Rewe,Drogerie,2023-07-09,"Gültig ab morgen bis Samstag, 15.07.2023"
Blend-a-Med Zahncreme,https://img.rewe-static.de/REWE28_2023/3075942/38993170-2_digital-image.png?impolicy=s-offers&imwidth=200&output-format=image/webp,,https://shop.rewe.de/p/blend-a-med-zahnpasta-classic-75ml/3075942,,"Classic oder Frisch , je 75-ml-Tube , (1 l = 11.87)",Aktion,"0,89 €","ProduktbeschreibungArtikelnummer 3075942Die blend-a-med Classic Zahncreme enthält Aktiv-Fluorid für saubere, gesunde und starke Zähne. Mit dem klassischen Menthol-Geschmack von blend-a-med. Blend-a-med Rundumschutz Classic Zahnpasta bietet 24 Stunden Schutz, bei zweimal täglich putzen. Mit dem klassischem Menthol-Geschmack von blend-a-med.InhaltsstoffeIngredients: Aqua, Hydrated Silica, Sorbitol, Sodium Lauryl Sulfate, Cellulose Gum, Aroma, Trisodium Phosphate, Sodium Fluoride, Carbomer, Cl 77891, Sodium Saccharin, Limonene, Sodium Hydroxide, Eugenol, Polysorbate 80HinweiseInformation: Für Kinder bis 6 Jahre: Nur erbsengroße Menge Zahnpasta benutzen. Zur Vermeidung übermäßigen Verschluckens Zähneputzen nur unter Aufsicht. Bei zusätzlicher Aufnahme von Fluorid den Zahnarzt oder Arzt befragen. Enthält Natriumfluorid (1450 ppm Fluorid).ArtikeldetailsMarke: Blend-a-medUrsprungsland: DeutschlandKontaktKontaktname: Procter & GambleKontaktadresse: 65823 Schwalbach/Ts., GermanyMaximale Bestellmenge: 15 StückFür die vorstehenden Angaben wird keine Haftung übernommen. Bitte prüfen Sie im Einzelfall die Angaben auf der jeweiligen Produktverpackung, nur diese sind verbindlich.Das Produktdesign kann von der Abbildung abweichen.",Am Grünen Hag 2,Rewe,Drogerie,2023-07-09,"Gültig ab morgen bis Samstag, 15.07.2023"
Colgate Total Zahncreme,https://img.rewe-static.de/REWE28_2023/2226666/34953247-8_digital-image.png?impolicy=s-offers&imwidth=200&output-format=image/webp,,https://shop.rewe.de/p/colgate-zahnpasta-total-original-75ml/2226666,,"je 75-ml-Tuben-Pckg , (1 l = 30.53)",Aktion,"2,29 €","ProduktbeschreibungArtikelnummer 2226666Colgate Total Zahnapasta enthält eine fortschrittliche Technologie, die Ihren gesamten Mund proaktiv schützt und einen hervorragenden Schutz gegen Plaque, Empfindlichkeit, Verfärbungen, Zahnstein und Karies bietet. Sie macht Bakterien ausfindig und bekämpft sie, um den Zahnschmelz zu schützen, neutralisiert sofort Gerüche, die Mundgeruch verursachen, und enthält verbesserte Aromen, die in Ihrem Mund für ein Gefühl der Sauberkeit und Frische sorgen. Diese Zahnpasta trägt überdies dazu bei, Zahnfleischerkrankungen und Zahnschmelzabbau vorzubeugen. Um einen gesunden Mund zu haben, reicht es nicht aus, sich nur um die Zähne zu kümmern. Deshalb bekämpft die Zahnpasta Colgate Total Original Bakterien nicht nur auf Ihren Zähnen, sondern auch auf der Zunge, den Wangeninnenseiten und dem Zahnfleisch proaktiv bis zu 12 Stunden lang,* um die Gesundheit des ganzen Mundes zu gewährleisten.** 
 *nach 4 Wochen regelmäßiger Anwendung 
 **Schutz für Ihren ganzen Mund, d. h. Zähne, Zunge, Wangeninnenseiten und Zahnfleisch... mehr anzeigenInhaltsstoffeAqua, Glycerin, Hydrated Silica, PVM/MA Copolymer, Sodium Lauryl Sulfate, Cellulose Gum, Aroma, Sodium Hydroxide, Carrageenan, Sodium Fluoride, Triclosan, Sodium Saccharin, Limonene, Cl 77891ArtikeldetailsMarke: ColgateUrsprungsland: DeutschlandLaufzeit nach Öffnen: 12 MonatePackungsgröße: 75mlMaximale Bestellmenge: 15 StückFür die vorstehenden Angaben wird keine Haftung übernommen. Bitte prüfen Sie im Einzelfall die Angaben auf der jeweiligen Produktverpackung, nur diese sind verbindlich.Das Produktdesign kann von der Abbildung abweichen.",Am Grünen Hag 2,Rewe,Drogerie,2023-07-09,"Gültig ab morgen bis Samstag, 15.07.2023"
Vitakraft Poésie Katzennahrung,https://img.rewe-static.de/REWE28_2023/2751452/24817125-19_digital-image.png?impolicy=s-offers&imwidth=200&output-format=image/webp,,https://shop.rewe.de/p/vitakraft-poesie-pute-in-kaesesauce-85g/2751452,,"versch. Sorten , je 85-g-Schale/Btl , (1 kg = 4.59)",Aktion,"0,39 €","ProduktbeschreibungArtikelnummer 2751452Köstlich fleischige Häppchen, raffiniert kombiniert mit einer feinen Käsesauce – dieses leckere Menü in der Herzschale ist jeden Tag aufs Neue ein Gedicht für Ihre Katze!Jede Schale Poésie® Création enthält unwiderstehlichen Geschmack, beste Zutaten und eine ausgewogene Portion Liebe, also genau das, was sich Ihr Tiger wünscht. Dabei ist das schmackhafte Menü selbstverständlich ideal auf die ernährungsphysiologischen Bedürfnisse von Katzen abgestimmt und überzeugt durch höchste Qualität. Und die kann man dank der schonenden Zubereitung sogar sehen. Vitakraft. Aus Liebe.ZusammensetzungZusammensetzung: Fleisch u. tierische Nebenerzeugnisse 55% (Rind, Schwein und Geflügel, 5% Pute);Getreide (Weizen);Mineralstoffe;Milch und Molkereierzeugnisse (2% Käse);InulinAnalytische Bestandteile: 83,0 % Feuchtigkeit;9,5 % Protein;5,0 % Fettgehalt0,3 % Rohfaser;2,0 % RohascheZusatzstoffe pro kg: 250 i.E. E671 Vitamin D3;15 mg E1 Eisen;1,0 mg E4 Kupfer;1,0 mg E5 Mangan;18,0 mg 3b605, Zink;445 mg TaurinFütterungsempfehlungEine Katze mit einem Gewicht von 4 kg benötigt ca. 2-3 Schalen pro Tag, abhängig von Aktivität, Alter und Rasse des Tieres. Dazu frisches Trinkwasser reichen.HinweiseAufbewahrungs- und Verwendungshinweis: Kühl und trocken lagern.ArtikeldetailsMarkeVitakraftUrsprungslandDeutschlandGeschmacksrichtungPute in KäsesauceTierartKatzeAltersstufe des HaustieresAdultFutterartAlleinfutterKontaktKontakt: 0421 48960Zulassungsnummer: DE BW 200010Kontaktname: Vitakraft pet care GmbH & Co. KGKontaktadresse: D-28295 Bremen.Maximale Bestellmenge: 15 StückFür die vorstehenden Angaben wird keine Haftung übernommen. Bitte prüfen Sie im Einzelfall die Angaben auf der jeweiligen Produktverpackung, nur diese sind verbindlich.Das Produktdesign kann von der Abbildung abweichen.",Am Grünen Hag 2,Rewe,Tier,2023-07-09,"Gültig ab morgen bis Samstag, 15.07.2023"
Catsan Hygiene Plus,https://img.rewe-static.de/REWE28_2023/8009189/31263213-5_digital-image.png?impolicy=s-offers&imwidth=200&output-format=image/webp,,https://shop.rewe.de/p/catsan-hygiene-plus-katzenstreu-9l/8009189,,"je 9-l-Btl , (1 l = 0.55)",Aktion,"4,99 €","ProduktbeschreibungArtikelnummer 8009189CATSAN™ Hygiene Plus ist eine hochwirksame, nicht-klumpende Katzenstreu, die Flüssigkeit schnell und effektiv aufsaugt, bevor Geruch entsteht. Wie ein Schwamm nimmt die Hygienestreu Flüssigkeit auf und schließt sie sicher ein. So bleibt die Katzentoilette für Ihre Katze spürbar trocken und hygienisch. Der Extra-Mineralschutz von CATSAN™ Hygiene bindet Gerüche besonders lang und zuverlässig. Katzen wissen die geruchsbindende Katsenstreu zu schätzen - und ihre Eigentümer auch. 
CATSAN™ Hygienestreu besteht zu 100 % aus natürlichen Rohstoffen (Quarzsand und Kalk). So entsteht die hygienisch weiße Farbe von CATSAN™ Hygienestreu, ohne auf gefährliche Stoffe wie Bleichmittel zurückgreifen zu müssen. CATSAN™ ist frei von gefährlichen Fasern oder anderen unverträglichen Bestandteilen. 
Auch für Kätzchen geeignet.HinweiseAufbewahrungs- und Verwendungshinweis: Bitte trocken lagern.ArtikeldetailsMarke: CatsanUrsprungsland: DeutschlandKontaktKontaktname: Mars GmbHKontaktadresse: Postfach 1280, 27281 Verden (Aller)Maximale Bestellmenge: 15 StückFür die vorstehenden Angaben wird keine Haftung übernommen. Bitte prüfen Sie im Einzelfall die Angaben auf der jeweiligen Produktverpackung, nur diese sind verbindlich.Das Produktdesign kann von der Abbildung abweichen.",Am Grünen Hag 2,Rewe,Tier,2023-07-09,"Gültig ab morgen bis Samstag, 15.07.2023"
"Maui Sports Phylon Clogs
            3",https://img.rewe-static.de/REWE28_2023/7718674/40276955-6_digital-image.png?impolicy=s-offers&imwidth=200&output-format=image/webp,,https://shop.rewe.de/productList?search=7718674,,"für Damen oder Herren Größen: 38/39, 40/41, 42/43, 44/45 , je Paar",Aktion,"11,99 €",,Am Grünen Hag 2,Rewe,Freizeit & Mode,2023-07-09,"Gültig ab morgen bis Samstag, 15.07.2023"
"Edelweiss
            1",https://img.rewe-static.de/REWE28_2023/8905443/39778752-4_digital-image.png?impolicy=s-offers&imwidth=200&output-format=image/webp,,https://shop.rewe.de/productList?search=8905443,,"Sorte »Vroni«, mit silberweißen Blüten , je Topf",Aktion,"2,29 €",,Am Grünen Hag 2,Rewe,Freizeit & Mode,2023-07-09,"Gültig ab morgen bis Samstag, 15.07.2023"
"Lavendel
            1",https://img.rewe-static.de/REWE28_2023/7937802/32803965-11_digital-image.png?impolicy=s-offers&imwidth=200&output-format=image/webp,,https://shop.rewe.de/productList?search=7937802,,"herrlich duftend, in dekorativem Balkonkasten , je Topf",Aktion,"4,44 €",,Am Grünen Hag 2,Rewe,Freizeit & Mode,2023-07-09,"Gültig ab morgen bis Samstag, 15.07.2023"
"Grillbriketts »Grillis« oder Grillholzkohle »Der Sommerhit«
            3",https://img.rewe-static.de/REWE28_2023/1498474/20984916-13_digital-image.png?impolicy=s-offers&imwidth=200&output-format=image/webp,,https://shop.rewe.de/p/profagus-grill-holzkohlebriketts-grillis-3-3kg/1498474,,"je 3,3-kg-Btl , (1 kg = 2.42)",Aktion,"7,99 €","ProduktbeschreibungArtikelnummer 1498474Diese Artikel sind nicht ständig im Sortiment. Verkauf nur solange der Vorrat reicht. Abgabe nur in handelsüblichen Mengen. Aktionspreise sind zeitlich begrenzt. ArtikeldetailsMarke: proFagusKontaktKontaktname: proFagus GmbHKontaktadresse: Uslarer Straße 30 37194 BodenfeldeMaximale Bestellmenge: 2 StückFür die vorstehenden Angaben wird keine Haftung übernommen. Bitte prüfen Sie im Einzelfall die Angaben auf der jeweiligen Produktverpackung, nur diese sind verbindlich.Das Produktdesign kann von der Abbildung abweichen.",Am Grünen Hag 2,Rewe,Freizeit & Mode,2023-07-09,"Gültig ab morgen bis Samstag, 15.07.2023"
"Portulakröschen oder Zauberglöckchen
            1",https://img.rewe-static.de/REWE28_2023/1832840/2541080-5_digital-image.png?impolicy=s-offers&imwidth=200&output-format=image/webp,,https://shop.rewe.de/productList?search=1832840,,"versch. Farben , je Topf",Aktion,"1,99 €",,Am Grünen Hag 2,Rewe,Freizeit & Mode,2023-07-09,"Gültig ab morgen bis Samstag, 15.07.2023"
"Enzian
            1",https://img.rewe-static.de/REWE28_2023/1729713/25244190-6_digital-image.png?impolicy=s-offers&imwidth=200&output-format=image/webp,,https://shop.rewe.de/productList?search=1729713,,"blühfreudige Sommerpflanze, mit leuchtend blauer Blüte , je Topf",Aktion,"2,99 €",,Am Grünen Hag 2,Rewe,Freizeit & Mode,2023-07-09,"Gültig ab morgen bis Samstag, 15.07.2023"
Barilla Pasta,https://img.rewe-static.de/REWE28_2023/6653839/20768970-25_digital-image.png?impolicy=s-offers&imwidth=200&output-format=image/webp,,https://shop.rewe.de/productList?search=1729713,,"versch. Ausformungen , je 500-g-Pckg , (1 kg = 1.90)",Knaller,"0,95 €","b'ProduktbeschreibungArtikelnummer 6653839Fusilli erschienen in ihrer heutigen Form zuerst in S\xc3\xbcditalien und sind urspr\xc3\xbcnglich der Idee entsprungen, Spaghetti auf einer Stricknadel aufzuwickeln. Erst sp\xc3\xa4ter, bedingt durch die unterschiedlichen geschmacklichen Gewohnheiten in den verschiedenen italienischen Regionen, entstanden Fusilli als eigenst\xc3\xa4ndige Sorte. Im Rahmen des Sortiments von Barilla - Italiens beliebtester Pasta - wurde die Pastasorte Fusilli neu interpretiert und erhielt ihre charakteristische Spiralform, die f\xc3\xbcr die Tradition von Mittel- und Norditalien typisch ist.... mehr anzeigenZutaten & AllergeneZutaten: HARTWEIZENGRIESS, Wasser. Kann Spuren von Sojabohnen enthalten.Allergenhinweise: Enth\xc3\xa4lt: Weizen und Weizenerzeugnisse (glutenhaltiges Getreide). Glutenhaltiges Getreide und glutenhaltige Getreideerzeugnisse. Kann enthalten: Soja und Sojaerzeugnisse.N\xc3\xa4hrwerteDurchschnittliche N\xc3\xa4hrwerteUnzubereitet pro 100 gEnergie1.521 kJEnergie359 kcalFett2 gFett, davon ges\xc3\xa4ttigte Fetts\xc3\xa4uren0,5 gKohlenhydrate71,2 gKohlenhydrate, davon Zucker3,5 gBallaststoffe3 gEiwei\xc3\x9f12,5 gSalz0,013 gHinweiseAufbewahrungs- und Verwendungshinweis: Trocken und vor W\xc3\xa4rme gesch\xc3\xbctzt lagern.ArtikeldetailsMarke: BarillaUrsprungsland: ItalienKontaktKontaktname: Barilla G. e R. Fratelli - Societ\xc3\xa0 per AzioniKontaktadresse: Via Mantova 166, Parma - ItalyF\xc3\xbcr die vorstehenden Angaben wird keine Haftung \xc3\xbcbernommen. Bitte pr\xc3\xbcfen Sie im Einzelfall die Angaben auf der jeweiligen Produktverpackung, nur diese sind verbindlich.Das Produktdesign kann von der Abbildung abweichen.'",Berliner Str. 41-49,Rewe,Topangebote,2023-07-09,"Gültig ab morgen bis Samstag, 15.07.2023"
Ehrmann Almighurt,https://img.rewe-static.de/REWE28_2023/7659300/9176090-16_digital-image.png?impolicy=s-offers&imwidth=200&output-format=image/webp,,https://shop.rewe.de/productList?search=1729713,,"versch. Sorten , je 150-g-Becher , (1 kg = 2.20)",Knaller,"0,33 €","b'ProduktbeschreibungArtikelnummer 7659300Erlesene Fruchtzubereitung aus Deutschland.Gute Allg\xc3\xa4uer Milch von Familienh\xc3\xb6fen.Zutaten & AllergeneZutaten: JOGHURT mild, Zucker, Heidelbeeren 6,8%, modifizierte St\xc3\xa4rke, f\xc3\xa4rbendes Pflanzenkonzentrat (Karotte), Verdickungsmittel (Pektine, Guarkernmehl), Aroma. Ohne Konservierungsstoffe.Allergenhinweise: Enth\xc3\xa4lt: JoghurtEnth\xc3\xa4lt: Milch und Milcherzeugnisse (einschlie\xc3\x9flich Lactose). Milchzucker (Laktose).N\xc3\xa4hrwerteDurchschnittliche N\xc3\xa4hrwerteUnzubereitet pro 100 gEnergie389 kJEnergie92 kcalFett2,7 gFett, davon ges\xc3\xa4ttigte Fetts\xc3\xa4uren1,8 gKohlenhydrate14 gKohlenhydrate, davon Zucker13 gEiwei\xc3\x9f3 gSalz0,1 gHinweiseAufbewahrungs- und Verwendungshinweis: Bei max. +8 \xc2\xb0C mindestens haltbar bis: siehe DeckelArtikeldetailsMarke: EhrmannUrsprungsland: DeutschlandSorte: HeidelbeereKontaktKontaktname: Ehrmann GmbHKontaktadresse: A.-Ehrmann-Stra\xc3\x9fe 2, 87770 Obersch\xc3\xb6neggMaximale Bestellmenge: 15 St\xc3\xbcckF\xc3\xbcr die vorstehenden Angaben wird keine Haftung \xc3\xbcbernommen. Bitte pr\xc3\xbcfen Sie im Einzelfall die Angaben auf der jeweiligen Produktverpackung, nur diese sind verbindlich.Das Produktdesign kann von der Abbildung abweichen.'",Berliner Str. 41-49,Rewe,Topangebote,2023-07-09,"Gültig ab morgen bis Samstag, 15.07.2023"
Lavazza Caffè Crema Classico oder Crema e Aroma,https://img.rewe-static.de/REWE28_2023/0293182/30798874-10_digital-image.png?impolicy=s-offers&imwidth=200&output-format=image/webp,,https://shop.rewe.de/productList?search=1729713,,"ganze Bohnen , je 1000-g-Btl",Knaller,"9,99 €","b'ProduktbeschreibungArtikelnummer 293182Eine sehr vielseitige Mischung aus Arabica und Robusta Bohnen. HinweiseAufbewahrungs- und Verwendungshinweis: trocken lagern.ArtikeldetailsMarke: LavazzaUrsprungsland: ItalienKontaktKontaktname: LUIGI LAVAZZA S.p.A.Kontaktadresse: C. SO NOVARA, 59- 10154 TORINO - ITALIAMaximale Bestellmenge: 15 St\xc3\xbcckF\xc3\xbcr die vorstehenden Angaben wird keine Haftung \xc3\xbcbernommen. Bitte pr\xc3\xbcfen Sie im Einzelfall die Angaben auf der jeweiligen Produktverpackung, nur diese sind verbindlich.Das Produktdesign kann von der Abbildung abweichen.'",Berliner Str. 41-49,Rewe,Topangebote,2023-07-09,"Gültig ab morgen bis Samstag, 15.07.2023"
Campofrio Serrano-Schinken,https://img.rewe-static.de/REWE28_2023/0515409/31641266-6_digital-image.png?impolicy=s-offers&imwidth=200&output-format=image/webp,,https://shop.rewe.de/productList?search=1729713,,je 100 g,Aktion,"2,19 €","b'ProduktbeschreibungArtikelnummer 515409Frisch f\xc3\xbcr dich aus unserer Servicetheke. \n \nZutaten: Schweinefleisch, Salz, Konservierungsstoff: Kaliumnitrat, Natriumnitrit. \n \nN\xc3\xa4hrwerte je 100g: \nEnergie: 889kJ \nEnergie: 2120kcal \nFett: 10g \nFett, davon ges\xc3\xa4ttigte Fetts\xc3\xa4uren: 3,8g \nKohlenhydrate: 0,5g \nKohlenhydrate, davon Zucker: 0,5g \nEiwei\xc3\x9f: 30g \nSalz: 5g Zutaten & AllergeneAllergenhinweise: nullN\xc3\xa4hrwerteDurchschnittliche N\xc3\xa4hrwerteUnzubereitet pro 100 gEnergie889 kJEnergie212 kcalFett10 gFett, davon ges\xc3\xa4ttigte Fetts\xc3\xa4uren3,8 gKohlenhydrate0,5 gKohlenhydrate, davon Zucker0,5 gEiwei\xc3\x9f30 gSalz5 gArtikeldetailsMarke: CampofrioMaximale Bestellmenge: 15 St\xc3\xbcckF\xc3\xbcr die vorstehenden Angaben wird keine Haftung \xc3\xbcbernommen. Bitte pr\xc3\xbcfen Sie im Einzelfall die Angaben auf der jeweiligen Produktverpackung, nur diese sind verbindlich.Das Produktdesign kann von der Abbildung abweichen.'",Berliner Str. 41-49,Rewe,Topangebote,2023-07-09,"Gültig ab morgen bis Samstag, 15.07.2023"
Eisbergsalat,https://img.rewe-static.de/REWE28_2023/1366237/36750087-3_digital-image.png?impolicy=s-offers&imwidth=200&output-format=image/webp,,https://shop.rewe.de/productList?search=1729713,,"Kl. I , je St",Aktion,"0,75 €",nan,Berliner Str. 41-49,Rewe,Topangebote,2023-07-09,"Gültig ab morgen bis Samstag, 15.07.2023"
Iglo Gemüse-Ideen Italienisch,https://img.rewe-static.de/REWE28_2023/0529482/2971930-72_digital-image.png?impolicy=s-offers&imwidth=200&output-format=image/webp,,https://shop.rewe.de/productList?search=1729713,,"tiefgefroren , je 480-g-Pckg , (1 kg = 4.63)",Aktion,"2,22 €","b'ProduktbeschreibungArtikelnummer 529482Die iglo Gem\xc3\xbcse-Idee Italienisch ist eine knackige Gem\xc3\xbcsemischung, verfeinert mit mediterranen Kr\xc3\xa4utern. Das Gem\xc3\xbcse wird erntefrisch tiefgefroren, damit die vielen wichtigen Vitamine erhalten bleiben. Denn eine zubereitete Portion des italienischen Pfannengem\xc3\xbcses deckt \xc3\xbcber 50% des t\xc3\xa4glichen Vitamin A-Bedarfs. Die Gem\xc3\xbcse-Idee Italienisch l\xc3\xa4sst sich einfach und schnell in der Mikrowelle oder in der Pfanne zubereiten. Au\xc3\x9ferdem enth\xc3\xa4lt das Produkt keine Geschmacksverst\xc3\xa4rker und Farbstoff- und Aromazus\xc3\xa4tze.\n- Verfeinert mit mediterranen Kr\xc3\xa4utern\n- Ohne Zusatz von k\xc3\xbcnstlichen Aromen, Farbstoffen und Geschmacksverst\xc3\xa4rkern\n- Schnelle und einfache Zubereitung\n- Vegan\n- Tiefgefroren... mehr anzeigenZutaten & AllergeneZutaten: Gem\xc3\xbcsemischung (93%) (Brechbohnen, Paprika, Karotten, Zucchini, Zwiebel Brokkoli;in ver\xc3\xa4nderlichen Gewichtsanteilen), pflanzliche Fette und \xc3\x96le (Palmfett***,Kokosnuss\xc3\xb6l,Palmkern\xc3\xb6l***),Kr\xc3\xa4utermischung(roteZwiebel, Petersilie,Basilikum,Knoblauch,Thymian,Oregano),Gem\xc3\xbcsebr\xc3\xbche (Dextrose,Salz,Karotten,Zwiebeln,Lauch,Schalotten,Tomaten,Paprika), Wasser,Zucker,Salz,Gew\xc3\xbcrze.  Dieses Produkt enth\xc3\xa4lt zertifiziertes nachhaltiges Palmfett/ Palmkern\xc3\xb6l.N\xc3\xa4hrwerteDurchschnittliche N\xc3\xa4hrwerteUnzubereitet pro 100 gEnergie233 kJEnergie56 kcalFett2,7 gFett, davon ges\xc3\xa4ttigte Fetts\xc3\xa4uren1,8 gKohlenhydrate4,9 gKohlenhydrate, davon Zucker4,3 gBallaststoffe2,4 gEiwei\xc3\x9f1,8 gSalz0,85 gHinweiseAufbewahrungs- und Verwendungshinweis: Aufbewahrung zu Hause: *** - Fach oder Tiefk\xc3\xbchltruhe (bei minus 18\xc2\xb0 C) mindestens haltbar bis Ende: siehe links, Aufbewahrung zu Hause: ** - Fach 2 Wochen, Aufbewahrung zu Hause: * - Fach 1-3 Tage Information: Nach dem Auftauen nicht wieder einfrieren. Vor Verzehr durcherhitzen.ArtikeldetailsMarke: IgloEigenschaften: Vegan, LaktosefreiUrsprungsland: DeutschlandSorte: ItalienischKontaktKontaktname: iglo GmbHKontaktadresse: Postfach 570 521, 22774 HamburgMaximale Bestellmenge: 15 St\xc3\xbcckF\xc3\xbcr die vorstehenden Angaben wird keine Haftung \xc3\xbcbernommen. Bitte pr\xc3\xbcfen Sie im Einzelfall die Angaben auf der jeweiligen Produktverpackung, nur diese sind verbindlich.Das Produktdesign kann von der Abbildung abweichen.'",Berliner Str. 41-49,Rewe,Dein Markt für italienischen Genuss,2023-07-09,"Gültig ab morgen bis Samstag, 15.07.2023"
REWE Beste Wahl Thymian,https://img.rewe-static.de/REWE28_2023/8414795/31134576-11_digital-image.png?impolicy=s-offers&imwidth=200&output-format=image/webp,,https://shop.rewe.de/productList?search=1729713,,"gerebelt , je 16-g-Glas , (1 kg = 86.88)",Aktion,"1,39 €","b""ProduktbeschreibungArtikelnummer 8414795Zutaten & AllergeneZutaten:  Kann Spuren von Gluten, Senf und Sellerie enthalten.HinweiseAufbewahrungshinweise: Trocken und k\xc3\xbchl lagern. Vor Licht sch\xc3\xbctzen.Verwendungshinweise: Trocken lagern. Vor W\xc3\xa4rme sch\xc3\xbctzen.ArtikeldetailsMarke: REWE Beste WahlUrsprungsland: BelgienKontaktKontaktname: ISFI SPICES S.A.Kontaktadresse: 20, avenue de l'industrie, 1420 Braine- l`Alleud, BelgienMaximale Bestellmenge: 15 St\xc3\xbcckF\xc3\xbcr die vorstehenden Angaben wird keine Haftung \xc3\xbcbernommen. Bitte pr\xc3\xbcfen Sie im Einzelfall die Angaben auf der jeweiligen Produktverpackung, nur diese sind verbindlich.Das Produktdesign kann von der Abbildung abweichen.""",Berliner Str. 41-49,Rewe,Dein Markt für italienischen Genuss,2023-07-09,"Gültig ab morgen bis Samstag, 15.07.2023"
Zitronen,https://img.rewe-static.de/REWE28_2023/8131318/8722460-33_digital-image.png?impolicy=s-offers&imwidth=200&output-format=image/webp,,https://shop.rewe.de/productList?search=1729713,,"Sorte: siehe Etikett, Kl. I , je 500-g-Netz , (1 kg = 2.58)",Aktion,"1,29 €",nan,Berliner Str. 41-49,Rewe,Dein Markt für italienischen Genuss,2023-07-09,"Gültig ab morgen bis Samstag, 15.07.2023"
Mövenpick Salted Caramel,https://img.rewe-static.de/REWE28_2023/7713567/38472507-14_digital-image.png?impolicy=s-offers&imwidth=200&output-format=image/webp,,https://shop.rewe.de/productList?search=1729713,,"je 800-ml-Becher , (1 l = 2.49)",Aktion,"1,99 €","b'ProduktbeschreibungArtikelnummer 7713567Eis mit Vanillegeschmack, mit gesalzener Karamellsauce, Karamellst\xc3\xbcckchen und kakaobutterhaltigen Konfektst\xc3\xbcckchen mit KaramellgeschmackZutaten & AllergeneZutaten: Entrahmte MILCH, MOLKENERZEUGNIS, Glukosesirup, Zucker,pflanzliche Fette (Kokos, Shea), gezuckerte KONDENSMILCH (eingedickte VOLLMILCH, Zucker, MILCHZUCKER), gezuckerte KONDENSMAGERMILCH (eingedickte entrahmte MILCH, Zucker), Emulgatoren (Mono- und Diglyceride von Speisefetts\xc3\xa4uren, Lecithine), Verdickungsmittel (Johannisbrotkernmehl, Guarkernmehl), Kakaobutter*, Salz, VOLLMILCHPULVER, BUTTERFETT, Feuchthaltemittel (Glycerin), f\xc3\xa4rbende Frucht- und Gem\xc3\xbcsekonzentrate (schwarze Johannisbeere, Apfel, Zitrone, Karotte, Rettich), f\xc3\xa4rbendes Saflorkonzentrat, nat\xc3\xbcrliche Vanillearomen, Kakaomasse*, MILCHZUCKER, nat\xc3\xbcrliche Aromen. *Rainforest Alliance-zertifiziert. Mehr Informationen unter ra.org.KANN SCHALENFR\xc3\x9cCHTE, GLUTENHALTIGE GETREIDE, SOJA UND EIER ENTHALTEN. Wichtig: Kleinkinder (unter 4 Jahren) verf\xc3\xbcgen\xc3\xbcber eine verminderte Kauf\xc3\xa4higkeit und k\xc3\xb6nnten sich an kleinen St\xc3\xbcckchen verschlucken.Allergenhinweise: MILCH, MOLKENERZEUGNIS, KONDENSMILCH, VOLLMILCH, MILCHZUCKER, KONDENSMAGERMILCH, VOLLMILCHPULVER, BUTTERFETT.Enth\xc3\xa4lt: Milch und Milcherzeugnisse (einschlie\xc3\x9flich Lactose). Kann enthalten: Glutenhaltiges Getreide und glutenhaltige Getreideerzeugnisse. Eier und Eierzeugnisse. N\xc3\xbcsse und Nusserzeugnisse. Soja und Sojaerzeugnisse.N\xc3\xa4hrwerteDurchschnittliche N\xc3\xa4hrwerteUnzubereitet pro 100 gEnergie1.009 kJEnergie240 kcalFett9,5 gFett, davon ges\xc3\xa4ttigte Fetts\xc3\xa4uren8,2 gKohlenhydrate37 gKohlenhydrate, davon Zucker29 gBallaststoffe< 0,5 gEiwei\xc3\x9f2 gSalz0,29 gHinweiseAufbewahrungs- und Verwendungshinweis: Bei -18 \xc2\xb0C mindestens haltbar bis Ende: siehe VerpackungsaufdruckInformation: Wichtig: Kleinkinder (unter 4 Jahren) verf\xc3\xbcgen\xc3\xbcber eine verminderte Kauf\xc3\xa4higkeit und k\xc3\xb6nnten sich an kleinen St\xc3\xbcckchen verschlucken.ArtikeldetailsMarke: M\xc3\xb6venpickUrsprungsland: DeutschlandKontaktKontaktname: FRONERI Sch\xc3\xb6ller GmbHKontaktadresse: D-90419 N\xc3\xbcrnbergMaximale Bestellmenge: 15 St\xc3\xbcckF\xc3\xbcr die vorstehenden Angaben wird keine Haftung \xc3\xbcbernommen. Bitte pr\xc3\xbcfen Sie im Einzelfall die Angaben auf der jeweiligen Produktverpackung, nur diese sind verbindlich.Das Produktdesign kann von der Abbildung abweichen.'",Berliner Str. 41-49,Rewe,Dein Markt für italienischen Genuss,2023-07-09,"Gültig ab morgen bis Samstag, 15.07.2023"
Mövenpick Stracciatella Classico,https://img.rewe-static.de/REWE28_2023/8725654/35463369-11_digital-image.png?impolicy=s-offers&imwidth=200&output-format=image/webp,,https://shop.rewe.de/productList?search=1729713,,"je 900-ml-Becher , (1 l = 2.21)",Aktion,"1,99 €","b'ProduktbeschreibungArtikelnummer 8725654Cremiges Eis mit Stracciatellageschmack mit Schokoladenst\xc3\xbcckchen und einer Schokoladensauce.Zutaten & AllergeneZutaten: Entrahmte MILCH, MOLKENERZEUGNIS, Glukosesirup, Zucker, Kokosfett, Soja\xc3\xb6l, VOLLMILCHPULVER, fettarmer Kakao** (1,3 %), Kakaobutter**, Kakaomasse**, Emulgatoren (Mono- und Diglyceride von Speisefetts\xc3\xa4uren, Lecithine (SOJA)), Verdickungsmittel (Johannisbrotkernmehl, Guarkernmehl), nat\xc3\xbcrliche Aromen (enthalten MILCH), Aroma. **Rainforest Alliance-zertifiziert. Mehr Informationen unter ra.org. KANN SCHALENFR\xc3\x9cCHTE, GLUTENHALTIGE GETREIDE UND EIER ENTHALTEN. Wichtig: Kleinkinder (unter 4 Jahren) verf\xc3\xbcgen \xc3\xbcber eine verminderte Kauf\xc3\xa4higkeit und k\xc3\xb6nnten sich an kleinen St\xc3\xbcckchen verschlucken.Allergenhinweise: Milch, Molkenerzeugnis, Schlagsahne, SojaEnth\xc3\xa4lt: Milch und Milcherzeugnisse (einschlie\xc3\x9flich Lactose). Soja und Sojaerzeugnisse. Kann enthalten: Eier und Eierzeugnisse. N\xc3\xbcsse und Nusserzeugnisse. Glutenhaltiges Getreide und glutenhaltige Getreideerzeugnisse.N\xc3\xa4hrwerteDurchschnittliche N\xc3\xa4hrwerteUnzubereitet pro 100 gEnergie1.079 kJEnergie258 kcalFett15 gFett, davon ges\xc3\xa4ttigte Fetts\xc3\xa4uren9,9 gKohlenhydrate28 gKohlenhydrate, davon Zucker23 gBallaststoffe0,7 gEiwei\xc3\x9f2,9 gSalz0,09 gHinweiseAufbewahrungs- und Verwendungshinweis: Bei -18 \xc2\xb0C mindestens haltbar bis Ende: siehe VerpackungsaufdruckInformation: Wichtig: Kleinkinder (unter 4 Jahren) verf\xc3\xbcgen \xc3\xbcber eine verminderte Kauf\xc3\xa4higkeit und k\xc3\xb6nnten sich an kleinen St\xc3\xbcckchen verschlucken. Packung enth\xc3\xa4lt 9 Portionen. Portionen sollten f\xc3\xbcr Kinder entsprechend ihrem Alter angepasst werden.ArtikeldetailsMarke: M\xc3\xb6venpickUrsprungsland: DeutschlandKontaktKontaktname: FRONERI Sch\xc3\xb6ller GmbHKontaktadresse: D-90419 N\xc3\xbcrnbergMaximale Bestellmenge: 15 St\xc3\xbcckF\xc3\xbcr die vorstehenden Angaben wird keine Haftung \xc3\xbcbernommen. Bitte pr\xc3\xbcfen Sie im Einzelfall die Angaben auf der jeweiligen Produktverpackung, nur diese sind verbindlich.Das Produktdesign kann von der Abbildung abweichen.'",Berliner Str. 41-49,Rewe,Dein Markt für italienischen Genuss,2023-07-09,"Gültig ab morgen bis Samstag, 15.07.2023"
Arla Finello Gratinkäse,https://img.rewe-static.de/REWE28_2023/0674328/21064797-16_digital-image.png?impolicy=s-offers&imwidth=200&output-format=image/webp,,https://shop.rewe.de/productList?search=1729713,,"dän. Reibekäse , je 150-g-Pckg , (1 kg = 9.93)",Aktion,"1,49 €","b'ProduktbeschreibungArtikelnummer 674328Zutaten & AllergeneZutaten: K\xc3\x84SE, Kartoffelst\xc3\xa4rke.Allergenhinweise: Enth\xc3\xa4lt: Milch und Milcherzeugnisse (einschlie\xc3\x9flich Lactose).N\xc3\xa4hrwerteDurchschnittliche N\xc3\xa4hrwerteUnzubereitet pro 100 gEnergie1.305 kJEnergie314 kcalFett23 gFett, davon ges\xc3\xa4ttigte Fetts\xc3\xa4uren14 gKohlenhydrate2,8 gKohlenhydrate, davon Zucker0,6 gEiwei\xc3\x9f24 gSalz1,5 gHinweiseAufbewahrungs- und Verwendungshinweis: Nach dem \xc3\x96ffnen k\xc3\xbchl aufbewahren.Bei 8 \xc2\xb0C mindestens haltbar bis: siehe VerpackungsaufdruckInformation: Unter Schutzatmosph\xc3\xa4re verpackt.ArtikeldetailsMarke: ArlaUrsprungsland: D\xc3\xa4nemarkSorte: Gratink\xc3\xa4seKontaktKontaktname: Arla Foods ambaKontaktadresse: DK-8260 Viby JMaximale Bestellmenge: 15 St\xc3\xbcckF\xc3\xbcr die vorstehenden Angaben wird keine Haftung \xc3\xbcbernommen. Bitte pr\xc3\xbcfen Sie im Einzelfall die Angaben auf der jeweiligen Produktverpackung, nur diese sind verbindlich.Das Produktdesign kann von der Abbildung abweichen.'",Berliner Str. 41-49,Rewe,Dein Markt für italienischen Genuss,2023-07-09,"Gültig ab morgen bis Samstag, 15.07.2023"
Barilla Pesto alla Genovese,https://img.rewe-static.de/REWE28_2023/4840313/35802412-13_digital-image.png?impolicy=s-offers&imwidth=200&output-format=image/webp,,https://shop.rewe.de/productList?search=1729713,,"je 190-g-Glas , (1 kg = 10.47)",Aktion,"1,99 €","b'ProduktbeschreibungArtikelnummer 4840313Zutaten & AllergeneZutaten: pflanzliche \xc3\x96le (Olive, Sonnenblume), frisches Basilikum 30%, CASHEWKERNE, Parmigiano Reggiano g.U. K\xc3\xa4se 5% (MILCH), Maisfaser, Molkepulver (MILCH), Salz, MILCHeiweiss, natives Oliven\xc3\xb6l extra, Zucker, Basilikumextrakt, nat\xc3\xbcrliche Aromen (MILCH), S\xc3\xa4ureregulator: Milchs\xc3\xa4ure, Knoblauch. Kann Spuren von anderen Schalenfr\xc3\xbcchten (Hartschalenobst) enthalten.Allergenhinweise: Enth\xc3\xa4lt: Milch und Milcherzeugnisse (einschlie\xc3\x9flich Lactose). N\xc3\xbcsse und Nusserzeugnisse. Kaschunuss und Kaschunusserzeugnisse.N\xc3\xa4hrwerteDurchschnittliche N\xc3\xa4hrwerteUnzubereitet pro 100 gEnergie1.989 kJEnergie482 kcalFett46 gFett, davon ges\xc3\xa4ttigte Fetts\xc3\xa4uren7,1 gKohlenhydrate9,8 gKohlenhydrate, davon Zucker5,5 gBallaststoffe5 gEiwei\xc3\x9f4,7 gSalz3,25 gHinweiseAufbewahrungs- und Verwendungshinweis: Nach dem \xc3\x96ffnen gek\xc3\xbchlt 5 Tage haltbar.ArtikeldetailsMarke: BarillaUrsprungsland: ItalienKontaktKontaktname: Barilla G. e R. Fratelli S.p.A.Kontaktadresse: Via Mantova 166, Parma - ItalyMaximale Bestellmenge: 15 St\xc3\xbcckF\xc3\xbcr die vorstehenden Angaben wird keine Haftung \xc3\xbcbernommen. Bitte pr\xc3\xbcfen Sie im Einzelfall die Angaben auf der jeweiligen Produktverpackung, nur diese sind verbindlich.Das Produktdesign kann von der Abbildung abweichen.'",Berliner Str. 41-49,Rewe,Dein Markt für italienischen Genuss,2023-07-09,"Gültig ab morgen bis Samstag, 15.07.2023"
Barilla Pesto Basilico Vegan,https://img.rewe-static.de/REWE28_2023/3263361/26586190-10_digital-image.png?impolicy=s-offers&imwidth=200&output-format=image/webp,,https://shop.rewe.de/productList?search=1729713,,"je 195-g-Glas , (1 kg = 10.21)",Aktion,"1,99 €","b'ProduktbeschreibungArtikelnummer 3263361Zutaten & AllergeneZutaten: Basilikum 35,6%, pflanzliche \xc3\x96le (Olive, Sonnenblume), CASHEWKERNE, Glukosesirup, Wasser, modifizierte Maisst\xc3\xa4rke, Salz, nat\xc3\xbcrliche Aromen, natives Oliven\xc3\xb6l extra, Zucker, S\xc3\xa4ureregulator Milchs\xc3\xa4ure. Kann Spuren von anderen Schalenfr\xc3\xbcchten (Hartschalenobst) enthalten.Allergenhinweise: Enth\xc3\xa4lt: Kaschunuss und Kaschunusserzeugnisse. Kann enthalten: N\xc3\xbcsse und Nusserzeugnisse.N\xc3\xa4hrwerteDurchschnittliche N\xc3\xa4hrwerteUnzubereitet pro 100 gEnergie1.780 kJEnergie431 kcalFett41 gFett, davon ges\xc3\xa4ttigte Fetts\xc3\xa4uren5,5 gKohlenhydrate12 gKohlenhydrate, davon Zucker3,3 gBallaststoffe2 gEiwei\xc3\x9f2,5 gSalz3 gHinweiseAufbewahrungs- und Verwendungshinweis: Nach dem \xc3\x96ffnen gek\xc3\xbchlt 5 Tage haltbar.ArtikeldetailsMarke: BarillaEigenschaften: Vegan, Vegetarisch, LaktosefreiUrsprungsland: ItalienKontaktKontaktname: Barilla G. e R. Fratelli - Societ\xc3\xa0 per AzioniKontaktadresse: Via Mantova 166, Parma - ItalyMaximale Bestellmenge: 15 St\xc3\xbcckF\xc3\xbcr die vorstehenden Angaben wird keine Haftung \xc3\xbcbernommen. Bitte pr\xc3\xbcfen Sie im Einzelfall die Angaben auf der jeweiligen Produktverpackung, nur diese sind verbindlich.Das Produktdesign kann von der Abbildung abweichen.'",Berliner Str. 41-49,Rewe,Dein Markt für italienischen Genuss,2023-07-09,"Gültig ab morgen bis Samstag, 15.07.2023"
Barilla Collezione Farfalle,https://img.rewe-static.de/REWE28_2023/7905005/32879874-15_digital-image.png?impolicy=s-offers&imwidth=200&output-format=image/webp,,https://shop.rewe.de/productList?search=1729713,,"je 500-g-Pckg , (1 kg = 3.58)",Aktion,"1,79 €","b'ProduktbeschreibungArtikelnummer 7905005Zutaten & AllergeneZutaten: HARTWEIZENGRIESS, Wasser. Kann Spuren von Sojabohnen enthalten.Allergenhinweise: Enth\xc3\xa4lt: Weizen und Weizenerzeugnisse (glutenhaltiges Getreide). Glutenhaltiges Getreide und glutenhaltige Getreideerzeugnisse. Kann enthalten: Soja und Sojaerzeugnisse.N\xc3\xa4hrwerteDurchschnittliche N\xc3\xa4hrwerteUnzubereitet pro 100 gEnergie1.521 kJEnergie359 kcalFett2 gFett, davon ges\xc3\xa4ttigte Fetts\xc3\xa4uren0,5 gKohlenhydrate71,2 gKohlenhydrate, davon Zucker3,5 gBallaststoffe3 gEiwei\xc3\x9f12,5 gSalz0,013 gHinweiseAufbewahrungs- und Verwendungshinweis: Trocken, vor Licht und W\xc3\xa4rme gesch\xc3\xbctzt lagern.ArtikeldetailsMarke: BarillaUrsprungsland: ItalienKontaktKontaktname: Barilla G. e R. Fratelli S.p.A.Kontaktadresse: Via Mantova 166, Parma - ItalyMaximale Bestellmenge: 15 St\xc3\xbcckF\xc3\xbcr die vorstehenden Angaben wird keine Haftung \xc3\xbcbernommen. Bitte pr\xc3\xbcfen Sie im Einzelfall die Angaben auf der jeweiligen Produktverpackung, nur diese sind verbindlich.Das Produktdesign kann von der Abbildung abweichen.'",Berliner Str. 41-49,Rewe,Dein Markt für italienischen Genuss,2023-07-09,"Gültig ab morgen bis Samstag, 15.07.2023"
REWE Beste Wahl Balsamico Creme,https://img.rewe-static.de/REWE28_2023/0888363/23928271-32_digital-image.png?impolicy=s-offers&imwidth=200&output-format=image/webp,,https://shop.rewe.de/productList?search=1729713,,"je 250-ml-Fl , (1 l = 7.16)",Aktion,"1,79 €","b'ProduktbeschreibungArtikelnummer 888363Ihr au\xc3\x9fergew\xc3\xb6hnlicher Geschmack ist ideal zur Verfeinerung von Salaten, Gem\xc3\xbcse und Fleisch geeinigt.\n\nHergestellt f\xc3\xbcr: REWE Markt GmbH, D-50603 K\xc3\xb6ln. Zutaten & AllergeneZutaten: Traubenmostkonzentrat, Aceto Balsamico di Modena IGP 39% (Traubenmostkonzentrat, Weinessig, Farbstoff Ammonsulfit-Zuckerkul\xc3\xb6r, Antioxidationsmittel KALIUMMETABISULFIT), Weinessig, Verdickungsmittel (Guarkernmehl, Xanthan). Zusatzstoffe: E 150d, E 224, E 412, E 415Allergenhinweise: Schwefeldioxid und Sulfite in einer Konzentration von mehr als 10 mg/kg oder 10 mg/l, als SO2 angegebenN\xc3\xa4hrwerteDurchschnittliche N\xc3\xa4hrwertepro 100 mlEnergie938 kJEnergie220 kcalFett0 gFett, davon ges\xc3\xa4ttigte Fetts\xc3\xa4uren0 gKohlenhydrate52,5 gKohlenhydrate, davon Zucker43,5 gEiwei\xc3\x9f0,5 gSalz1,14 gHinweiseAufbewahrungshinweise: Nach dem \xc3\x96ffnen im K\xc3\xbchlschrank aufbewahren.Verwendungshinweise: Trocken lagern. Vor W\xc3\xa4rme sch\xc3\xbctzen.ArtikeldetailsMarke: REWE Beste WahlUrsprungsland: ItalienKontaktKontaktname: Drogheria e Alimentari Deutschland GmbHKontaktadresse: H\xc3\xbcttenstrasse 87, 87600 Kaufbeuren, DeutschlandMaximale Bestellmenge: 15 St\xc3\xbcckF\xc3\xbcr die vorstehenden Angaben wird keine Haftung \xc3\xbcbernommen. Bitte pr\xc3\xbcfen Sie im Einzelfall die Angaben auf der jeweiligen Produktverpackung, nur diese sind verbindlich.Das Produktdesign kann von der Abbildung abweichen.'",Berliner Str. 41-49,Rewe,Dein Markt für italienischen Genuss,2023-07-09,"Gültig ab morgen bis Samstag, 15.07.2023"
Barilla Spaghetti Al Bronzo,https://img.rewe-static.de/REWE28_2023/8745035/37803714-8_digital-image.png?impolicy=s-offers&imwidth=200&output-format=image/webp,,https://shop.rewe.de/productList?search=1729713,,"je 400-g-Pckg , (1 kg = 4.48)",Aktion,"1,79 €","b'ProduktbeschreibungArtikelnummer 8745035Zutaten & AllergeneZutaten: HARTWEIZENGRIESS, Wasser. Kann Spuren von Sojabohnen und Senf enthalten.Allergenhinweise: Enth\xc3\xa4lt: Weizen und Weizenerzeugnisse (glutenhaltiges Getreide). Glutenhaltiges Getreide und glutenhaltige Getreideerzeugnisse. Kann enthalten: Soja und Sojaerzeugnisse. Senf- und Senferzeugnisse.N\xc3\xa4hrwerteDurchschnittliche N\xc3\xa4hrwerteUnzubereitet pro 100 gEnergie1.521 kJEnergie359 kcalFett2 gFett, davon ges\xc3\xa4ttigte Fetts\xc3\xa4uren0,4 gKohlenhydrate69,7 gKohlenhydrate, davon Zucker3,5 gBallaststoffe3 gEiwei\xc3\x9f14 gSalz0,013 gHinweiseAufbewahrungs- und Verwendungshinweis: Trocken, vor Licht und W\xc3\xa4rme gesch\xc3\xbctzt lagern.ArtikeldetailsMarke: BarillaUrsprungsland: ItalienKontaktKontaktname: Barilla G. e R. Fratelli S.p.A.Kontaktadresse: Via Mantova 166, Parma - ItalyMaximale Bestellmenge: 15 St\xc3\xbcckF\xc3\xbcr die vorstehenden Angaben wird keine Haftung \xc3\xbcbernommen. Bitte pr\xc3\xbcfen Sie im Einzelfall die Angaben auf der jeweiligen Produktverpackung, nur diese sind verbindlich.Das Produktdesign kann von der Abbildung abweichen.'",Berliner Str. 41-49,Rewe,Dein Markt für italienischen Genuss,2023-07-09,"Gültig ab morgen bis Samstag, 15.07.2023"
Rana Tortelloni,https://img.rewe-static.de/REWE28_2023/8657317/33918696-8_digital-image.png?impolicy=s-offers&imwidth=200&output-format=image/webp,,https://shop.rewe.de/productList?search=1729713,,"versch. Sorten , je 250-g-Pckg , (1 kg = 10.76)",Aktion,"2,69 €","b'ProduktbeschreibungArtikelnummer 8657317Zutaten & AllergeneZutaten: F\xc3\x9cLLUNG 53%: Basilikum Pesto 35%,(Sonnenblumen\xc3\xb6l, Basilikum 27% Pecorino Romano g.U. (gesch\xc3\xbctzte Ursprungsbezeichnung) K\xc3\x84SE 14%, KACHUN\xc3\x9cSSE, geriebener K\xc3\x84SE, Kochsalz, Pinienkerne 3%), Ricotta 33% (MOLKE, MILCH, Kochsalz), Pflanzenfasern (Mais und Kartoffeln) Mozzarella K\xc3\x84SE, Paniermehl (WeichWEIZENmehl, Wasser, Kochsalz, Hefe), LAKTOSE, St\xc3\xa4rke, nat\xc3\xbcrliche Aromen (enth\xc3\xa4lt GERSTE). TEIGWAREN 47%: WeichWEIZENmehl, EIER 30%,HartWEIZENgrie\xc3\x9f. Hergestellt in einem Werk, das auch SCHALENFR\xc3\x9cCHTE, FISCHE, KREBSTIERE, WICHTIERE, SOJABOHNEN und SELLERIE verwendet.Allergenhinweise: Enth\xc3\xa4lt: Glutenhaltiges Getreide und glutenhaltige Getreideerzeugnisse. Milch und Milcherzeugnisse (einschlie\xc3\x9flich Lactose). N\xc3\xbcsse und Nusserzeugnisse. Eier und Eierzeugnisse. Kann enthalten: Krebstiere und Krebstiererzeugnisse. Weichtiere und Weichtiererzeugnisse. Fisch und Fischerzeugnisse. Soja und Sojaerzeugnisse. Sellerie und Sellerieerzeugnisse.N\xc3\xa4hrwerteDurchschnittliche N\xc3\xa4hrwerteUnzubereitet pro 100 gEnergie1.225 kJEnergie292 kcalFett12 gFett, davon ges\xc3\xa4ttigte Fetts\xc3\xa4uren3,1 gKohlenhydrate32 gKohlenhydrate, davon Zucker4,1 gBallaststoffe6,2 gEiwei\xc3\x9f11 gSalz0,98 gHinweiseAufbewahrungs- und Verwendungshinweis: Im K\xc3\xbchlschrank bei +4\xc2\xb0C bis max. +7\xc2\xb0C aufbewahren. Nach dem \xc3\x96ffnen innerhalb von 3 Tagen verbrauchen.Information: Unter Schutzatmosph\xc3\xa4re verpackt.ArtikeldetailsMarke: Giovanni RanaUrsprungsland: ItalienKontaktKontaktname: Pastificio RANA S.p.A.Kontaktadresse: Via Pacinotti, 25 - 37057 San Giovanni Lupatoto (VR) - ItaliaMaximale Bestellmenge: 15 St\xc3\xbcckF\xc3\xbcr die vorstehenden Angaben wird keine Haftung \xc3\xbcbernommen. Bitte pr\xc3\xbcfen Sie im Einzelfall die Angaben auf der jeweiligen Produktverpackung, nur diese sind verbindlich.Das Produktdesign kann von der Abbildung abweichen.'",Berliner Str. 41-49,Rewe,Dein Markt für italienischen Genuss,2023-07-09,"Gültig ab morgen bis Samstag, 15.07.2023"
Alta Badia,https://img.rewe-static.de/REWE28_2023/0351001/26962937-8_digital-image.png?impolicy=s-offers&imwidth=200&output-format=image/webp,,https://shop.rewe.de/productList?search=1729713,,"ital. Hartkäse, mind. 50% Fett i.Tr. , je 100 g",Aktion,"1,99 €","b'ProduktbeschreibungArtikelnummer 351001Frisch f\xc3\xbcr dich aus unserer Servicetheke. \n \nZutaten: pasteurisierte MILCH, Salz, MILCHS\xc3\x84UREBAKTERIEN, tierisches Lab, Konservierungsstoff: LYSOZYM (aus EI), Natamycin, Farbstoff: AMMONSULFITZUCKERKUL\xc3\x96R \n \nLaktosefrei* \n*Laktosegehalt: unter 0, 1g/100g \n \nRinde nicht zum Verzehr geeignet! \n \nN\xc3\xa4hrwerte je 100g: \nEnergie: 1704kJ \nEnergie: 411kcal \nFett: 33,5g \nFett, davon ges\xc3\xa4ttigte Fetts\xc3\xa4uren: 24,1g \nKohlenhydrate: 0,1g \nKohlenhydrate, davon Zucker: 0,1g \nEiwei\xc3\x9f: 27,3g \nSalz: 1,7g ArtikeldetailsEigenschaften: LaktosefreiMaximale Bestellmenge: 15 St\xc3\xbcckF\xc3\xbcr die vorstehenden Angaben wird keine Haftung \xc3\xbcbernommen. Bitte pr\xc3\xbcfen Sie im Einzelfall die Angaben auf der jeweiligen Produktverpackung, nur diese sind verbindlich.Das Produktdesign kann von der Abbildung abweichen.'",Berliner Str. 41-49,Rewe,Dein Markt für italienischen Genuss,2023-07-09,"Gültig ab morgen bis Samstag, 15.07.2023"
Belli Cantuccini,https://img.rewe-static.de/REWE28_2023/0218662/22322908-38_digital-image.png?impolicy=s-offers&imwidth=200&output-format=image/webp,,https://shop.rewe.de/productList?search=1729713,,"je 250-g-Pckg , (1 kg = 10.36)",Aktion,"2,59 €","b""ProduktbeschreibungArtikelnummer 218662Mit 25% Mandelanteil. Zutaten & AllergeneZutaten: WEIZENMEHL, Zucker, MANDELN (25%), pasteurisierte VOLLEIER, pasteurisiertes H\xc3\x9cHNEREIGELB, BUTTER, Bl\xc3\xbctenhonig, Salz. Backtriebmittel: Ammoniumhydrogencarbonat, Dinatriumdiphosphat, Natriumhydrogencarbonat, Aromen. Kann Spuren von anderen SCHALENFR\xc3\x9cCHTEN und SOJA enthalten.Allergenhinweise: Enth\xc3\xa4lt: Weizen und Weizenerzeugnisse (glutenhaltiges Getreide). Mandeln und Mandelerzeugnisse. Eier und Eierzeugnisse. Milch und Milcherzeugnisse (einschlie\xc3\x9flich Lactose). Kann enthalten: Soja und Sojaerzeugnisse. N\xc3\xbcsse und Nusserzeugnisse.N\xc3\xa4hrwerteDurchschnittliche N\xc3\xa4hrwerteUnzubereitet pro 100 gEnergie1.774 kJEnergie424 kcalFett16 gFett, davon ges\xc3\xa4ttigte Fetts\xc3\xa4uren3 gKohlenhydrate60 gKohlenhydrate, davon Zucker32 gEiwei\xc3\x9f10 gSalz0,06 gHinweiseAufbewahrungs- und Verwendungshinweis: K\xc3\xbchl und trocken lagern.ArtikeldetailsUrsprungsland: ItalienKontaktKontaktname: Biscottificio Belli srlKontaktadresse: Via dell'Albereto, 26/28/30, I-50041 Calenzano - FirenzeMaximale Bestellmenge: 15 St\xc3\xbcckF\xc3\xbcr die vorstehenden Angaben wird keine Haftung \xc3\xbcbernommen. Bitte pr\xc3\xbcfen Sie im Einzelfall die Angaben auf der jeweiligen Produktverpackung, nur diese sind verbindlich.Das Produktdesign kann von der Abbildung abweichen.""",Berliner Str. 41-49,Rewe,Dein Markt für italienischen Genuss,2023-07-09,"Gültig ab morgen bis Samstag, 15.07.2023"
Mionetto Prosecco Spumante DOC,https://img.rewe-static.de/REWE28_2023/2104631/22280027-24_digital-image.png?impolicy=s-offers&imwidth=200&output-format=image/webp,,https://shop.rewe.de/productList?search=1729713,,"versch. Sorten , je 0,75-l-Fl , (1 l = 9.32)",Aktion,"6,99 €","b""Bestellung ab 18 Jahren.F\xc3\xbcr dieses Produkt gilt das Jugendschutzgesetz.ProduktbeschreibungArtikelnummer 2104631Der Prosecco D.O.C. Treviso Brut der Prestige-Linie \xc3\xbcberrascht selbst ausgesprochene Kenner. \nDieser hochwertige Spumante interpretiert die Kategorie 'Brut' v\xc3\xb6llig neu und z\xc3\xa4hlt geschmacklich zu den modernsten seiner Klasse. \nDer Prosecco D.O.C. Treviso Brut besticht durch seine leuchtend strohgelbe Farbe, intensive Perlage, ein fruchtiges Bukett nach Golden Delicious \xc3\x84pfeln und Birnen \nsowie durch feine Aromen nach Akazienhonig. Mionetto Prosecco D.O.C. Treviso Brut zeichnet sich durch sein elegantes Design aus. Das raffiniert moderne Etikett im 27-Grad-Winkel spiegelt sich in der Halsschleife wider.\n\nAlkoholgehalt: 11% Vol.... mehr anzeigenZutaten & AllergeneZutaten:  Enth\xc3\xa4lt Sulfite Zusatzstoffe: E 220Allergenhinweise: Schwefeldioxid und Sulfite in einer Konzentration von mehr als 10 mg/kg oder 10 mg/l, als SO2 angegebenArtikeldetailsMarke: MionettoUrsprungsland: ItalienKontaktKontaktname: Mionetto SPAKontaktadresse: Valdobbiadene, ItalienMaximale Bestellmenge: 15 St\xc3\xbcckF\xc3\xbcr die vorstehenden Angaben wird keine Haftung \xc3\xbcbernommen. Bitte pr\xc3\xbcfen Sie im Einzelfall die Angaben auf der jeweiligen Produktverpackung, nur diese sind verbindlich.Das Produktdesign kann von der Abbildung abweichen.""",Berliner Str. 41-49,Rewe,Dein Markt für italienischen Genuss,2023-07-09,"Gültig ab morgen bis Samstag, 15.07.2023"
Galbani Mozzarella Mini,https://img.rewe-static.de/REWE28_2023/0594382/965610-29_digital-image.png?impolicy=s-offers&imwidth=200&output-format=image/webp,,https://shop.rewe.de/productList?search=1729713,,"38% Fett i.Tr. , je 260-g-Pckg , (1 kg = 13.27) , 150-g-Abtropfgew.",Aktion,"1,99 €","b'ProduktbeschreibungArtikelnummer 594382Zutaten & AllergeneZutaten: pasteurisierte KuhMILCH, Lab, Salz, S\xc3\xa4uerungsmittel:Zitronens\xc3\xa4ureAllergenhinweise: Enth\xc3\xa4lt: Milch und Milcherzeugnisse (einschlie\xc3\x9flich Lactose).N\xc3\xa4hrwerteDurchschnittliche N\xc3\xa4hrwerteUnzubereitet pro 100 gEnergie819 kJEnergie197 kcalFett13,5 gFett, davon ges\xc3\xa4ttigte Fetts\xc3\xa4uren9,4 gKohlenhydrate1,3 gKohlenhydrate, davon Zucker0,6 gEiwei\xc3\x9f17,5 gSalz0,6 gHinweiseAufbewahrungs- und Verwendungshinweis: bei 8\xc2\xb0C mindestens haltbar bis: siehe VerpackungsaufdruckArtikeldetailsMarke: GalbaniNettof\xc3\xbcllmenge: 260 GUrsprungsland: ItalienAbtropfgewicht: 150 gKontaktKontaktname: Lactalis Deutschland GmbHKontaktadresse: Am Yachthafen 2, 77694 KehlMaximale Bestellmenge: 15 St\xc3\xbcckF\xc3\xbcr die vorstehenden Angaben wird keine Haftung \xc3\xbcbernommen. Bitte pr\xc3\xbcfen Sie im Einzelfall die Angaben auf der jeweiligen Produktverpackung, nur diese sind verbindlich.Das Produktdesign kann von der Abbildung abweichen.'",Berliner Str. 41-49,Rewe,Dein Markt für italienischen Genuss,2023-07-09,"Gültig ab morgen bis Samstag, 15.07.2023"
Cellini Grappa Oro,https://img.rewe-static.de/REWE28_2023/9687947/3673940-23_digital-image.png?impolicy=s-offers&imwidth=200&output-format=image/webp,,https://shop.rewe.de/productList?search=1729713,,"38% Vol. , je 0,7-l-Fl , (1 l = 12.84)",Aktion,"8,99 €","b'Bestellung ab 18 Jahren.F\xc3\xbcr dieses Produkt gilt das Jugendschutzgesetz.ProduktbeschreibungArtikelnummer 9687947Zutaten & AllergeneAllergenhinweise: Enth\xc3\xa4lt: Keine deklarationspflichtigen Allergene enthalten.HinweiseAufbewahrungs- und Verwendungshinweis: Lagerf\xc3\xa4higkeit 2-3 Jahre, bei Zimmertemperatur servierenArtikeldetailsMarke: CelliniUrsprungsland: ItalienAlkoholgehalt: 38 % Vol.KontaktKontaktname: Rolf Herzberger GmbH & Co. KGKontaktadresse: Am Felsbrunnen 8, 66119 Saarbr\xc3\xbcckenMaximale Bestellmenge: 15 St\xc3\xbcckF\xc3\xbcr die vorstehenden Angaben wird keine Haftung \xc3\xbcbernommen. Bitte pr\xc3\xbcfen Sie im Einzelfall die Angaben auf der jeweiligen Produktverpackung, nur diese sind verbindlich.Das Produktdesign kann von der Abbildung abweichen.'",Berliner Str. 41-49,Rewe,Dein Markt für italienischen Genuss,2023-07-09,"Gültig ab morgen bis Samstag, 15.07.2023"
Bertolli Brotaufstrich,https://img.rewe-static.de/REWE28_2023/4942531/3398660-52_digital-image.png?impolicy=s-offers&imwidth=200&output-format=image/webp,,https://shop.rewe.de/productList?search=1729713,,"mit mildem Olivenöl , je 250-g-Becher , (1 kg = 5.56)",Aktion,"1,39 €","b'ProduktbeschreibungArtikelnummer 4942531- Das Gute des Olivenbaums \n- Enth\xc3\xa4lt viele einfach unges\xc3\xa4ttigte Fetts\xc3\xa4uren \n- F\xc3\xbcr eine gesunde, ausgewogene Ern\xc3\xa4hrung. \n- Passt hervorragend zu herzhafen Brotbel\xc3\xa4gen \n- Aber auch zu S\xc3\xbc\xc3\x9fem, wie Marmelade oder Honig \n \nDas \xe2\x80\x9eGute des Olivenbaums\xe2\x80\x9c t\xc3\xa4glich aufs Brot! \nDer BERTOLLI Brotaufstrich enth\xc3\xa4lt viele einfach unges\xc3\xa4ttigte Fetts\xc3\xa4uren, die einen wichtigen Bestandteil der traditionellen mediterranen Ern\xc3\xa4hrung darstellen. \nDer BERTOLLI Brotaufstrich tr\xc3\xa4gt somit dem Trend nach einer gesunden und ausgewogenen Ern\xc3\xa4hrung Rechnung. \nEr passt hervorragend sowohl zu herzhaften Brotbel\xc3\xa4gen als auch zu S\xc3\xbc\xc3\x9fem, wie Marmelade oder Honig. Zu den beliebtesten Brotsorten geh\xc3\xb6ren Focaccia, Tramezzino, Ciabatta und Bruschetta. Die mediterranen Brotspezialit\xc3\xa4ten werden oft zusammen mit Tomaten, Oliven und anderen Leckereien als kleiner Imbiss f\xc3\xbcr zwischendurch gereicht. \nDie K\xc3\xbcche Italiens geh\xc3\xb6rt zu den bekanntesten und beliebtesten K\xc3\xbcchen der Welt. Vollkommen zu Recht, denn sie besticht durch ihre frischen Zutaten, ihren Abwechslungsreichtum und gilt zudem als gesund. Hier finden Sie typisch italienische K\xc3\xb6stlichkeiten, mit denen Sie sich \xe2\x80\x9ela Dolce Vita\xe2\x80\x9c in Ihr eigenes Zuhause holen k\xc3\xb6nnen. \n \nBERTOLLI Brotaufstrich ist in 250g und 500g Packungen erh\xc3\xa4ltlich.... mehr anzeigenDas Gute des OlivenbaumsZutaten & AllergeneZutaten: Trinkwasser, pflanzliche \xc3\x96le und Fette (Raps, Palm, Palm ganz geh\xc3\xa4rtet), 7,5% Oliven\xc3\xb6l, BUTTERMILCH, modifizierte St\xc3\xa4rke, Speisesalz (0,4%), Emulgatoren (Mono- und Diglyceride von Speisefetts\xc3\xa4uren, Lecithine), Konservierungsstoff (Kaliumsorbat), S\xc3\xa4uerungsmittel (Citronens\xc3\xa4ure), Aroma, Vitamine (A, D), Farbstoff (Carotin).Allergenhinweise: Enth\xc3\xa4lt: Milch und Milcherzeugnisse (einschlie\xc3\x9flich Lactose).N\xc3\xa4hrwerteDurchschnittliche N\xc3\xa4hrwerteUnzubereitet pro 100 gEnergie1.445 kJEnergie339 kcalFett38 gFett, davon ges\xc3\xa4ttigte Fetts\xc3\xa4uren9 gKohlenhydrate1,7 gKohlenhydrate, davon Zucker< 0,5 gEiwei\xc3\x9f< 0,5 gSalz0,4 gVitamin A800 \xc2\xb5gVitamin D7,5 \xc2\xb5gHinweiseAufbewahrungs- und Verwendungshinweis: Beste Lagerung zwischen +2\xc2\xb0C und +15\xc2\xb0CArtikeldetailsMarke: BertolliUrsprungsland: NiederlandePackungsgr\xc3\xb6\xc3\x9fe: 250gKontaktKontaktname: Upfield Deutschland GmbHKontaktadresse: Valentinskamp 88-90, 20355 HamburgMaximale Bestellmenge: 15 St\xc3\xbcckF\xc3\xbcr die vorstehenden Angaben wird keine Haftung \xc3\xbcbernommen. Bitte pr\xc3\xbcfen Sie im Einzelfall die Angaben auf der jeweiligen Produktverpackung, nur diese sind verbindlich.Das Produktdesign kann von der Abbildung abweichen.'",Berliner Str. 41-49,Rewe,Dein Markt für italienischen Genuss,2023-07-09,"Gültig ab morgen bis Samstag, 15.07.2023"
REWE Beste Wahl Gnocchi,https://img.rewe-static.de/REWE28_2023/0118000/23128380-35_digital-image.png?impolicy=s-offers&imwidth=200&output-format=image/webp,,https://shop.rewe.de/productList?search=1729713,,"frische, italienische Kartoffelklößchen aus 78% Kartoffelpüree , je 400-g-Btl , (1 kg = 3.73)",Aktion,"1,49 €","b'ProduktbeschreibungArtikelnummer 118000Zutaten & AllergeneZutaten: Kartoffelp\xc3\xbcree 80% (Wasser, Kartoffelflocken 16%), WEIZENMEHL, Kartoffelst\xc3\xa4rke, Reismehl, Speisesalz.  Kann Spuren von Soja enthalten.Allergenhinweise: Glutenhaltiges Getreide (Weizen, Gerste, Roggen, Hafer, Dinkel, Kamut oder Hybridst\xc3\xa4mme)N\xc3\xa4hrwerteDurchschnittliche N\xc3\xa4hrwertepro 100 gEnergie630 kJEnergie149 kcalFett0,6 gFett, davon ges\xc3\xa4ttigte Fetts\xc3\xa4uren0 gKohlenhydrate32 gKohlenhydrate, davon Zucker0,3 gEiwei\xc3\x9f3,3 gSalz1,08 gHinweiseAufbewahrungshinweise:  Nach dem \xc3\x96ffnen k\xc3\xbchl lagern und innerhalb von drei Tagen verzehren.Verwendungshinweise: Bei +4 \xc2\xb0C bis +7 \xc2\xb0CArtikeldetailsMarke: REWE Beste WahlUrsprungsland: ItalienPackungsgr\xc3\xb6\xc3\x9fe: 400gKontaktKontaktname: CIEMME ALIMENTARI S.R.L.Kontaktadresse: VIA FOGGIA, 28/30, BARLETTA, 76121, ItalienMaximale Bestellmenge: 15 St\xc3\xbcckF\xc3\xbcr die vorstehenden Angaben wird keine Haftung \xc3\xbcbernommen. Bitte pr\xc3\xbcfen Sie im Einzelfall die Angaben auf der jeweiligen Produktverpackung, nur diese sind verbindlich.Das Produktdesign kann von der Abbildung abweichen.'",Berliner Str. 41-49,Rewe,Dein Markt für italienischen Genuss,2023-07-09,"Gültig ab morgen bis Samstag, 15.07.2023"
REWE Feine Welt Burrata,https://img.rewe-static.de/REWE28_2023/8643941/34631257-8_digital-image.png?impolicy=s-offers&imwidth=200&output-format=image/webp,,https://shop.rewe.de/productList?search=1729713,,"je 250-g-Becher-Pckg , (1 kg = 14.90) , 100-g-Abtropfgew.",Aktion,"1,49 €","b'ProduktbeschreibungArtikelnummer 8643941Zutaten & AllergeneZutaten: Zutaten: K\xc3\x84SEREIMILCH, SAHNE 41 %, Speisesalz, mikrobielles Lab, S\xc3\xa4uerungsmittel Milchs\xc3\xa4ure, Konservierungsstoff Kaliumsorbat. Zusatzstoffe: E 202, E 270Allergenhinweise: Milch und Milcherzeugnisse (einschlie\xc3\x9flich Lactose)N\xc3\xa4hrwerteDurchschnittliche N\xc3\xa4hrwertepro 100 gEnergie1.054 kJEnergie255 kcalFett23,9 gFett, davon ges\xc3\xa4ttigte Fetts\xc3\xa4uren15,3 gKohlenhydrate2 gKohlenhydrate, davon Zucker2 gEiwei\xc3\x9f8 gSalz0,54 gArtikeldetailsMarke: REWE Feine WeltNettof\xc3\xbcllmenge: 250 GUrsprungsland: ItalienAbtropfgewicht: 100 gKontaktKontaktname: DELIZIA S.P.A.Kontaktadresse: Contrada Pizunzo Z.I., Noci (BA), 70015, ItalienMaximale Bestellmenge: 15 St\xc3\xbcckF\xc3\xbcr die vorstehenden Angaben wird keine Haftung \xc3\xbcbernommen. Bitte pr\xc3\xbcfen Sie im Einzelfall die Angaben auf der jeweiligen Produktverpackung, nur diese sind verbindlich.Das Produktdesign kann von der Abbildung abweichen.'",Berliner Str. 41-49,Rewe,Dein Markt für italienischen Genuss,2023-07-09,"Gültig ab morgen bis Samstag, 15.07.2023"
La Gioiosa Prosecco Frizzante Treviso DOC,https://img.rewe-static.de/REWE28_2023/0321558/7433190-34_digital-image.png?impolicy=s-offers&imwidth=200&output-format=image/webp,,https://shop.rewe.de/productList?search=1729713,,"je 0,75-l-Fl , (1 l = 7.99)",Aktion,"5,99 €","b'Bestellung ab 18 Jahren.F\xc3\xbcr dieses Produkt gilt das Jugendschutzgesetz.ProduktbeschreibungArtikelnummer 321558Alkoholgehalt: 10 % Vol. Zutaten & AllergeneZutaten: Nicht deklariert:Perlwein, Antioxidationsmittel (Ascorbins\xc3\xa4ure, Schwefeldioxid). Zusatzstoffe: E 220Allergenhinweise: Schwefeldioxid und Sulfite in einer Konzentration von mehr als 10 mg/kg oder 10 mg/l, als SO2 angegebenN\xc3\xa4hrwerteDurchschnittliche N\xc3\xa4hrwertepro 100 mlEnergie292 kJEnergie70 kcalFett0 gFett, davon ges\xc3\xa4ttigte Fetts\xc3\xa4uren0 gKohlenhydrate2,9 gKohlenhydrate, davon Zucker1,1 gEiwei\xc3\x9f< 0,1 gSalz< 0,02 gHinweiseVerwendungshinweise: Trocken und k\xc3\xbchl lagern. Vor Licht sch\xc3\xbctzen.ArtikeldetailsMarke: La GioiosaUrsprungsland: ItalienKontaktKontaktname: La Gioiosa S.p.A.Kontaktadresse: Crocetta del Montello, 31035, ItalienMaximale Bestellmenge: 15 St\xc3\xbcckF\xc3\xbcr die vorstehenden Angaben wird keine Haftung \xc3\xbcbernommen. Bitte pr\xc3\xbcfen Sie im Einzelfall die Angaben auf der jeweiligen Produktverpackung, nur diese sind verbindlich.Das Produktdesign kann von der Abbildung abweichen.'",Berliner Str. 41-49,Rewe,Dein Markt für italienischen Genuss,2023-07-09,"Gültig ab morgen bis Samstag, 15.07.2023"
REWE Beste Wahl Bolognese Pasta Sauce,https://img.rewe-static.de/REWE28_2023/7123786/27851232-24_digital-image.png?impolicy=s-offers&imwidth=200&output-format=image/webp,,https://shop.rewe.de/productList?search=1729713,,"je 380-ml-Glas , (1 l = 4.18)",Aktion,"1,59 €","b'ProduktbeschreibungArtikelnummer 7123786Zutaten & AllergeneZutaten: Passierte Tomaten 61%, Rindfleisch 28%, Gem\xc3\xbcse 6% (Karotten, Zwiebeln, Knoblauch), Zucker, Salz, S\xc3\xa4uerungsmittel Milchs\xc3\xa4ure, Sonnenblumen\xc3\xb6l, Kr\xc3\xa4uter, Gew\xc3\xbcrze.    Zusatzstoffe: E 270N\xc3\xa4hrwerteDurchschnittliche N\xc3\xa4hrwertepro 100 mlEnergie392 kJEnergie94 kcalFett4,6 gFett, davon ges\xc3\xa4ttigte Fetts\xc3\xa4uren2,3 gKohlenhydrate6,1 gKohlenhydrate, davon Zucker5 gEiwei\xc3\x9f5,9 gSalz1,4 gHinweiseAufbewahrungshinweise: Nach dem \xc3\x96ffnen im K\xc3\xbchlschrank aufbewahren und innerhalb von 3-4 Tagen verbrauchen.Verwendungshinweise: Trocken lagern. Vor W\xc3\xa4rme sch\xc3\xbctzen.ArtikeldetailsMarke: REWE Beste WahlUrsprungsland: ItalienKontaktKontaktname: LA DORIA S.P.A.Kontaktadresse: Via Nazionale, 320, Angri, 84012, ItalienMaximale Bestellmenge: 15 St\xc3\xbcckF\xc3\xbcr die vorstehenden Angaben wird keine Haftung \xc3\xbcbernommen. Bitte pr\xc3\xbcfen Sie im Einzelfall die Angaben auf der jeweiligen Produktverpackung, nur diese sind verbindlich.Das Produktdesign kann von der Abbildung abweichen.'",Berliner Str. 41-49,Rewe,Dein Markt für italienischen Genuss,2023-07-09,"Gültig ab morgen bis Samstag, 15.07.2023"
S. Pellegrino Mineralwasser,https://img.rewe-static.de/REWE28_2023/0106565/9482880-6_digital-image.png?impolicy=s-offers&imwidth=200&output-format=image/webp,,https://shop.rewe.de/productList?search=1729713,,"je 1-l-Fl , zzgl. 0.25 Pfand",Aktion,"0,79 €","b'ProduktbeschreibungArtikelnummer 106565S.Pellegrino bringt echtes italienisches Lebensgef\xc3\xbchl direkt zu Ihnen nach Hause. Ein feinperliges nat\xc3\xbcrliches Mineralwasser f\xc3\xbcr Genie\xc3\x9fer, das stilvoll erfrischt.\n\nUnnachahmlich prickelnd und frisch, so schmeckt S.Pellegrino. Das liegt an der einzigartigen Balance, die das Mineralwasser besonders feinperlig sprudeln l\xc3\xa4sst. Ausgewogen mineralisiert, ist S.Pellegrino ein ebenso spritziger wie authentischer Genuss.\n\nEin Wasser mit Tradition\n\nS.Pellegrino, das bereits seit 1899 Genie\xc3\x9fer begeistert, entspringt in der nahezu unber\xc3\xbchrten Natur der lombardischen Alpen. Auf seiner langen Reise durch breite Schichten Dolomit- und Gipsgestein erh\xc3\xa4lt das Wasser seine ausgewogene Mineralisierung und seine besondere Reinheit. \n\nImmer ein Genuss\n\nMit seinem nat\xc3\xbcrlichen und lebendigen Temperament ist S.Pellegrino ein Wasser, das einfach \xc3\xbcberall genossen werden kann. Darum gibt es den italienischen Klassiker auch in handlichen 1,0L Pet-Flaschen \xe2\x80\x93 Wie geschaffen f\xc3\xbcr geselliges Beisammensein und genussvolles Miteinander. Besonders praktisch: Im Sixpack haben Sie immer eine Flasche in Reserve.\n\nS.Pellegrino\n- Nat\xc3\xbcrliches feinperliges Mineralwasser\n- Erfrischt einfach herrlich italienisch\n- Ein Wasser f\xc3\xbcr anspruchsvolle Genie\xc3\x9fer\n- Ausgewogen mineralisiert und besonders prickelnd\n- Wassergenuss f\xc3\xbcr jede Gelegenheit in handlichen Pet-Flaschen... mehr anzeigenSeit 1899 ist S.Pellegrino eine Ikone italienischen Stils und eines der bekanntesten nat\xc3\xbcrlichen Mineralwasser der Welt. Dank seiner perfekten Balance aus feinperliger Kohlens\xc3\xa4ure, Mineralisierung und einzigartigem Geschmack \xc3\xbcberzeugt es Sommeliers und Spitzenk\xc3\xb6che. \nSo inspiriert S.Pellegrino dazu, genussvolle Momente auszukosten und sie zu teilen.N\xc3\xa4hrwerteDurchschnittliche N\xc3\xa4hrwerteUnzubereitet pro 1 lChlorid49,4 mgCalcium166 mgMagnesium49,5 mgBikarbonat244 mgNatrium30 mgSulfat 4+401 mgHinweiseAufbewahrungs- und Verwendungshinweis: Vor Sonne und Frost sch\xc3\xbctzen und an einem sauberen, trockenen, k\xc3\xbchlen und geruchlosen Ort lagern.Information: Abdampfr\xc3\xbcckstand bei 180 Grad: 853 mg/LpH-Wert an der Quelle: 7,7Aus der S.PELLEGRINO Quelle in SAN PELLEGRINO TERME (BERGAMO) ITALIENArtikeldetailsMarke: San PellegrinoNettof\xc3\xbcllmenge: 1 LUrsprungsland: ItalienPackungsgr\xc3\xb6\xc3\x9fe: 1,0lKontaktKontaktname: SANPELLEGRINO S.P.A.Kontaktadresse: 24016 SAN PELLEGRINO TERME (BG)LOCALIT\xc3\x80 RUSPINO - ITALIENMaximale Bestellmenge: 15 St\xc3\xbcckF\xc3\xbcr die vorstehenden Angaben wird keine Haftung \xc3\xbcbernommen. Bitte pr\xc3\xbcfen Sie im Einzelfall die Angaben auf der jeweiligen Produktverpackung, nur diese sind verbindlich.Das Produktdesign kann von der Abbildung abweichen.'",Berliner Str. 41-49,Rewe,Dein Markt für italienischen Genuss,2023-07-09,"Gültig ab morgen bis Samstag, 15.07.2023"
Fabbri Amarenakirschen,https://img.rewe-static.de/REWE28_2023/3797015/1603730-43_digital-image.png?impolicy=s-offers&imwidth=200&output-format=image/webp,,https://shop.rewe.de/productList?search=1729713,,"Frucht in Sirup , je 230-g-Glas , (1 kg = 39.90) , 100-g-Abtropfgew.",Aktion,"3,99 €","b'ProduktbeschreibungArtikelnummer 3797015Zutaten & AllergeneZutaten: Zucker, Sauerkirschen (43%), Glukose Sirup, Wasser, Sauerkirschen saft (4%), S\xc3\xa4uerungsmittel Zitronens\xc3\xa4ure, Aromen, Farbstoff Anthocyane aus Pflanzenextrakt.N\xc3\xa4hrwerteDurchschnittliche N\xc3\xa4hrwerteUnzubereitet pro 100 gEnergie1.160 kJEnergie273 kcalFett0 gFett, davon ges\xc3\xa4ttigte Fetts\xc3\xa4uren0 gKohlenhydrate67 gKohlenhydrate, davon Zucker61 gEiwei\xc3\x9f0 gSalz0,03 gArtikeldetailsMarke: FabbriNettof\xc3\xbcllmenge: 230 GUrsprungsland: ItalienAbtropfgewicht: 100 gKontaktKontaktname: G. Fabbri Deutschland GmbHKontaktadresse: Witneystr. 1 - 82008 UnterhachingMaximale Bestellmenge: 15 St\xc3\xbcckF\xc3\xbcr die vorstehenden Angaben wird keine Haftung \xc3\xbcbernommen. Bitte pr\xc3\xbcfen Sie im Einzelfall die Angaben auf der jeweiligen Produktverpackung, nur diese sind verbindlich.Das Produktdesign kann von der Abbildung abweichen.'",Berliner Str. 41-49,Rewe,Dein Markt für italienischen Genuss,2023-07-09,"Gültig ab morgen bis Samstag, 15.07.2023"
Citterio Mailänder Salami Strafino,https://img.rewe-static.de/REWE28_2023/5310075/23629963-7_digital-image.png?impolicy=s-offers&imwidth=200&output-format=image/webp,,https://shop.rewe.de/productList?search=1729713,,je 100 g,Aktion,"2,19 €","b'ProduktbeschreibungArtikelnummer 5310075Frisch f\xc3\xbcr dich aus unserer Servicetheke.\n\nZutaten: Schweinefleisch, Nitritp\xc3\xb6kelsalz (Kochsalz), Konservierungsstoff: E250 Gew\xc3\xbcrze, Zucker, Gew\xc3\xbcrzkr\xc3\xa4uter Antioxidationsmittel: E300, E 301, Konservierungsstoff. E252.\n\n100g Salami werden hergestellt aus 155g Schweinefleisch.\n\nN\xc3\xa4hrwerte je 100g:\nEnergie: 1660kj\nEnergie: 400kcal\nFett: 32g\nFett, davon ges\xc3\xa4ttigte Fetts\xc3\xa4uren: 13g\nKohlenhydrate: 0,5g\nKohlenhydrate, davon Zucker: 0,5g\nEiwei\xc3\x9f: 28g\nSalz: 4,6g fein gek\xc3\xb6rnte Spitzenqualit\xc3\xa4t, leicht ger\xc3\xa4uchert, mindestens 3 Monate gereiftZutaten & AllergeneZutaten: Schweinefleisch, Nitritp\xc3\xb6kelsalz (Kochsalz, Konservierungsstoff: Natriumnitrit), Zucker, Gew\xc3\xbcrze, Gew\xc3\xbcrzkr\xc3\xa4uter, Antioxidationsmittel: Natriumascorbat, Ascorbins\xc3\xa4ure; Konservierungsstoff: Kaliumnitrat. 100g Salami hergestellt aus 155g Schweinefleisch.Allergenhinweise: Enth\xc3\xa4lt: Keine deklarationspflichtigen Allergene enthalten.N\xc3\xa4hrwerteDurchschnittliche N\xc3\xa4hrwerteUnzubereitet pro 100 gEnergie1.660 kJEnergie400 kcalFett32 gFett, davon ges\xc3\xa4ttigte Fetts\xc3\xa4uren13 gKohlenhydrate0,5 gKohlenhydrate, davon Zucker0,5 gEiwei\xc3\x9f28 gSalz4,6 gHinweiseAufbewahrungs- und Verwendungshinweis: Unter +7\xc2\xb0C lagern, nach dem \xc3\x96ffnen innerhalb kurzer Zeit verzehren.Information: Konservierungsstoff: E250 (Natriumnitrit), E252(Kaliumnitrat); Antioxidationsmittel: E301 (Natriumascorbat), E300 (Ascorbins\xc3\xa4ure); Wursth\xc3\xbclle nicht essbar.ArtikeldetailsUrsprungsland: ItalienKontaktKontaktname: Giuseppe Citterio Salumificio S.P.A.Kontaktadresse: Corso Europa 206, 20017 RhoMaximale Bestellmenge: 15 St\xc3\xbcckF\xc3\xbcr die vorstehenden Angaben wird keine Haftung \xc3\xbcbernommen. Bitte pr\xc3\xbcfen Sie im Einzelfall die Angaben auf der jeweiligen Produktverpackung, nur diese sind verbindlich.Das Produktdesign kann von der Abbildung abweichen.'",Berliner Str. 41-49,Rewe,Dein Markt für italienischen Genuss,2023-07-09,"Gültig ab morgen bis Samstag, 15.07.2023"
Mestemacher Wraps,https://img.rewe-static.de/REWE28_2023/8722477/35581003-6_digital-image.png?impolicy=s-offers&imwidth=200&output-format=image/webp,,https://shop.rewe.de/productList?search=1729713,,"versch. Sorten , je 300-g-Pckg , (1 kg = 7.30)",Aktion,"2,19 €","b'ProduktbeschreibungArtikelnummer 8722477Man nehme italienisches Temperament, ein Originalrezept und kaltgepresstes Oliven\xc3\xb6l. Diese Zutaten machen unsere Wraps zu etwas ganz Besonderem!Zutaten & AllergeneZutaten: DINKELMEHL*1), Wasser, natives Oliven\xc3\xb6l extra* (5 %), Sonnenblumen\xc3\xb6l*, Meersalz, nat\xc3\xbcrliches Rosmarinaroma. * aus biologischem Landbau 1)Mit Dinkelmehl aus der EU. Kann Spuren von SOJA und SENF enthalten.Allergenhinweise: Enth\xc3\xa4lt: Glutenhaltiges Getreide und glutenhaltige Getreideerzeugnisse. Dinkel und Dinkelerzeugnisse (glutenhaltiges Getreide). Kann enthalten: Soja und Sojaerzeugnisse. Senf- und Senferzeugnisse.N\xc3\xa4hrwerteDurchschnittliche N\xc3\xa4hrwerteUnzubereitet pro 100 gEnergie1.280 kJEnergie304 kcalFett8,6 gFett, davon ges\xc3\xa4ttigte Fetts\xc3\xa4uren1,1 gKohlenhydrate45,7 gKohlenhydrate, davon Zucker1 gBallaststoffe3,1 gEiwei\xc3\x9f9,5 gSalz1,1 gHinweiseAufbewahrungs- und Verwendungshinweis: K\xc3\xbchl und trocken lagern.ArtikeldetailsMarkeMestemacherEigenschaftenVegan, BioUrsprungslandItalienServiervorschlagNach Belieben f\xc3\xbcllen, z.B. mit Salat oder Geschnetzeltem.\xc3\x96ko KontrollstelleIT-BIO-007Ort der ErzeugungEU-LandwirtschaftKontaktKontaktname: Mestemacher GmbHKontaktadresse: Postfach 2451 - 33254 G\xc3\xbcterslohF\xc3\xbcr die vorstehenden Angaben wird keine Haftung \xc3\xbcbernommen. Bitte pr\xc3\xbcfen Sie im Einzelfall die Angaben auf der jeweiligen Produktverpackung, nur diese sind verbindlich.Das Produktdesign kann von der Abbildung abweichen.'",Berliner Str. 41-49,Rewe,Dein Markt für italienischen Genuss,2023-07-09,"Gültig ab morgen bis Samstag, 15.07.2023"
Ponnath Delikatess Prosciutto Cotto,https://img.rewe-static.de/REWE28_2023/2231617/25159847-9_digital-image.png?impolicy=s-offers&imwidth=200&output-format=image/webp,,https://shop.rewe.de/productList?search=1729713,,"je 150-g-Pckg , (1 kg = 15.27)",Aktion,"2,29 €","b'ProduktbeschreibungArtikelnummer 2231617Original italienisches Rezept. Zutaten & AllergeneZutaten: Schweinefleisch, S\xc3\xa4ureregulatoren: Kaliumlactat, Natriumacetate; jodiertes Speisesalz (Speisesalz, Kaliumjodat), Glukosesirup, Gew\xc3\xbcrzextrakte, Gew\xc3\xbcrze, Stabilisator: Triphosphate, Antioxidationsmittel: Natriumascorbat, Konservierungsstoff: Natriumnitrit.N\xc3\xa4hrwerteDurchschnittliche N\xc3\xa4hrwerteUnzubereitet pro 100 gEnergie455 kJEnergie108 kcalFett2,5 gFett, davon ges\xc3\xa4ttigte Fetts\xc3\xa4uren1,1 gKohlenhydrate1 gKohlenhydrate, davon Zucker0,8 gEiwei\xc3\x9f20,2 gSalz2,1 gHinweiseAufbewahrungs- und Verwendungshinweis: Bei unter + 7\xc2\xb0CInformation: Unter Schutzatmosph\xc3\xa4re verpackt.ArtikeldetailsMarke: PonnathUrsprungsland: DeutschlandKontaktKontaktname: Ponnath DIE MEISTERMETZGER GmbHKontaktadresse: Bayreuther Str. 40, D-95478 KemnathF\xc3\xbcr die vorstehenden Angaben wird keine Haftung \xc3\xbcbernommen. Bitte pr\xc3\xbcfen Sie im Einzelfall die Angaben auf der jeweiligen Produktverpackung, nur diese sind verbindlich.Das Produktdesign kann von der Abbildung abweichen.'",Berliner Str. 41-49,Rewe,Dein Markt für italienischen Genuss,2023-07-09,"Gültig ab morgen bis Samstag, 15.07.2023"
Saupiquet Thunfisch,https://img.rewe-static.de/REWE28_2023/2071371/2519210-44_digital-image.png?impolicy=s-offers&imwidth=200&output-format=image/webp,,https://shop.rewe.de/productList?search=1729713,,"Naturale ohne Öl oder in Sonnenblumenöl , je 185-g-Dose , (1 kg = 17.79) , 140-g-Abtropfgew.",Aktion,"2,49 €","b'ProduktbeschreibungArtikelnummer 2071371Zutaten & AllergeneZutaten: THUNFISCH (Skipjack, Katsuwonus pelamis), Wasser, Salz.Allergenhinweise: Enth\xc3\xa4lt: Fisch und Fischerzeugnisse.N\xc3\xa4hrwerteDurchschnittliche N\xc3\xa4hrwerteUnzubereitet pro 100 gEnergie410 kJEnergie97 kcalFett0,5 gFett, davon ges\xc3\xa4ttigte Fetts\xc3\xa4uren0,2 gKohlenhydrate0 gKohlenhydrate, davon Zucker0 gBallaststoffe0 gEiwei\xc3\x9f23 gSalz1,3 gHinweiseAufbewahrungs- und Verwendungshinweis: Mindestens haltbar bis: siehe VerpackungsaufdruckArtikeldetailsMarke: SaupiquetNettof\xc3\xbcllmenge: 185 GUrsprungsland: EcuadorAbtropfgewicht: 140 gSorte: Naturale ohne \xc3\x96lKontaktKontaktname: Saupiquet D GmbHKontaktadresse: Postfach 9307, 47750 KrefeldMaximale Bestellmenge: 15 St\xc3\xbcckF\xc3\xbcr die vorstehenden Angaben wird keine Haftung \xc3\xbcbernommen. Bitte pr\xc3\xbcfen Sie im Einzelfall die Angaben auf der jeweiligen Produktverpackung, nur diese sind verbindlich.Das Produktdesign kann von der Abbildung abweichen.'",Berliner Str. 41-49,Rewe,Dein Markt für italienischen Genuss,2023-07-09,"Gültig ab morgen bis Samstag, 15.07.2023"
Lavazza Crema e Gusto oder Espresso,https://img.rewe-static.de/REWE28_2023/7713584/29141056-8_digital-image.png?impolicy=s-offers&imwidth=200&output-format=image/webp,,https://shop.rewe.de/productList?search=1729713,,"versch. Sorten , je 250-g-Pckg , (1 kg = 13.96)",Aktion,"3,49 €","b'ProduktbeschreibungArtikelnummer 7713584Die Mischung besteht aus einer Auswahl hochwertiger, rassiger Arabicas (30 %) und Robustas (70 %) und ist ideal f\xc3\xbcr all diejenigen geeignet, die jeden Augenblick des Tages ein intensives Geschmackserlebnis genie\xce\xb2en m\xc3\xb6chten. HinweiseAufbewahrungs- und Verwendungshinweis: trocken lagern.ArtikeldetailsMarke: LavazzaUrsprungsland: ItalienSorte: Crema e GustoKontaktKontaktname: LUIGI LAVAZZA S.p.A.Kontaktadresse: C. SO NOVARA, 59- 10154 TORINO - ITALIAMaximale Bestellmenge: 15 St\xc3\xbcckF\xc3\xbcr die vorstehenden Angaben wird keine Haftung \xc3\xbcbernommen. Bitte pr\xc3\xbcfen Sie im Einzelfall die Angaben auf der jeweiligen Produktverpackung, nur diese sind verbindlich.Das Produktdesign kann von der Abbildung abweichen.'",Berliner Str. 41-49,Rewe,Dein Markt für italienischen Genuss,2023-07-09,"Gültig ab morgen bis Samstag, 15.07.2023"
Gelb- oder weißfleischige Nektarinen,https://img.rewe-static.de/REWE28_2023/1952216/8687110-16_digital-image.png?impolicy=s-offers&imwidth=200&output-format=image/webp,,https://shop.rewe.de/productList?search=1729713,,"Kl. I , je 1 kg",Aktion,"2,99 €",nan,Berliner Str. 41-49,Rewe,Obst & Gemüse,2023-07-09,"Gültig ab morgen bis Samstag, 15.07.2023"
Cherry Romatomaten,https://img.rewe-static.de/REWE28_2023/7011307/31264808-6_digital-image.png?impolicy=s-offers&imwidth=200&output-format=image/webp,,https://shop.rewe.de/productList?search=1729713,,"Kl. I , je 400-g-Eimer , (1 kg = 6.23)",Aktion,"2,49 €",nan,Berliner Str. 41-49,Rewe,Obst & Gemüse,2023-07-09,"Gültig ab morgen bis Samstag, 15.07.2023"
Kluth Nusskernmischung,https://img.rewe-static.de/REWE28_2023/7137980/26996585-15_digital-image.png?impolicy=s-offers&imwidth=200&output-format=image/webp,,https://shop.rewe.de/productList?search=1729713,,"je 200-g-Btl , (1 kg = 14.95)",Aktion,"2,99 €","b'ProduktbeschreibungArtikelnummer 7137980Zutaten & AllergeneZutaten: CASHEWKERNE, MANDELN(blanchiert), MANDELN, R\xc3\x96MER-HASELNUSSKERNE, WALNUSSKERNEKann Spuren von weiteren Schalenfr\xc3\xbcchten und Erdn\xc3\xbcssen enthalten.Allergenhinweise: Kann enthalten: N\xc3\xbcsse und Nusserzeugnisse.N\xc3\xa4hrwerteDurchschnittliche N\xc3\xa4hrwerteUnzubereitet pro 100 gEnergie2.608 kJEnergie630 kcalFett54 gFett, davon ges\xc3\xa4ttigte Fetts\xc3\xa4uren5,6 gFett, davon einfach unges\xc3\xa4ttigte Fetts\xc3\xa4uren32 gFett, davon mehrfach unges\xc3\xa4ttigte Fetts\xc3\xa4uren14 gKohlenhydrate11 gKohlenhydrate, davon Zucker4,8 gBallaststoffe7,7 gEiwei\xc3\x9f21 gSalz0,01 gVitamin E16 mgHinweiseAufbewahrungs- und Verwendungshinweis: Bei trockener Lagerung mindestens haltbar bis Ende: siehe VerpackungsaufdruckInformation: unter Schutzatmosph\xc3\xa4re verpacktArtikeldetailsMarke: KluthUrsprungsland: DeutschlandKontaktKontaktname: Herbert Kluth (GmbH & Co. KG)Kontaktadresse: Heidekoppel 31, 24558 Henstedt-UlzburgF\xc3\xbcr die vorstehenden Angaben wird keine Haftung \xc3\xbcbernommen. Bitte pr\xc3\xbcfen Sie im Einzelfall die Angaben auf der jeweiligen Produktverpackung, nur diese sind verbindlich.Das Produktdesign kann von der Abbildung abweichen.'",Berliner Str. 41-49,Rewe,Obst & Gemüse,2023-07-09,"Gültig ab morgen bis Samstag, 15.07.2023"
Honigmelone,https://img.rewe-static.de/REWE28_2023/8436752/8613000-32_digital-image.png?impolicy=s-offers&imwidth=200&output-format=image/webp,,https://shop.rewe.de/productList?search=1729713,,"Kl. I , je St",Aktion,"2,99 €",nan,Berliner Str. 41-49,Rewe,Obst & Gemüse,2023-07-09,"Gültig ab morgen bis Samstag, 15.07.2023"
Mini Rispentomaten,https://img.rewe-static.de/REWE28_2023/1365342/31264784-8_digital-image.png?impolicy=s-offers&imwidth=200&output-format=image/webp,,https://shop.rewe.de/productList?search=1729713,,"Kl. I , je 350-g-Schale , (1 kg = 4.26)",Aktion,"1,49 €",nan,Berliner Str. 41-49,Rewe,Obst & Gemüse,2023-07-09,"Gültig ab morgen bis Samstag, 15.07.2023"
Paprika Mix,https://img.rewe-static.de/REWE28_2023/1913973/20938720-3_digital-image.png?impolicy=s-offers&imwidth=200&output-format=image/webp,,https://shop.rewe.de/productList?search=1729713,,"Kl. I , je 500-g-Pckg , (1 kg = 3.38)",Aktion,"1,69 €",nan,Berliner Str. 41-49,Rewe,Obst & Gemüse,2023-07-09,"Gültig ab morgen bis Samstag, 15.07.2023"
Gelb- oder weißfleischige Bio Nektarinen,https://img.rewe-static.de/REWE28_2023/0429803/31335233-4_digital-image.png?impolicy=s-offers&imwidth=200&output-format=image/webp,,https://shop.rewe.de/productList?search=1729713,,"Kl. II , je 1 kg",,"3,99 €",nan,Berliner Str. 41-49,Rewe,Obst & Gemüse,2023-07-09,"Gültig ab morgen bis Samstag, 15.07.2023"
Speisemöhren,https://img.rewe-static.de/REWE28_2023/8108969/34636887-3_digital-image.png?impolicy=s-offers&imwidth=200&output-format=image/webp,,https://shop.rewe.de/productList?search=1729713,,"Kl. I , je 1-kg-Btl",Aktion,"1,29 €",nan,Berliner Str. 41-49,Rewe,Obst & Gemüse,2023-07-09,"Gültig ab morgen bis Samstag, 15.07.2023"
Avocados,https://img.rewe-static.de/REWE28_2023/8906591/33086431-2_digital-image.png?impolicy=s-offers&imwidth=200&output-format=image/webp,,https://shop.rewe.de/productList?search=1729713,,"»Hass«, Kl. I , je 700-g-Netz , (1 kg = 2.84)",Aktion,"1,99 €",nan,Berliner Str. 41-49,Rewe,Obst & Gemüse,2023-07-09,"Gültig ab morgen bis Samstag, 15.07.2023"
Bio Bunte Salate,https://img.rewe-static.de/REWE28_2023/0146421/27990259-3_digital-image.png?impolicy=s-offers&imwidth=200&output-format=image/webp,,https://shop.rewe.de/productList?search=1729713,,"Kl. II , je St",,"1,99 €",nan,Berliner Str. 41-49,Rewe,Obst & Gemüse,2023-07-09,"Gültig ab morgen bis Samstag, 15.07.2023"
Rote Bio Tafeläpfel,https://img.rewe-static.de/REWE28_2023/3366162/30888510-8_digital-image.png?impolicy=s-offers&imwidth=200&output-format=image/webp,,https://shop.rewe.de/productList?search=1729713,,"Sorte: siehe Etikett, Kl. II , je 1-kg-Netz",,"1,99 €",nan,Berliner Str. 41-49,Rewe,Obst & Gemüse,2023-07-09,"Gültig ab morgen bis Samstag, 15.07.2023"
Bio Bananen,https://img.rewe-static.de/REWE28_2023/7708685/30177546-11_digital-image.png?impolicy=s-offers&imwidth=200&output-format=image/webp,,https://shop.rewe.de/productList?search=1729713,,je 1 kg,,"1,79 €",nan,Berliner Str. 41-49,Rewe,Obst & Gemüse,2023-07-09,"Gültig ab morgen bis Samstag, 15.07.2023"
Mini Gurken,https://img.rewe-static.de/REWE28_2023/7240489/32111765-5_digital-image.png?impolicy=s-offers&imwidth=200&output-format=image/webp,,https://shop.rewe.de/productList?search=1729713,,"Kl. I , je St",Aktion,"0,45 €",nan,Berliner Str. 41-49,Rewe,Obst & Gemüse,2023-07-09,"Gültig ab morgen bis Samstag, 15.07.2023"
Brombeeren,https://img.rewe-static.de/REWE28_2023/0561586/12563490-11_digital-image.png?impolicy=s-offers&imwidth=200&output-format=image/webp,,https://shop.rewe.de/productList?search=1729713,,"Kl. I , je 125-g-Schale , (1 kg = 14.32)",Aktion,"1,79 €",nan,Berliner Str. 41-49,Rewe,Obst & Gemüse,2023-07-09,"Gültig ab morgen bis Samstag, 15.07.2023"
Rispentomaten,https://img.rewe-static.de/REWE28_2023/2061181/34638052-8_digital-image.png?impolicy=s-offers&imwidth=200&output-format=image/webp,,https://shop.rewe.de/productList?search=1729713,,"Kl. I , je 1 kg",Aktion,"0,89 €",nan,Berliner Str. 41-49,Rewe,Obst & Gemüse,2023-07-09,"Gültig ab morgen bis Samstag, 15.07.2023"
Speisekartoffeln,https://img.rewe-static.de/REWE28_2023/8019779/33066527-3_digital-image.png?impolicy=s-offers&imwidth=200&output-format=image/webp,,https://shop.rewe.de/productList?search=1729713,,"Sorte, Kocheigenschaft und Ursprung: siehe Etikett, Qualität I , je 2-kg-Netz , (1 kg = 1.50)",Aktion,"2,99 €",nan,Berliner Str. 41-49,Rewe,Obst & Gemüse,2023-07-09,"Gültig ab morgen bis Samstag, 15.07.2023"
Zitronen,https://img.rewe-static.de/REWE28_2023/8131318/8722460-33_digital-image.png?impolicy=s-offers&imwidth=200&output-format=image/webp,,https://shop.rewe.de/productList?search=1729713,,"Sorte: siehe Etikett, Kl. I , je 500-g-Netz , (1 kg = 2.58)",Aktion,"1,29 €",nan,Berliner Str. 41-49,Rewe,Obst & Gemüse,2023-07-09,"Gültig ab morgen bis Samstag, 15.07.2023"
Plattnektarinen,https://img.rewe-static.de/REWE28_2023/2454901/12387090-12_digital-image.png?impolicy=s-offers&imwidth=200&output-format=image/webp,,https://shop.rewe.de/productList?search=1729713,,"Kl. I , je 500-g-Schale , (1 kg = 3.98)",Aktion,"1,99 €","b'ProduktbeschreibungArtikelnummer 2454901Spanien; Klasse I; Ursprungsland und Klasse k\xc3\xb6nnen je nach Angebot abweichen. \n\nSind im online Shop bei einem Produkt alternative Herkunftsl\xc3\xa4nder angegeben, so gilt das an der Ware ausgezeichnete Herkunftsland, welches Sie bei Warenlieferung \xc3\xbcberpr\xc3\xbcfen k\xc3\xb6nnen. ArtikeldetailsUrsprungsland: SpanienF\xc3\xbcr die vorstehenden Angaben wird keine Haftung \xc3\xbcbernommen. Bitte pr\xc3\xbcfen Sie im Einzelfall die Angaben auf der jeweiligen Produktverpackung, nur diese sind verbindlich.Das Produktdesign kann von der Abbildung abweichen.'",Berliner Str. 41-49,Rewe,Obst & Gemüse,2023-07-09,"Gültig ab morgen bis Samstag, 15.07.2023"
Eisbergsalat,https://img.rewe-static.de/REWE28_2023/1366237/36750087-3_digital-image.png?impolicy=s-offers&imwidth=200&output-format=image/webp,,https://shop.rewe.de/productList?search=1729713,,"Kl. I , je St",Aktion,"0,75 €",nan,Berliner Str. 41-49,Rewe,Obst & Gemüse,2023-07-09,"Gültig ab morgen bis Samstag, 15.07.2023"
Radieschen,https://img.rewe-static.de/REWE28_2023/6909086/4732590-14_digital-image.png?impolicy=s-offers&imwidth=200&output-format=image/webp,,https://shop.rewe.de/productList?search=1729713,,"Kl. I , je Bund",Aktion,"0,49 €",nan,Berliner Str. 41-49,Rewe,Obst & Gemüse,2023-07-09,"Gültig ab morgen bis Samstag, 15.07.2023"
Rote Stachelbeeren oder Rote Johannisbeeren,https://img.rewe-static.de/REWE28_2023/8399383/8570030-27_digital-image.png?impolicy=s-offers&imwidth=200&output-format=image/webp,,https://shop.rewe.de/productList?search=1729713,,"Kl. I , je z.B. 500 g , (1 kg = 4.98)",Aktion,"2,49 €",nan,Berliner Str. 41-49,Rewe,Obst & Gemüse,2023-07-09,"Gültig ab morgen bis Samstag, 15.07.2023"
Bio Zucchini,https://img.rewe-static.de/REWE28_2023/8181276/29354659-9_digital-image.png?impolicy=s-offers&imwidth=200&output-format=image/webp,,https://shop.rewe.de/productList?search=1729713,,"Kl. II , je 500-g-Pckg , (1 kg = 2.58)",,"1,29 €",nan,Berliner Str. 41-49,Rewe,Obst & Gemüse,2023-07-09,"Gültig ab morgen bis Samstag, 15.07.2023"
Gelb- oder weißfleischige Pfirsiche,https://img.rewe-static.de/REWE28_2023/7126212/31363907-4_digital-image.png?impolicy=s-offers&imwidth=200&output-format=image/webp,,https://shop.rewe.de/productList?search=1729713,,"Kl. I , je 1-kg-Schale",Aktion,"1,69 €",nan,Berliner Str. 41-49,Rewe,Obst & Gemüse,2023-07-09,"Gültig ab morgen bis Samstag, 15.07.2023"
Dunkle Pflaumen,https://img.rewe-static.de/REWE28_2023/7673066/20190760-11_digital-image.png?impolicy=s-offers&imwidth=200&output-format=image/webp,,https://shop.rewe.de/productList?search=1729713,,"Kl. I , je 500-g-Schale , (1 kg = 3.38)",Aktion,"1,69 €",nan,Berliner Str. 41-49,Rewe,Obst & Gemüse,2023-07-09,"Gültig ab morgen bis Samstag, 15.07.2023"
10% Rabatt auf alle REWE Beste Wahl Produkte,https://img.rewe-static.de/REWE_TH25_2023/8939024/39291866-9_digital-image.png?impolicy=s-offers&imwidth=200&output-format=image/webp,,https://shop.rewe.de/productList?search=1729713,,Beim Kauf von mindestens 2 Produkten,App Deal,-10%,nan,Berliner Str. 41-49,Rewe,Mit der REWE App sparen,2023-07-09,"Gültig ab morgen bis Samstag, 15.07.2023"
Freixenet Produkten,https://img.rewe-static.de/REWE28_2023/8467214/31461078-22_digital-image.png?impolicy=s-offers&imwidth=200&output-format=image/webp,20fach Punkte,https://shop.rewe.de/productList?search=1729713,im Gesamtwert von über 2 €,,,,nan,Berliner Str. 41-49,Rewe,PAYBACK Punkte Highlights,2023-07-09,"Gültig ab morgen bis Samstag, 15.07.2023"
Batterien Energizer/Duracell,https://img.rewe-static.de/REWE28_2023/7996783/40194438-6_digital-image.png?impolicy=s-offers&imwidth=200&output-format=image/webp,10fach Punkte,https://shop.rewe.de/productList?search=1729713,im Gesamtwert von über 2 €,,,,nan,Berliner Str. 41-49,Rewe,PAYBACK Punkte Highlights,2023-07-09,"Gültig ab morgen bis Samstag, 15.07.2023"
Ültje Produkten,https://img.rewe-static.de/REWE28_2023/7884382/33479751-4_digital-image.png?impolicy=s-offers&imwidth=200&output-format=image/webp,30fach Punkte,https://shop.rewe.de/productList?search=1729713,im Gesamtwert von über 2 €,,,,nan,Berliner Str. 41-49,Rewe,PAYBACK Punkte Highlights,2023-07-09,"Gültig ab morgen bis Samstag, 15.07.2023"
Capri Sun Produkten,https://img.rewe-static.de/REWE28_2023/0194646/26222775-19_digital-image.png?impolicy=s-offers&imwidth=200&output-format=image/webp,20fach Punkte,https://shop.rewe.de/productList?search=1729713,im Gesamtwert von über 2 €,,,,nan,Berliner Str. 41-49,Rewe,PAYBACK Punkte Highlights,2023-07-09,"Gültig ab morgen bis Samstag, 15.07.2023"
Fackelbrot,https://img.rewe-static.de/REWE28_2023/2149313/25038501-16_digital-image.png?impolicy=s-offers&imwidth=200&output-format=image/webp,,https://shop.rewe.de/productList?search=1729713,,"versch. Sorten , je 100 g",Knaller,"1,29 €","b'ProduktbeschreibungArtikelnummer 2149313Frisch f\xc3\xbcr dich aus unserer Servicetheke. \n \nZutaten: 60% Weizentortilla (69% Weizenmehl, Wasser, Raps\xc3\xb6l, Backmittel (Backtriebmittel: E500, E450; Emulgator: E471; Traubenzucker, Konservierungsstoff: E202, E282; S\xc3\xa4uerungsmittel: E296; Stabilisator: E466; Mehlbehandlungsmittel: E920; Feuchthaltemittel: E422), Leinsamen, jodiertes Speisesalz, Karamell), 27% Fr\xc3\xbchlingszwiebelf\xc3\xbcllung (Salatmayonnaise 50% Fett (Raps\xc3\xb6l, Wasser, modifizierte St\xc3\xa4rke, Eigelb, Verdickungsmittel: E401, E412; Senfsaaten, Zucker, Branntweinessig, Salz, Gew\xc3\xbcrze), 24% Fr\xc3\xbchlingszwiebel, Gew\xc3\xbcrze (Sellerie), Kr\xc3\xa4uter, Salz, Glucosesirup, Raps\xc3\xb6l, Knoblauch, S\xc3\xa4uerungsmittel: E330; Verdickungsmittel: E417, E412; Konservierungsstoffe: E211, E202; modifizierte St\xc3\xa4rke, St\xc3\xa4rke, Maltodextrin, Hefe, Milcheiwei\xc3\x9f), 13 % Cheddar-Mozzarella-K\xc3\xa4semix 45% Fett i.Tr. (Milch, Salz, St\xc3\xa4rke, Farbstoff: E160b). \n \nN\xc3\xa4hrwerte je 100g: \nEnergie: 1390kJ \nEnergie: 332kcal \nFett: 19g \nFett, davon ges\xc3\xa4ttigte Fetts\xc3\xa4uren: 4,7g \nKohlenhydrate: 31g \nKohlenhydrate, davon Zucker: 2,5g \nEiwei\xc3\x9f: 9g \nNatrium: 0,8g \nBallaststoffe: 2,2g \n \nHerkunftsland: \nWeizentortilla: D\xc3\xa4nemark \nFr\xc3\xbchlingszwiebelf\xc3\xbcllung: Deutschland \nCheddar-Mozzarella-K\xc3\xa4semix: Niederlande... mehr anzeigenZutaten & AllergeneZutaten: 60% WEIzenfladen (WEIZENMEHL, Wasser, Palm\xc3\xb6l, jodiertes SpEIsesalz (SpEIsesalz, Kaliumjodat), LEInsamen, Backtriebmittel E500, S\xc3\xa4ureregulator E330, E296, Verdickungsmittel E412, Feuchthaltemittel E422, Emulgator E471, Konservierungsstoffe E202, E282), 26% Fr\xc3\xbchlingszwiebelf\xc3\xbcllung (Salatmayonnaise 50% Fett (Raps\xc3\xb6l, Wasser, modifizierte St\xc3\xa4rke, EIgelb, Verdickungsmittel E401, E412, SENFsaat, Zucker, BranntwEInessig, Salz, Gew\xc3\xbcrze), 24% Fr\xc3\xbchlingszwiebel, Gew\xc3\xbcrze (SELLERIE), Kr\xc3\xa4uter, Salz, Glucosesirup, Raps\xc3\xb6l, Knoblauch, S\xc3\xa4uerungsmittel E330, Verdickungsmittel E417, E412, Konservierungsstoffe E211, E202, modifizierte St\xc3\xa4rke, St\xc3\xa4rke, Maltodextrin, Hefe, MILCHEIwEI\xc3\x9f), 13 % Cheddar-Mozzarella-K\xc3\xa4semix 45% Fett i.Tr. (MILCH, SpEIsesalz, St\xc3\xa4rke, Farbstoff E160b), Karamell, f\xc3\xa4rbend.  Sesam, Soja, Sulfit, Erdnuss, LupineArtikeldetailsMarke: BardF\xc3\xbcr die vorstehenden Angaben wird keine Haftung \xc3\xbcbernommen. Bitte pr\xc3\xbcfen Sie im Einzelfall die Angaben auf der jeweiligen Produktverpackung, nur diese sind verbindlich.Das Produktdesign kann von der Abbildung abweichen.'",Berliner Str. 41-49,Rewe,Frische & Convenience,2023-07-09,"Gültig ab morgen bis Samstag, 15.07.2023"
Schweine-Filet,https://img.rewe-static.de/REWE28_2023/2532018/34373114-10_digital-image.png?impolicy=s-offers&imwidth=200&output-format=image/webp,,https://shop.rewe.de/productList?search=1729713,,je 100 g,Knaller,"0,88 €","b'ProduktbeschreibungArtikelnummer 2532018Das beste St\xc3\xbcck vom Schwein, ideal auch f\xc3\xbcr Medaillons; SB-verpackt. Ursprung: Deutschland. Um einen Hinweis zur tats\xc3\xa4chlichen Herkunft zu erhalten, beachten Sie bitte die Angaben auf der Ihnen gelieferten Ware selbst; nur diese sind ma\xc3\x9fgeblich wie auch verbindlich. VOR DEM VERZEHR GUT DURCHGAREN. NICHT ZUM ROHVERZEHR GEEIGNET. Die Haltbarkeit des Produktes ist bis zum angegebenen Datum durch die Einhaltung der angegebenen Temperatur gesichert. Bei einer Unterbrechung der K\xc3\xbchlkette \xc3\xbcber +4 \xc2\xb0C, empfehlen wir Ihnen den Verzehr am Tag des Einkaufes. Nach \xc3\x96ffnen der Packung Ware noch am selben Tag verwenden.... mehr anzeigenZutaten & AllergeneZutaten: -  -N\xc3\xa4hrwerteDurchschnittliche N\xc3\xa4hrwertepro 100 gEnergie448 kJEnergie106 kcalFett2 gFett, davon ges\xc3\xa4ttigte Fetts\xc3\xa4uren0,7 gKohlenhydrate0 gKohlenhydrate, davon Zucker0 gBallaststoffe0 gEiwei\xc3\x9f22 gSalz0,19 gArtikeldetailsMarke: Wilhelm BrandenburgNachhaltigkeitWeitere Informationen zu den Siegeln findest du in unserer Siegelkunde.Maximale Bestellmenge: 15 St\xc3\xbcckF\xc3\xbcr die vorstehenden Angaben wird keine Haftung \xc3\xbcbernommen. Bitte pr\xc3\xbcfen Sie im Einzelfall die Angaben auf der jeweiligen Produktverpackung, nur diese sind verbindlich.Das Produktdesign kann von der Abbildung abweichen.'",Berliner Str. 41-49,Rewe,Frische & Convenience,2023-07-09,"Gültig ab morgen bis Samstag, 15.07.2023"
Spare Ribs,https://img.rewe-static.de/REWE28_2023/2290040/31070165-4_digital-image.png?impolicy=s-offers&imwidth=200&output-format=image/webp,,https://shop.rewe.de/productList?search=1729713,,"vom Schwein, in versch. Marinaden, SB-verpackt , je 1 kg",Knaller,"9,90 €",nan,Berliner Str. 41-49,Rewe,Frische & Convenience,2023-07-09,"Gültig ab morgen bis Samstag, 15.07.2023"
Rote Wurst,https://img.rewe-static.de/REWE28_2023/7731883/23270769-10_digital-image.png?impolicy=s-offers&imwidth=200&output-format=image/webp,,https://shop.rewe.de/productList?search=1729713,,je 100 g,Aktion,"0,88 €","b'ProduktbeschreibungArtikelnummer 7731883Frisch f\xc3\xbcr dich aus unserer Servicetheke.\n\nZutaten: Schweinefleisch 80%, Wasser, Speck, jodiertes Speisesalz (Speisesalz, Kaliumjodat), Konservierungsstoff (Natriumnitrit), Gew\xc3\xbcrze, Stabilisatoren (Natriumcitrate, Diphosphate), Dextrose, Antioxidationsmittel (Ascorbins\xc3\xa4ure) , Gew\xc3\xbcrzextrakte, Maltodextrin, Schweinedarm, Rauch.\n\nKann Spuren von GLUTEN, MILCH und SENF enthalten.\n\nN\xc3\xa4hrwerte je 100g:\nEnergie: 1179kJ\nEnergie: 285kcal\nFett: 26g\nFett, davon ges\xc3\xa4ttigte Fetts\xc3\xa4uren: 12g\nKohlenhydrate: 0,5g\nKohlenhydrate, davon Zucker: 0,5g\nEiwei\xc3\x9f: 12g\nSalz: 2,2g... mehr anzeigenArtikeldetailsMarke: Wilhelm BrandenburgMaximale Bestellmenge: 15 St\xc3\xbcckF\xc3\xbcr die vorstehenden Angaben wird keine Haftung \xc3\xbcbernommen. Bitte pr\xc3\xbcfen Sie im Einzelfall die Angaben auf der jeweiligen Produktverpackung, nur diese sind verbindlich.Das Produktdesign kann von der Abbildung abweichen.Bei abgewogenen Waren zahlen Sie die im Markt tats\xc3\xa4chlich gewogene Menge. Der bei Abholung oder Lieferung zu zahlende Betrag kann deshalb von dem hier angegebenen Betrag abweichen. F\xc3\xbcr die Berechnung des hier angegebenen Betrags wird ein Durchschnittsgewicht des jeweiligen Artikels zu Grunde gelegt.'",Berliner Str. 41-49,Rewe,Frische & Convenience,2023-07-09,"Gültig ab morgen bis Samstag, 15.07.2023"
Bresso Kräuter der Provence,https://img.rewe-static.de/REWE28_2023/4533135/9167380-57_digital-image.png?impolicy=s-offers&imwidth=200&output-format=image/webp,,https://shop.rewe.de/productList?search=1729713,,"60% Fett i.Tr. , je 150-g-Pckg , (1 kg = 9.27)",Aktion,"1,39 €","b'ProduktbeschreibungArtikelnummer 4533135Die Qualit\xc3\xa4t der exklusiv von BRESSO entwickelten Kr\xc3\xa4uter-Mischung wird durch die Auswahl eigener Setzlinge und deren Anbau in der Provence garantiert. BRESSO steht f\xc3\xbcr unbeschwerten Frischk\xc3\xa4se-Genuss & provenzalisch-mediterrane Lebensweise. \nDie hohe Qualit\xc3\xa4t der vielf\xc3\xa4ltigen Zutaten kombiniert mit locker aufgeschlagenem Frischk\xc3\xa4se machen unseren BRESSO so besonders.\nDie Qualit\xc3\xa4t der exklusiv von BRESSO verwendeten Kr\xc3\xa4uter wird durch die Auswahl eigener Setzlinge & deren Anbau in der Provence garantiert. \nBRESSO. BESTE ZUTATEN IN LUFTIG-LOCKEREN FRISCHK\xc3\x84SE.\nOHNE GENTECHNIK, gem\xc3\xa4\xc3\x9f dem deutschen EG-Gentechnik-Durchf\xc3\xbchrungsgesetz.Zutaten & AllergeneZutaten: FRISCHK\xc3\x84SE, CREME FRA\xc3\x8eCHE, BUTTER, Kr\xc3\xa4uter der Provence, Kr\xc3\xa4uter, St\xc3\xa4rke, Gew\xc3\xbcrze, Speisesalz, nat\xc3\xbcrliche Aromen, Stickstoff zum Aufschlagen. Kann Spuren von Sellerie enthalten.Allergenhinweise: MilchEnth\xc3\xa4lt: Milch und Milcherzeugnisse (einschlie\xc3\x9flich Lactose). Kann enthalten: Sellerie und Sellerieerzeugnisse.N\xc3\xa4hrwerteDurchschnittliche N\xc3\xa4hrwerteUnzubereitet pro 100 gEnergie974 kJEnergie235 kcalFett21 gFett, davon ges\xc3\xa4ttigte Fetts\xc3\xa4uren14 gKohlenhydrate4,4 gKohlenhydrate, davon Zucker2,8 gEiwei\xc3\x9f7,2 gSalz1,1 gHinweiseAufbewahrungs- und Verwendungshinweis: Bei +2\xc2\xb0C bis +8\xc2\xb0C mindestens haltbar bis: siehe VerpackungsaufdruckInformation: 62% Fett i.Tr./F.i.T.ArtikeldetailsMarke: BressoUrsprungsland: DeutschlandKontaktKontaktname: Edelweiss GmbH & Co.KGKontaktadresse: D-87435 Kempten/Allg\xc3\xa4uMaximale Bestellmenge: 15 St\xc3\xbcckF\xc3\xbcr die vorstehenden Angaben wird keine Haftung \xc3\xbcbernommen. Bitte pr\xc3\xbcfen Sie im Einzelfall die Angaben auf der jeweiligen Produktverpackung, nur diese sind verbindlich.Das Produktdesign kann von der Abbildung abweichen.'",Berliner Str. 41-49,Rewe,Frische & Convenience,2023-07-09,"Gültig ab morgen bis Samstag, 15.07.2023"
Etorki,https://img.rewe-static.de/REWE28_2023/7327242/24091218-12_digital-image.png?impolicy=s-offers&imwidth=200&output-format=image/webp,,https://shop.rewe.de/productList?search=1729713,,"frz. Schnittkäse, aus Schafsmilch hergestellt, 54% Fett i.Tr. , je 100 g",Aktion,"1,89 €","b'ProduktbeschreibungArtikelnummer 7327242Frisch f\xc3\xbcr dich aus unserer Servicetheke. \n \nZutaten: pasteurisierte SCHAFSMILCH, Speisesalz, Konservierungsstoffe: Natamycin, LYSOZYM (aus EI), tierisches Lab. \n \nAllergene: Kuh-, Ziegen- und SCHAFSMILCH. \n \nLaktosefrei* \n*Laktosegehalt: unter 0, 1g/100g \n \nKunststoff\xc3\xbcberzug nicht zum Verzehr geeignet! Hergestellt in Maul\xc3\xa9on im Herzen des Baskenlandes, aus Schafsmilch, die in einem Umkreis von 80 km um die K\xc3\xa4serei gesammelt wird.  ETORKI\xc2\xae RESERVE symbolisiert die ganze Kraft und den Reichtum des Baskenlandes. Von unseren K\xc3\xa4semeistern gereift und ausgew\xc3\xa4hlt, ist sein Geschmack offen und schafartig. Seine Textur ist schmelzend und charakteristisch.Zutaten & AllergeneZutaten: pasteurisierte SCHAFSMILCH, Speisesalz, K\xc3\xa4sereikulturen, Lab, Konservierungsstoffe Natamycin (in der Rinde), Lysozym ( aus EIKLAR ). Hergestellt in einer K\xc3\xa4serei die Kuh- , Ziegen - und Schafsmilch verarbeitet.Allergenhinweise: Milch,EiklarEnth\xc3\xa4lt: Milch und Milcherzeugnisse (einschlie\xc3\x9flich Lactose). Eier und Eierzeugnisse.N\xc3\xa4hrwerteDurchschnittliche N\xc3\xa4hrwerteUnzubereitet pro 100 gEnergie1.629 kJEnergie393 kcalFett33 gFett, davon ges\xc3\xa4ttigte Fetts\xc3\xa4uren23 gKohlenhydrate< 0,5 gKohlenhydrate, davon Zucker< 0,5 gEiwei\xc3\x9f24 gSalz1,5 gCalcium710 mgHinweiseAufbewahrungs- und Verwendungshinweis: Bei +2\xc2\xb0C bis +8\xc2\xb0C mindestens haltbar bis: siehe VerpackungsaufdruckInformation: Kunststoff\xc3\xbcberzug nicht zum Verzehr geeignet., 54% Fett i.Tr.ArtikeldetailsMarke: EtorkiUrsprungsland: FrankreichKontaktKontaktname: Fromageries des ChaumesKontaktadresse: 155 avenue Rauski 64110 Juran\xc3\xa7on FranceMaximale Bestellmenge: 15 St\xc3\xbcckF\xc3\xbcr die vorstehenden Angaben wird keine Haftung \xc3\xbcbernommen. Bitte pr\xc3\xbcfen Sie im Einzelfall die Angaben auf der jeweiligen Produktverpackung, nur diese sind verbindlich.Das Produktdesign kann von der Abbildung abweichen.'",Berliner Str. 41-49,Rewe,Frische & Convenience,2023-07-09,"Gültig ab morgen bis Samstag, 15.07.2023"
St. Mang Allgäuer Limburger,https://img.rewe-static.de/REWE28_2023/4485173/942460-35_digital-image.png?impolicy=s-offers&imwidth=200&output-format=image/webp,,https://shop.rewe.de/productList?search=1729713,,"Weichkäse, 40% Fett i.Tr. , je 200-g-Pckg , (1 kg = 9.45)",Aktion,"1,89 €","b'ProduktbeschreibungArtikelnummer 4485173Der St.Mang Limburger ist ein \xe2\x80\x9eOriginal Allg\xc3\xa4uer\xe2\x80\x9c \xe2\x80\x93 so charaktervoll und\nausdrucksstark, wie das Allg\xc3\xa4u. Zur  Herstellung unserer K\xc3\xa4sespezialit\xc3\xa4ten verwenden wir nur\nbeste Allg\xc3\xa4uer Kuhmilch und die Original St.Mang Rotkulturen, welche unserem Limburger seine typische orangerote Rinde verleihen. Der Geschmack entwickelt sich je nach Reifestadium von\nmild-w\xc3\xbcrzig bis herzhaft-pikant.Zutaten & AllergeneZutaten: pasteurisierte MILCH, Salz, mikrobielles Lab, Milchs\xc3\xa4uerungskulturen, Reifungskulturen.Allergenhinweise: Enth\xc3\xa4lt: Milch und Milcherzeugnisse (einschlie\xc3\x9flich Lactose).N\xc3\xa4hrwerteDurchschnittliche N\xc3\xa4hrwerteUnzubereitet pro 100 gEnergie1.103 kJEnergie265 kcalFett19 gFett, davon ges\xc3\xa4ttigte Fetts\xc3\xa4uren12 gKohlenhydrate< 0,5 gKohlenhydrate, davon Zucker< 0,5 gEiwei\xc3\x9f23 gSalz2,3 gHinweiseAufbewahrungs- und Verwendungshinweis: Bei +2\xc2\xb0C - +8\xc2\xb0C mindestens haltbar bis: siehe Verpackungsaufdruck.ArtikeldetailsMarke: St. MangNettof\xc3\xbcllmenge: 200 GEigenschaften: VegetarischUrsprungsland: DeutschlandKontaktKontaktname: Mang K\xc3\xa4sewerkKontaktadresse: Untere Hauptstra\xc3\x9fe 287754 Kammlach/Allg\xc3\xa4uMaximale Bestellmenge: 15 St\xc3\xbcckF\xc3\xbcr die vorstehenden Angaben wird keine Haftung \xc3\xbcbernommen. Bitte pr\xc3\xbcfen Sie im Einzelfall die Angaben auf der jeweiligen Produktverpackung, nur diese sind verbindlich.Das Produktdesign kann von der Abbildung abweichen.'",Berliner Str. 41-49,Rewe,Frische & Convenience,2023-07-09,"Gültig ab morgen bis Samstag, 15.07.2023"
Schulte Edelsalami,https://img.rewe-static.de/REWE28_2023/8261047/25900106-4_digital-image.png?impolicy=s-offers&imwidth=200&output-format=image/webp,,https://shop.rewe.de/productList?search=1729713,,"mit Rind , je 100 g",Aktion,"1,99 €","b'ProduktbeschreibungArtikelnummer 8261047Frisch f\xc3\xbcr dich aus unserer Servicetheke. \n \nZutaten Schweinefleisch, Rindfleisch, jodiertes Speisesalz (Speisesalz, Kaliumjodat),Gew\xc3\xbcrze, Dextrose, Antioxidationsmittel: Natriumascorbat, Konservierungsstoff: Natriumnitrit, Reifekultur, Buchenholzrauch. \n \nKann Spuren von SENF, SELLERIE und MILCH enthalten. \n \n100g Salami werden aus 108g Schweinefleisch und 27g Rindfleisch hergestellt. \n \nN\xc3\xa4hrwerte je 100g: \nEnergie: 1387kJ \nEnergie: 334kcal \nFett: 26g \nFett, davon ges\xc3\xa4ttigte Fetts\xc3\xa4uren: 12,2g \nKohlenhydrate: 1g \nKohlenhydrate, davon Zucker: 1g \nEiwei\xc3\x9f: 24g \nSalz: 3,8g... mehr anzeigenArtikeldetailsMarke: SchulteMaximale Bestellmenge: 15 St\xc3\xbcckF\xc3\xbcr die vorstehenden Angaben wird keine Haftung \xc3\xbcbernommen. Bitte pr\xc3\xbcfen Sie im Einzelfall die Angaben auf der jeweiligen Produktverpackung, nur diese sind verbindlich.Das Produktdesign kann von der Abbildung abweichen.'",Berliner Str. 41-49,Rewe,Frische & Convenience,2023-07-09,"Gültig ab morgen bis Samstag, 15.07.2023"
Gazi Schaf- oder Ziegenkäse,https://img.rewe-static.de/REWE28_2023/7711509/37883476-6_digital-image.png?impolicy=s-offers&imwidth=200&output-format=image/webp,,https://shop.rewe.de/productList?search=1729713,,"50% Fett i.Tr. , je 150-g-Pckg , (1 kg = 14.60)",Aktion,"2,19 €","b'ProduktbeschreibungArtikelnummer 7711509Zutaten & AllergeneZutaten: pasteurisierte SCHAFMILCH, Speisesalz, mikrobielles Lab, Milchs\xc3\xa4urekulturenAllergenhinweise: Enth\xc3\xa4lt: Milch und Milcherzeugnisse (einschlie\xc3\x9flich Lactose).N\xc3\xa4hrwerteDurchschnittliche N\xc3\xa4hrwerteUnzubereitet pro 100 gEnergie1.140 kJEnergie275 kcalFett23 gFett, davon ges\xc3\xa4ttigte Fetts\xc3\xa4uren17 gKohlenhydrate1 gKohlenhydrate, davon Zucker0,1 gEiwei\xc3\x9f16 gSalz2,4 gHinweiseAufbewahrungs- und Verwendungshinweis: Unge\xc3\xb6ffnet bei +4\xc2\xb0C bis +8\xc2\xb0C mindestens haltbar bis: siehe AufdruckInformation: 50% Fett i.Tr.ArtikeldetailsMarke: GaziNettof\xc3\xbcllmenge: 150 GUrsprungsland: GriechenlandKontaktKontaktname: garmo AGKontaktadresse: Ulmer Stra\xc3\x9fe 181-191, 70188 StuttgartF\xc3\xbcr die vorstehenden Angaben wird keine Haftung \xc3\xbcbernommen. Bitte pr\xc3\xbcfen Sie im Einzelfall die Angaben auf der jeweiligen Produktverpackung, nur diese sind verbindlich.Das Produktdesign kann von der Abbildung abweichen.'",Berliner Str. 41-49,Rewe,Frische & Convenience,2023-07-09,"Gültig ab morgen bis Samstag, 15.07.2023"
"Zwiebelmettwurst, Zwiebelmettwurst- kugel oder Puten-zwiebelmettwurst",https://img.rewe-static.de/REWE28_2023/7225733/30597714-6_digital-image.png?impolicy=s-offers&imwidth=200&output-format=image/webp,,https://shop.rewe.de/productList?search=1729713,,je 100 g,Aktion,"1,49 €","b'ProduktbeschreibungArtikelnummer 7225733Frisch f\xc3\xbcr dich aus unserer Servicetheke. \n \nZutaten: 91 % Schweinefleisch, S\xc3\xa4ureregulator Kaliumlactrat, jodiertes Nitritp\xc3\xb6kelsalz (Speisesalz), Konservierungsstoff Natriumnitrit, S\xc3\xa4uerungsmittel: MILCHS\xc3\x84URE, Zwiebeln, Trockenglukosesirup, Verdickungsmittel: Guarkernmehl, Johannisbrotkernmehl, Xanthan, Gew\xc3\xbcrze (enth\xc3\xa4lt SELLERIE), Dextrose, Geschmacksverst\xc3\xa4rker: Mononatriumglutamat, Antioxidationsmittel: Natriumascorbat, Ascorbins\xc3\xa4ure. \n \nKann Spuren von SENF enthalten. \n \nN\xc3\xa4hrwerte je 100g: \nEnergie: 655kJ \nEnergie: 157kcal \nFett: 8,5g \nFett, davon ges\xc3\xa4ttigt: 4,5g \nKohlenhydrate: 1g \nKohlenhydrate, davon Zucker: 1g \nEiwei\xc3\x9f: 19g \nSalz: 2,5g... mehr anzeigenZutaten & AllergeneAllergenhinweise: nullN\xc3\xa4hrwerteDurchschnittliche N\xc3\xa4hrwerteUnzubereitet pro 100 gEnergie655 kJEnergie157 kcalFett8,5 gFett, davon ges\xc3\xa4ttigte Fetts\xc3\xa4uren4,5 gKohlenhydrate1 gKohlenhydrate, davon Zucker1 gEiwei\xc3\x9f19 gSalz2,5 gArtikeldetailsMarke: Wilhelm BrandenburgMaximale Bestellmenge: 15 St\xc3\xbcckF\xc3\xbcr die vorstehenden Angaben wird keine Haftung \xc3\xbcbernommen. Bitte pr\xc3\xbcfen Sie im Einzelfall die Angaben auf der jeweiligen Produktverpackung, nur diese sind verbindlich.Das Produktdesign kann von der Abbildung abweichen.Bei abgewogenen Waren zahlen Sie die im Markt tats\xc3\xa4chlich gewogene Menge. Der bei Abholung oder Lieferung zu zahlende Betrag kann deshalb von dem hier angegebenen Betrag abweichen. F\xc3\xbcr die Berechnung des hier angegebenen Betrags wird ein Durchschnittsgewicht des jeweiligen Artikels zu Grunde gelegt.'",Berliner Str. 41-49,Rewe,Frische & Convenience,2023-07-09,"Gültig ab morgen bis Samstag, 15.07.2023"
Spinat-Käse-Bratwurst,https://img.rewe-static.de/REWE28_2023/0074010/25041032-9_digital-image.png?impolicy=s-offers&imwidth=200&output-format=image/webp,,https://shop.rewe.de/productList?search=1729713,,"je 3 x 90-g-Pckg , (1 kg = 10.33)",Aktion,"2,79 €","b'ProduktbeschreibungArtikelnummer 74010Zutaten & AllergeneZutaten: Schweinefleisch 62%, Spinat 12%, K\xc3\x84SE 10%, Wasser, jodiertes Speisesalz, Gew\xc3\xbcrze, Maismehl, Glukosesirup, Emulgator Mono- und Diglyceride von Speisefetts\xc3\xa4uren, Stabilisatoren (Natriumcitrate, Diphosphate), Dextrose, Zitronen\xc3\xb6l, Gew\xc3\xbcrzextrakte, S\xc3\xa4uerungsmittel Citronens\xc3\xa4ure, Antioxidationsmittel Ascorbins\xc3\xa4ure, S\xc3\xa4ureregulator Natriumacetate, Schweinedarm. Zusatzstoffe: E 262, E 300, E 330, E 331, E 450, E 471N\xc3\xa4hrwerteDurchschnittliche N\xc3\xa4hrwertepro 100 gEnergie983 kJEnergie237 kcalFett18,4 gFett, davon ges\xc3\xa4ttigte Fetts\xc3\xa4uren8,3 gKohlenhydrate1,8 gKohlenhydrate, davon Zucker0,8 gBallaststoffe0,1 gEiwei\xc3\x9f15,9 gSalz1,77 gArtikeldetailsMarke: Wilhelm BrandenburgKontaktKontaktname: Metzgerei Robert M\xc3\xbcller Gro\xc3\x9fkunden GmbHKontaktadresse: Industriestr. 2;36103;Flieden;DEUF\xc3\xbcr die vorstehenden Angaben wird keine Haftung \xc3\xbcbernommen. Bitte pr\xc3\xbcfen Sie im Einzelfall die Angaben auf der jeweiligen Produktverpackung, nur diese sind verbindlich.Das Produktdesign kann von der Abbildung abweichen.'",Berliner Str. 41-49,Rewe,Frische & Convenience,2023-07-09,"Gültig ab morgen bis Samstag, 15.07.2023"
Merl Zarte Heringsfilets,https://img.rewe-static.de/REWE28_2023/6920730/7398540-35_digital-image.png?impolicy=s-offers&imwidth=200&output-format=image/webp,,https://shop.rewe.de/productList?search=1729713,,"in Sahnesauce, versch. Sorten , je 250-g-Becher , (1 kg = 9.16)",Aktion,"2,29 €","b'ProduktbeschreibungArtikelnummer 6920730Ohne KonservierungsstoffeZutaten & AllergeneZutaten: 40% enth\xc3\xa4utete HERINGSFILETS ,40% Sahnesauce ( Raps\xc3\xb6l,Trinkwasser, Zucker, SAURE SAHNE, 10% SCHLAGSAHNE,Branntweinessig, EIGELB, Speisesalz, SENFMEHL, Gew\xc3\xbcrze,Verdickungsmittel (Johannisbrotkernmehl,Guarkernmehl)), 7% \xc3\x84pfel,7% Zwiebeln, 6% Gurken.Hering (Clupea harengus),gefangen im Nordostatlantik (Nordsee undNorwegische See),FAO (27-16,27-03),Fangmethoden: Ringwaden ohne FADs und pelagische SchleppnetzeN\xc3\xa4hrwerteDurchschnittliche N\xc3\xa4hrwerteUnzubereitet pro 100 gEnergie1.033 kJEnergie249 kcalFett20,7 gFett, davon ges\xc3\xa4ttigte Fetts\xc3\xa4uren3,1 gKohlenhydrate7,2 gKohlenhydrate, davon Zucker7,1 gBallaststoffe0,3 gEiwei\xc3\x9f7,8 gSalz1,4 gHinweiseAufbewahrungs- und Verwendungshinweis: Bei +2\xc2\xb0C bis +7\xc2\xb0C mindestens haltbar bis: siehe AufdruckArtikeldetailsMarke: MerlNettof\xc3\xbcllmenge: 250 GUrsprungsland: DeutschlandSorte: In SahnesauceKontaktKontaktname: Edmund Merl GmbH & Co. KGKontaktadresse: 50321 Br\xc3\xbchl Wesselinger Str. 18-20Maximale Bestellmenge: 15 St\xc3\xbcckF\xc3\xbcr die vorstehenden Angaben wird keine Haftung \xc3\xbcbernommen. Bitte pr\xc3\xbcfen Sie im Einzelfall die Angaben auf der jeweiligen Produktverpackung, nur diese sind verbindlich.Das Produktdesign kann von der Abbildung abweichen.'",Berliner Str. 41-49,Rewe,Frische & Convenience,2023-07-09,"Gültig ab morgen bis Samstag, 15.07.2023"
Deutsche See Lachs-Filet,https://img.rewe-static.de/REWE28_2023/8437260/30793152-8_digital-image.png?impolicy=s-offers&imwidth=200&output-format=image/webp,,https://shop.rewe.de/productList?search=1729713,,"mit Haut , je 250-g-Schale , (1 kg = 19.96)",Aktion,"4,99 €","b'ProduktbeschreibungArtikelnummer 8437260Zutaten & AllergeneZutaten: LACHSFILETAllergenhinweise: Enth\xc3\xa4lt: Fisch und Fischerzeugnisse.N\xc3\xa4hrwerteDurchschnittliche N\xc3\xa4hrwerteUnzubereitet pro 100 gEnergie924 kJEnergie222 kcalFett16 gFett, davon ges\xc3\xa4ttigte Fetts\xc3\xa4uren3,3 gKohlenhydrate0 gKohlenhydrate, davon Zucker0 gEiwei\xc3\x9f20,2 gSalz0,24 gHinweiseAufbewahrungs- und Verwendungshinweis: bei 0 - 2\xc2\xb0CInformation: Nur im durchgegarten Zustand verzehren!. Auf 70 \xc2\xb0C Kerntemperatur erhitzen und mind. 2 Min. halten. Unter Schutzatmosp\xc3\xa4re verpackt.ArtikeldetailsMarke: Deutsche SeeUrsprungsland: DeutschlandKontaktKontaktname: Deutsche See GmbHKontaktadresse: Maifischstrasse 3-9, 27572 BremerhavenF\xc3\xbcr die vorstehenden Angaben wird keine Haftung \xc3\xbcbernommen. Bitte pr\xc3\xbcfen Sie im Einzelfall die Angaben auf der jeweiligen Produktverpackung, nur diese sind verbindlich.Das Produktdesign kann von der Abbildung abweichen.'",Berliner Str. 41-49,Rewe,Frische & Convenience,2023-07-09,"Gültig ab morgen bis Samstag, 15.07.2023"
Virginia Pfefferschinken,https://img.rewe-static.de/REWE28_2023/1428942/37769208-6_digital-image.png?impolicy=s-offers&imwidth=200&output-format=image/webp,,https://shop.rewe.de/productList?search=1729713,,"geräuchert und luftgetrocknet, besonders mild , je 100 g",Aktion,"2,79 €","b'ProduktbeschreibungArtikelnummer 1428942Frisch f\xc3\xbcr dich aus unserer Servicetheke. \n \nZutaten: Schweinefleisch, Speisesalz, Dextrose, Maltodextrin, Gew\xc3\xbcrze, Kr\xc3\xa4uter, Kr\xc3\xa4uterextrakte, S\xc3\xa4ureregulator: Natriumlactat, Geschmacksverst\xc3\xa4rker: Mononatriumglutamat, Antioxidationsmittel: Natriumascorbat, Konservierungsstoff: Natriumnitrit, Kaliumnitrat, Fermente, Raucharoma, Rauch. \n \nPfefferh\xc3\xbclle: Pfeffer, St\xc3\xa4rke, MILCHPULVER, Schweinegelatine, Konservierungsstoff: Kaliumsorbat. \n \n100g Produkt bereitet aus 135g Fleisch und 4g Pfeffer. Zutaten & AllergeneAllergenhinweise: nullN\xc3\xa4hrwerteDurchschnittliche N\xc3\xa4hrwerteUnzubereitet pro 100 gEnergie602 kJEnergie143 kcalFett3 gFett, davon ges\xc3\xa4ttigte Fetts\xc3\xa4uren1,1 gKohlenhydrate0,9 gKohlenhydrate, davon Zucker0,9 gEiwei\xc3\x9f28 gSalz4,4 gMaximale Bestellmenge: 15 St\xc3\xbcckF\xc3\xbcr die vorstehenden Angaben wird keine Haftung \xc3\xbcbernommen. Bitte pr\xc3\xbcfen Sie im Einzelfall die Angaben auf der jeweiligen Produktverpackung, nur diese sind verbindlich.Das Produktdesign kann von der Abbildung abweichen.'",Berliner Str. 41-49,Rewe,Frische & Convenience,2023-07-09,"Gültig ab morgen bis Samstag, 15.07.2023"
REWE Beste Wahl Tagliatelle,https://img.rewe-static.de/REWE28_2023/0118047/22923270-33_digital-image.png?impolicy=s-offers&imwidth=200&output-format=image/webp,,https://shop.rewe.de/productList?search=1729713,,"je 400-g-Btl , (1 kg = 3.73)",Aktion,"1,49 €","b'ProduktbeschreibungArtikelnummer 118047Hergestellt f\xc3\xbcr: REWE Markt GmbH, D-50603 K\xc3\xb6ln Zutaten & AllergeneZutaten: HARTWEIZENGRIESS, Wasser, VOLLEI* 13%, Raps\xc3\xb6l, Speisesalz.*aus FreilandhaltungAllergenhinweise: Eier und Eierzeugnisse , Glutenhaltiges Getreide (Weizen, Gerste, Roggen, Hafer, Dinkel, Kamut oder Hybridst\xc3\xa4mme)N\xc3\xa4hrwerteDurchschnittliche N\xc3\xa4hrwertepro 100 gEnergie759 kJEnergie180 kcalFett2,5 gFett, davon ges\xc3\xa4ttigte Fetts\xc3\xa4uren0,5 gKohlenhydrate31 gKohlenhydrate, davon Zucker0,5 gEiwei\xc3\x9f7 gSalz0,5 gHinweiseVerwendungshinweise: bei +2 \xc2\xb0C bis +7 \xc2\xb0C lagernArtikeldetailsMarke: REWE Beste WahlUrsprungsland: DeutschlandKontaktKontaktname: Landmanns GmbHKontaktadresse: 91183 Abenberg, DeutschlandMaximale Bestellmenge: 15 St\xc3\xbcckF\xc3\xbcr die vorstehenden Angaben wird keine Haftung \xc3\xbcbernommen. Bitte pr\xc3\xbcfen Sie im Einzelfall die Angaben auf der jeweiligen Produktverpackung, nur diese sind verbindlich.Das Produktdesign kann von der Abbildung abweichen.'",Berliner Str. 41-49,Rewe,Frische & Convenience,2023-07-09,"Gültig ab morgen bis Samstag, 15.07.2023"
Palatum Partyschale,https://img.rewe-static.de/REWE28_2023/1387047/24370859-16_digital-image.png?impolicy=s-offers&imwidth=200&output-format=image/webp,,https://shop.rewe.de/productList?search=1729713,,"versch. Sorten , je 270-g-Schale , (1 kg = 14.78)",Aktion,"3,99 €","b'ProduktbeschreibungArtikelnummer 1387047Zutaten & AllergeneZutaten: Oliven gr\xc3\xbcn ohne Stein , Gem\xc3\xbcsek\xc3\xbcrbisse, Champignon gegrillt, Sonnenblumen\xc3\xb6l, FRISCHK\xc3\x84SE (66 % Fett i.Tr., aus Kuhmilch), Kirschpaprika, Oliven\xc3\xb6l, Zucker, Peperoni, Salz, Ahornsirup, Kr\xc3\xa4uter, Gew\xc3\xbcrzmischung, Knoblauch, modifizierte St\xc3\xa4rke (Mais), Festigungsmittel: Calciumchlorid, Antioxidationsmittel: Ascorbins\xc3\xa4ure, S\xc3\xa4uerungsmittel: Milchs\xc3\xa4ure, Citronens\xc3\xa4ure und Essigs\xc3\xa4ure, Konservierungsstoff: Sorbins\xc3\xa4ure und Benzoes\xc3\xa4ure. Spuren von GLUTEN/WEIZEN und SELLERIE m\xc3\xb6glich.Allergenhinweise: Enth\xc3\xa4lt: Milch und Milcherzeugnisse (einschlie\xc3\x9flich Lactose). Kann enthalten: Weizen und Weizenerzeugnisse (glutenhaltiges Getreide). Sellerie und Sellerieerzeugnisse.N\xc3\xa4hrwerteDurchschnittliche N\xc3\xa4hrwerteUnzubereitet pro 100 gEnergie743 kJEnergie180 kcalFett15,6 gFett, davon ges\xc3\xa4ttigte Fetts\xc3\xa4uren3,7 gKohlenhydrate6,2 gKohlenhydrate, davon Zucker5,4 gBallaststoffe2 gEiwei\xc3\x9f2,6 gSalz1,89 gHinweiseAufbewahrungs- und Verwendungshinweis: Bei 4-7 \xc2\xb0C lagern. Nach dem \xc3\x96ffnen innerhalb von 3 Tagen verzehren.Information: Unter Schutzatmosph\xc3\xa4re verpackt.ArtikeldetailsNettof\xc3\xbcllmenge: 270 GEigenschaften: VegetarischUrsprungsland: DeutschlandKontaktKontaktname: Palatum Feinkost KGKontaktadresse: Carl-von-Linde-Str. 28, 85716 Unterschlei\xc3\x9fheim, DEMaximale Bestellmenge: 15 St\xc3\xbcckF\xc3\xbcr die vorstehenden Angaben wird keine Haftung \xc3\xbcbernommen. Bitte pr\xc3\xbcfen Sie im Einzelfall die Angaben auf der jeweiligen Produktverpackung, nur diese sind verbindlich.Das Produktdesign kann von der Abbildung abweichen.'",Berliner Str. 41-49,Rewe,Frische & Convenience,2023-07-09,"Gültig ab morgen bis Samstag, 15.07.2023"
Reinert Aspik-Aufschnitt,https://img.rewe-static.de/REWE28_2023/8844402/39006025-7_digital-image.png?impolicy=s-offers&imwidth=200&output-format=image/webp,,https://shop.rewe.de/productList?search=1729713,,"versch. Sorten , je 100 g",Aktion,"1,19 €","b'ProduktbeschreibungArtikelnummer 8844402Frisch f\xc3\xbcr dich aus unserer Servicetheke.\n\nZutaten: 51% Schweinefleisch, Wasser, 5% Champignons, Branntweinessig, Zucker, Speisegelatine (Schwein), Speisesalz, S\xc3\xa4uerungsmittel: Citronens\xc3\xa4ure; Stabilisator: Diphosphate; Antioxidationsmittel: Natriumascorbat; Konservierungsstoff: Natriumnitrit. Wursth\xc3\xbclle nicht essbar Zutaten & AllergeneAllergenhinweise: nullN\xc3\xa4hrwerteDurchschnittliche N\xc3\xa4hrwerteUnzubereitet pro 100 gEnergie408 kJEnergie97 kcalFett2 gFett, davon ges\xc3\xa4ttigte Fetts\xc3\xa4uren0,8 gKohlenhydrate2,5 gKohlenhydrate, davon Zucker2 gEiwei\xc3\x9f17 gSalz2 gArtikeldetailsMarke: ReinertMaximale Bestellmenge: 15 St\xc3\xbcckF\xc3\xbcr die vorstehenden Angaben wird keine Haftung \xc3\xbcbernommen. Bitte pr\xc3\xbcfen Sie im Einzelfall die Angaben auf der jeweiligen Produktverpackung, nur diese sind verbindlich.Das Produktdesign kann von der Abbildung abweichen.'",Berliner Str. 41-49,Rewe,Frische & Convenience,2023-07-09,"Gültig ab morgen bis Samstag, 15.07.2023"
Mondarella Grill-Camembert,https://img.rewe-static.de/REWE28_2023/7684624/39489687-7_digital-image.png?impolicy=s-offers&imwidth=200&output-format=image/webp,,https://shop.rewe.de/productList?search=1729713,,"versch. Sorten , je 95-g-Pckg , (1 kg = 20.95)",Aktion,"1,99 €","b'ProduktbeschreibungArtikelnummer 7684624Zutaten & AllergeneZutaten: Wasser, pflanzliches Fett (Sheabutter), 10 % Mandeln (gemahlen), native St\xc3\xa4rke, Salz, Verdickungsmittel (Carrageen), Dextrose, nat\xc3\xbcrliches Aroma, Inulin, S\xc3\xa4uerungsmittel (\xc3\x84pfels\xc3\xa4ure), vegane EdelschimmelkulturenAllergenhinweise: Enth\xc3\xa4lt: Mandeln und Mandelerzeugnisse.N\xc3\xa4hrwerteDurchschnittliche N\xc3\xa4hrwerteUnzubereitet pro 100 gEnergie1.001 kJEnergie242 kcalFett21 gFett, davon ges\xc3\xa4ttigte Fetts\xc3\xa4uren9 gKohlenhydrate8,1 gKohlenhydrate, davon Zucker0,9 gBallaststoffe3,1 gEiwei\xc3\x9f3,6 gSalz1,9 gHinweiseAufbewahrungs- und Verwendungshinweis: Unge\xc3\xb6ffnet bei max. +8\xc2\xb0C mindestens haltbar bis: tt.mm.jjjjArtikeldetailsEigenschaften: Laktosefrei, VeganUrsprungsland: DeutschlandKontaktKontaktname: Mondarella GmbHKontaktadresse: Oberwallstr. 6 10117 Berlin, DeutschlandF\xc3\xbcr die vorstehenden Angaben wird keine Haftung \xc3\xbcbernommen. Bitte pr\xc3\xbcfen Sie im Einzelfall die Angaben auf der jeweiligen Produktverpackung, nur diese sind verbindlich.Das Produktdesign kann von der Abbildung abweichen.'",Berliner Str. 41-49,Rewe,Frische & Convenience,2023-07-09,"Gültig ab morgen bis Samstag, 15.07.2023"
Lamm-Keule,https://img.rewe-static.de/REWE28_2023/0499226/3251580-11_digital-image.png?impolicy=s-offers&imwidth=200&output-format=image/webp,,https://shop.rewe.de/productList?search=1729713,,"mit Röhrenknochen, SB-verpackt , je 1 kg",Aktion,"11,99 €",nan,Berliner Str. 41-49,Rewe,Frische & Convenience,2023-07-09,"Gültig ab morgen bis Samstag, 15.07.2023"
REWE Beste Wahl Lasagne Bolognese,https://img.rewe-static.de/REWE28_2023/2316984/23559547-28_digital-image.png?impolicy=s-offers&imwidth=200&output-format=image/webp,,https://shop.rewe.de/productList?search=1729713,,"je 400-g-Pckg , (1 kg = 5.73)",Aktion,"2,29 €","b'ProduktbeschreibungArtikelnummer 2316984Zutaten & AllergeneZutaten: Wasser, Rindfleisch gegart 14%, HARTWEIZENGRIESS, Tomatenkonzentrat 7%, Tomaten 6%, Emmentaler 6%, modifizierte St\xc3\xa4rke, Zwiebeln, Raps\xc3\xb6l, St\xc3\xa4rke, MILCHPULVER, WEIZENMEHL, Speisesalz, Gew\xc3\xbcrze, Gew\xc3\xbcrzextrakte, Dextrose, Zucker, Branntweinessigpulver, Kr\xc3\xa4uter, Olivenextrakt.  Kann Spuren von Ei, Soja und Sellerie enthalten.N\xc3\xa4hrwerteDurchschnittliche N\xc3\xa4hrwertepro 100 gEnergie549 kJEnergie131 kcalFett5,7 gFett, davon ges\xc3\xa4ttigte Fetts\xc3\xa4uren2,6 gKohlenhydrate13,4 gKohlenhydrate, davon Zucker2,5 gEiwei\xc3\x9f6 gSalz0,89 gHinweiseVerwendungshinweise: bei +2 \xc2\xb0C bis +7 \xc2\xb0C lagernArtikeldetailsMarke: REWE Beste WahlUrsprungsland: \xc3\x96sterreichKontaktKontaktname: Condeli GmbHKontaktadresse: Gewerbepark 1, 4193 Reichenthal, \xc3\x96sterreichMaximale Bestellmenge: 15 St\xc3\xbcckF\xc3\xbcr die vorstehenden Angaben wird keine Haftung \xc3\xbcbernommen. Bitte pr\xc3\xbcfen Sie im Einzelfall die Angaben auf der jeweiligen Produktverpackung, nur diese sind verbindlich.Das Produktdesign kann von der Abbildung abweichen.'",Berliner Str. 41-49,Rewe,Frische & Convenience,2023-07-09,"Gültig ab morgen bis Samstag, 15.07.2023"
Werz Käseknacker,https://img.rewe-static.de/REWE28_2023/0560657/23781380-9_digital-image.png?impolicy=s-offers&imwidth=200&output-format=image/webp,,https://shop.rewe.de/productList?search=1729713,,je 100 g,Aktion,"1,29 €","b'ProduktbeschreibungArtikelnummer 50677N\xc3\xa4hrwerteDurchschnittliche N\xc3\xa4hrwerteUnzubereitet pro 1 lKalium1,5 mgChlorid5,2 mgCalcium16,2 mgMagnesium3,1 mgMangan< 0,05 mgBikarbonat8 mgNatrium6,8 mgNitrate< 1 mgSulfat 4+55 mgHinweiseAufbewahrungs- und Verwendungshinweis: Bitte k\xc3\xbchl, trocken und lichtgesch\xc3\xbctzt lagern.Information: aus der Bad Liebenwerda Mineralquelle, Bad Liebenwerda, Analysenauszug vom15.11.17 des SGS INSTITUT FRESENIUS, best\xc3\xa4tigt durch laufende KontrollenArtikeldetailsMarke: Bad LiebenwerdaNettof\xc3\xbcllmenge: 0,5 LKontaktKontaktname: Mineralquellen Bad Liebenwerda GmbHKontaktadresse: 04924 Bad LiebenwerdaF\xc3\xbcr die vorstehenden Angaben wird keine Haftung \xc3\xbcbernommen. Bitte pr\xc3\xbcfen Sie im Einzelfall die Angaben auf der jeweiligen Produktverpackung, nur diese sind verbindlich.Das Produktdesign kann von der Abbildung abweichen.'",Berliner Str. 41-49,Rewe,Frische & Convenience,2023-07-09,"Gültig ab morgen bis Samstag, 15.07.2023"
Rougette Grill- und Ofentaler,https://img.rewe-static.de/REWE28_2023/8920655/38882164-4_digital-image.png?impolicy=s-offers&imwidth=200&output-format=image/webp,,https://shop.rewe.de/productList?search=1729713,,"versch. Sorten , je 140-g-Pckg , (1 kg = 15.86)",Aktion,"2,22 €","b'ProduktbeschreibungArtikelnummer 8920655Ein runder Genuss f\xc3\xbcr alle ROUGETTE-Fans! Der vegane Grill- & Ofentaler raffiniert mariniert in der praktischen Aluschale, das ist leckere Abwechslung f\xc3\xbcr jeden Tag.Zutaten & AllergeneZutaten: 86 % Pflanzliche Lebensmittelzubereitung (Wasser, Raps\xc3\xb6l, St\xc3\xa4rke, modifizierte St\xc3\xa4rke, Verdickungsmittel: Cellulose, Methylcellulose; 6 % gesch\xc3\xa4lte Hanfsamen, 6 % Blumenkohl, glutenfreies HAFERvollkornmehl, Salz, nat\xc3\xbcrliches Aroma, S\xc3\xa4uerungsmittel: Zitronens\xc3\xa4ure), 14 % Marinade (Raps\xc3\xb6l, Gew\xc3\xbcrze, Kr\xc3\xa4uter, Paprika, Raps\xc3\xb6l (ganz geh\xc3\xa4rtet), Zucker, nat\xc3\xbcrliches Aroma, Salz, Gew\xc3\xbcrzextrakt).N\xc3\xa4hrwerteDurchschnittliche N\xc3\xa4hrwerteUnzubereitet pro 100 gEnergie1.328 kJEnergie321 kcalFett29 gFett, davon ges\xc3\xa4ttigte Fetts\xc3\xa4uren2,5 gKohlenhydrate13 gKohlenhydrate, davon Zucker1,4 gEiwei\xc3\x9f2 gSalz2,7 gHinweiseAufbewahrungs- und Verwendungshinweis: Bei +2\xc2\xb0C - +8\xc2\xb0C mindestens haltbar bis: siehe VerpackungsaufdruckArtikeldetailsMarke: RougetteEigenschaften: Laktosefrei, VeganUrsprungsland: DeutschlandKontaktKontaktname: K\xc3\xa4serei ChampignonKontaktadresse: Kemptener Stra\xc3\x9fe 17-2487493 Lauben/Allg\xc3\xa4uMaximale Bestellmenge: 15 St\xc3\xbcckF\xc3\xbcr die vorstehenden Angaben wird keine Haftung \xc3\xbcbernommen. Bitte pr\xc3\xbcfen Sie im Einzelfall die Angaben auf der jeweiligen Produktverpackung, nur diese sind verbindlich.Das Produktdesign kann von der Abbildung abweichen.'",Berliner Str. 41-49,Rewe,Frische & Convenience,2023-07-09,"Gültig ab morgen bis Samstag, 15.07.2023"
Bonduelle Gartensalat,https://img.rewe-static.de/REWE28_2023/2284666/27054891-28_digital-image.png?impolicy=s-offers&imwidth=200&output-format=image/webp,,https://shop.rewe.de/productList?search=1729713,,"je 150-g-Btl , (1 kg = 11.93)",Aktion,"1,79 €","b'ProduktbeschreibungArtikelnummer 2284666Zutaten & AllergeneZutaten: Gr\xc3\xbcner Salanova-Kopfsalat, roter Salatnova-Kopfsalat, PetersilieN\xc3\xa4hrwerteDurchschnittliche N\xc3\xa4hrwerteUnzubereitet pro 100 gEnergie64 kJEnergie15 kcalFett0,2 gFett, davon ges\xc3\xa4ttigte Fetts\xc3\xa4uren0 gKohlenhydrate1,3 gKohlenhydrate, davon Zucker1 gBallaststoffe1,5 gEiwei\xc3\x9f1,3 gSalz0,02 gHinweiseAufbewahrungs- und Verwendungshinweis: K\xc3\xbchl lagern bei +2\xc2\xb0 bis +7\xc2\xb0C.Information: Unter Schutzatmosph\xc3\xa4re verpacktArtikeldetailsMarke: BonduelleUrsprungsland: DeutschlandKontaktKontaktname: Bonduelle Deutschland GmbHKontaktadresse: Am Heilbrunnen 136/13872766 ReutlingenMaximale Bestellmenge: 15 St\xc3\xbcckF\xc3\xbcr die vorstehenden Angaben wird keine Haftung \xc3\xbcbernommen. Bitte pr\xc3\xbcfen Sie im Einzelfall die Angaben auf der jeweiligen Produktverpackung, nur diese sind verbindlich.Das Produktdesign kann von der Abbildung abweichen.'",Berliner Str. 41-49,Rewe,Frische & Convenience,2023-07-09,"Gültig ab morgen bis Samstag, 15.07.2023"
Kalbs-Tafelspitz,https://img.rewe-static.de/REWE28_2023/0922048/38900259-2_digital-image.png?impolicy=s-offers&imwidth=200&output-format=image/webp,,https://shop.rewe.de/productList?search=1729713,,je 100 g,Aktion,"1,29 €",nan,Berliner Str. 41-49,Rewe,Frische & Convenience,2023-07-09,"Gültig ab morgen bis Samstag, 15.07.2023"
Frische Hähnchen-Unterschenkel,https://img.rewe-static.de/REWE28_2023/7697813/25859719-6_digital-image.png?impolicy=s-offers&imwidth=200&output-format=image/webp,,https://shop.rewe.de/productList?search=1729713,,"natur, Hkl. A, oder gewürzt, Haltungsform 2, SB-verpackt , je 1 kg",Aktion,"4,99 €","b'ProduktbeschreibungArtikelnummer 7697813Ursprung: Deutschland, \xc3\x96sterreich, Niederlande oder Italien. Um einen Hinweis zur tats\xc3\xa4chlichen Herkunft zu erhalten, beachten Sie bitte die Angaben auf der Ihnen gelieferten Ware selbst; nur diese sind ma\xc3\x9fgeblich wie auch verbindlich. VOR DEM VERZEHR GUT DURCHGAREN. NICHT ZUM ROHVERZEHR GEEIGNET. Die Haltbarkeit des Produktes ist bis zum angegebenen Datum durch die Einhaltung der angegebenen Temperatur gesichert. Bei einer Unterbrechung der K\xc3\xbchlkette \xc3\xbcber +4 \xc2\xb0C, empfehlen wir Ihnen den Verzehr am Tag des Einkaufes. Nach \xc3\x96ffnen der Packung Ware noch am selben Tag verwenden. Rohes Gefl\xc3\xbcgelfleisch nicht mit anderen Lebensmittel in Kontakt bringen. Tropfsaft sorgf\xc3\xa4ltig entsorgen. Geschirr und H\xc3\xa4nde gr\xc3\xbcndlich reinigen.... mehr anzeigenZutaten & AllergeneZutaten: KEINE  KEINEN\xc3\xa4hrwerteDurchschnittliche N\xc3\xa4hrwertepro 100 gEnergie543 kJEnergie130 kcalFett6,4 gFett, davon ges\xc3\xa4ttigte Fetts\xc3\xa4uren2,1 gKohlenhydrate0 gKohlenhydrate, davon Zucker0 gBallaststoffe0 gEiwei\xc3\x9f18 gSalz0,2 gArtikeldetailsMarke: Wilhelm BrandenburgNachhaltigkeitWeitere Informationen zu den Siegeln findest du in unserer Siegelkunde.F\xc3\xbcr die vorstehenden Angaben wird keine Haftung \xc3\xbcbernommen. Bitte pr\xc3\xbcfen Sie im Einzelfall die Angaben auf der jeweiligen Produktverpackung, nur diese sind verbindlich.Das Produktdesign kann von der Abbildung abweichen.'",Berliner Str. 41-49,Rewe,Frische & Convenience,2023-07-09,"Gültig ab morgen bis Samstag, 15.07.2023"
Spanferkel-Cevapcici,https://img.rewe-static.de/REWE28_2023/8405213/31022150-11_digital-image.png?impolicy=s-offers&imwidth=200&output-format=image/webp,,https://shop.rewe.de/productList?search=1729713,,"je 300-g-Pckg , (1 kg = 9.97)",Aktion,"2,99 €","b'ProduktbeschreibungArtikelnummer 8405213Zutaten & AllergeneZutaten: Spanferkelfleisch (98%), jodiertes Speisesalz (Kochsalz, Kaliumjodat), Speisesalz, Zwiebel, Gew\xc3\xbcrze, W\xc3\xbcrze, Glukosesirup, Knoblauch, Gew\xc3\xbcrzextrakte, Stabilisator: E 262, E331; Dextrose, St\xc3\xa4rke.Allergenhinweise: Enth\xc3\xa4lt: Keine deklarationspflichtigen Allergene enthalten.N\xc3\xa4hrwerteDurchschnittliche N\xc3\xa4hrwerteUnzubereitet pro 100 gEnergie929 kJEnergie223 kcalFett13,3 gFett, davon ges\xc3\xa4ttigte Fetts\xc3\xa4uren5,1 gKohlenhydrate6,2 gKohlenhydrate, davon Zucker1,8 gEiwei\xc3\x9f19,5 gSalz2,5 gHinweiseAufbewahrungs- und Verwendungshinweis: unge\xc3\xb6ffnet und gek\xc3\xbchlt bei +2\xc2\xb0C bis +4\xc2\xb0C zu verbrauchen bis: siehe VerpackungsaufdruckArtikeldetailsMarke: BeckUrsprungsland: Europ\xc3\xa4ische UnionNachhaltigkeitWeitere Informationen zu den Siegeln findest du in unserer Siegelkunde.KontaktKontaktname: Beck GmbH & Co. KGKontaktadresse: Flurweg 21, 74635 Neu-KupferF\xc3\xbcr die vorstehenden Angaben wird keine Haftung \xc3\xbcbernommen. Bitte pr\xc3\xbcfen Sie im Einzelfall die Angaben auf der jeweiligen Produktverpackung, nur diese sind verbindlich.Das Produktdesign kann von der Abbildung abweichen.'",Berliner Str. 41-49,Rewe,Frische & Convenience,2023-07-09,"Gültig ab morgen bis Samstag, 15.07.2023"
Rostbratwurst,https://img.rewe-static.de/REWE28_2023/8940242/39624544-8_digital-image.png?impolicy=s-offers&imwidth=200&output-format=image/webp,,https://shop.rewe.de/productList?search=1729713,,"je 300-g-Pckg , (1 kg = 11.30)",Aktion,"3,39 €",nan,Berliner Str. 41-49,Rewe,Frische & Convenience,2023-07-09,"Gültig ab morgen bis Samstag, 15.07.2023"
REWE Beste Wahl Grüne & Rote Pfefferonen,https://img.rewe-static.de/REWE28_2023/2028724/21917891-21_digital-image.png?impolicy=s-offers&imwidth=200&output-format=image/webp,,https://shop.rewe.de/productList?search=1729713,,"je 150-g-Schale , (1 kg = 11.93)",Aktion,"1,79 €","b'ProduktbeschreibungArtikelnummer 2028724Hergestellt f\xc3\xbcr: REWE Markt GmbH, D-50603 K\xc3\xb6ln. Zutaten & AllergeneZutaten: Gr\xc3\xbcne und rote Peperoni 42%, FRISCHK\xc3\x84SE 34%, Raps\xc3\xb6l, Kalamata Oliven mit Stein 3 %, Branntweinessig, St\xc3\xa4rke, Zucker, jodiertes Speisesalz, Kr\xc3\xa4uter, Speisesalz, Gew\xc3\xbcrze, Knoblauch, Chili, S\xc3\xa4uerungsmittel Citronens\xc3\xa4ureAllergenhinweise: Enth\xc3\xa4lt: Milch und Milcherzeugnisse (einschlie\xc3\x9flich Lactose).N\xc3\xa4hrwerteDurchschnittliche N\xc3\xa4hrwerteUnzubereitet pro 100 gEnergie1.141 kJEnergie277 kcalFett26,9 gFett, davon ges\xc3\xa4ttigte Fetts\xc3\xa4uren7,5 gKohlenhydrate5,3 gKohlenhydrate, davon Zucker1,5 gEiwei\xc3\x9f2,9 gSalz1,72 gHinweiseAufbewahrungs- und Verwendungshinweis: Unge\xc3\xb6ffnet bei unter +7\xc2\xb0C mindestens haltbar bis: siehe AufdruckInformation: unter Schutzatmosph\xc3\xa4re verpacktArtikeldetailsMarke: REWE Beste WahlNettof\xc3\xbcllmenge: 150 GUrsprungsland: DeutschlandAbtropfgewicht: 150 gKontaktKontaktname: Heinrich K\xc3\xbchlmann GmbH & Co.KGKontaktadresse: 33397 RietbergMaximale Bestellmenge: 15 St\xc3\xbcckF\xc3\xbcr die vorstehenden Angaben wird keine Haftung \xc3\xbcbernommen. Bitte pr\xc3\xbcfen Sie im Einzelfall die Angaben auf der jeweiligen Produktverpackung, nur diese sind verbindlich.Das Produktdesign kann von der Abbildung abweichen.'",Berliner Str. 41-49,Rewe,Frische & Convenience,2023-07-09,"Gültig ab morgen bis Samstag, 15.07.2023"
Schweine-Nackensteaks,https://img.rewe-static.de/REWE28_2023/2172863/25004517-4_digital-image.png?impolicy=s-offers&imwidth=200&output-format=image/webp,,https://shop.rewe.de/productList?search=1729713,,"Classic BBQ Spicy , je 1 kg",Aktion,"12,90 €",nan,Berliner Str. 41-49,Rewe,Frische & Convenience,2023-07-09,"Gültig ab morgen bis Samstag, 15.07.2023"
Greenforce Vegane Fleischalternative,https://img.rewe-static.de/REWE28_2023/8678106/34780508-16_digital-image.png?impolicy=s-offers&imwidth=200&output-format=image/webp,,https://shop.rewe.de/productList?search=1729713,,"versch. Sorten , je 180-g-Pckg , (1 kg = 14.94)",Aktion,"2,69 €","b'ProduktbeschreibungArtikelnummer 8678106Zutaten & AllergeneZutaten: Trinkwasser, 13% texturiertes Erbsenprotein (Erbsenprotein, Erbsenextrakt), Paprika, Raps\xc3\xb6l, Gew\xc3\xbcrze, Sonnenblumenkerne teilent\xc3\xb6lt, Zwiebeln, Kokosfett(ganz geh\xc3\xa4rtet), Verdickungsmittel: Methylcellulose, Cellulose; 3% Erbsenmehl, 2% Erbseneiwei\xc3\x9f, Speisesalz, Kartoffelst\xc3\xa4rke, Aromen, Rauch, S\xc3\xa4ureregulatoren: Kaliumlactat, Natriumacetate; Maltodextrin.Allergenhinweise: Kann enthalten: Soja und Sojaerzeugnisse. Glutenhaltiges Getreide und glutenhaltige Getreideerzeugnisse. Senf- und Senferzeugnisse.N\xc3\xa4hrwerteDurchschnittliche N\xc3\xa4hrwerteUnzubereitet pro 100 gEnergie972 kJEnergie234 kcalFett16 gFett, davon ges\xc3\xa4ttigte Fetts\xc3\xa4uren4 gKohlenhydrate6,5 gKohlenhydrate, davon Zucker1,5 gBallaststoffe6 gEiwei\xc3\x9f13 gSalz2,2 gHinweiseAufbewahrungs- und Verwendungshinweis: im K\xc3\xbchlschrank bei max. 7\xc2\xb0 GradArtikeldetailsMarke: GREENFORCEEigenschaften: VeganKontaktKontaktname: Greenforce Future Food AGKontaktadresse: Tal 12, D-80331 M\xc3\xbcnchenF\xc3\xbcr die vorstehenden Angaben wird keine Haftung \xc3\xbcbernommen. Bitte pr\xc3\xbcfen Sie im Einzelfall die Angaben auf der jeweiligen Produktverpackung, nur diese sind verbindlich.Das Produktdesign kann von der Abbildung abweichen.'",Berliner Str. 41-49,Rewe,Frische & Convenience,2023-07-09,"Gültig ab morgen bis Samstag, 15.07.2023"
Bonduelle Wildkräutersalat,https://img.rewe-static.de/REWE28_2023/8741381/35929479-7_digital-image.png?impolicy=s-offers&imwidth=200&output-format=image/webp,,https://shop.rewe.de/productList?search=1729713,,"je 110-g-Btl , (1 kg = 16.27)",Aktion,"1,79 €",nan,Berliner Str. 41-49,Rewe,Frische & Convenience,2023-07-09,"Gültig ab morgen bis Samstag, 15.07.2023"
Meica Bratmaxe,https://img.rewe-static.de/REWE28_2023/8559132/32684863-3_digital-image.png?impolicy=s-offers&imwidth=200&output-format=image/webp,,https://shop.rewe.de/productList?search=1729713,,"für Grill & Pfanne, versch. Sorten , je 560-g-Pckg , (1 kg = 10.70)",Aktion,"5,99 €",nan,Berliner Str. 41-49,Rewe,Frische & Convenience,2023-07-09,"Gültig ab morgen bis Samstag, 15.07.2023"
Aoste Ringsalami,https://img.rewe-static.de/REWE28_2023/2152240/2456630-90_digital-image.png?impolicy=s-offers&imwidth=200&output-format=image/webp,,https://shop.rewe.de/productList?search=1729713,,"luftgetrocknet , je 250-g-Pckg , (1 kg = 17.96)",Aktion,"4,49 €","b'ProduktbeschreibungArtikelnummer 2152240Zutaten & AllergeneZutaten: Schweinefleisch, Salz, LAKTOSE, Dextrose, Zucker, Gew\xc3\xbcrze, Konservierungsstoffe: Kaliumnitrat, Natriumnitrit; Starterkulturen. Salami-H\xc3\xbclle nicht essbar. Bitte vor Verzehr entfernen. Kann Spuren von Schalenfr\xc3\xbcchten und Milcheiwei\xc3\x9fen enthalten. 100 g Salami werden aus 160 g Schweinefleisch hergestellt.Allergenhinweise: Enth\xc3\xa4lt LAKTOSE.Enth\xc3\xa4lt: Milchzucker (Laktose). Kann enthalten: N\xc3\xbcsse und Nusserzeugnisse. Milch und Milcherzeugnisse (einschlie\xc3\x9flich Lactose).N\xc3\xa4hrwerteDurchschnittliche N\xc3\xa4hrwerteUnzubereitet pro 100 gEnergie1.845 kJEnergie445 kcalFett37 gFett, davon ges\xc3\xa4ttigte Fetts\xc3\xa4uren15 gKohlenhydrate2 gKohlenhydrate, davon Zucker1,5 gEiwei\xc3\x9f26 gSalz5 gHinweiseAufbewahrungs- und Verwendungshinweis: Vor Hitze sch\xc3\xbctzen und trocken lagern. Nach dem \xc3\x96ffnen innerhalb kurzer Zeit verzehren.Information: Unter Schutzatmosph\xc3\xa4re verpackt.Salami-H\xc3\xbclle nicht essbar. Bitte vor Verzehr entfernen.Identit\xc3\xa4tskennzeichen: FR 69.238.001 CEArtikeldetailsMarke: AosteUrsprungsland: FrankreichPackungsgr\xc3\xb6\xc3\x9fe: 250gKontaktKontaktname: Aoste SNCKontaktadresse: Hameau de Saint Didier - RD 592 - 38490 Aoste - FranceMaximale Bestellmenge: 15 St\xc3\xbcckF\xc3\xbcr die vorstehenden Angaben wird keine Haftung \xc3\xbcbernommen. Bitte pr\xc3\xbcfen Sie im Einzelfall die Angaben auf der jeweiligen Produktverpackung, nur diese sind verbindlich.Das Produktdesign kann von der Abbildung abweichen.'",Berliner Str. 41-49,Rewe,Frische & Convenience,2023-07-09,"Gültig ab morgen bis Samstag, 15.07.2023"
Schweine-Nacken,https://img.rewe-static.de/REWE28_2023/3468321/29796119-6_digital-image.png?impolicy=s-offers&imwidth=200&output-format=image/webp,,https://shop.rewe.de/productList?search=1729713,,"ohne Knochen, am Stück oder in Scheiben, Haltungsform 2 , je 100 g",Aktion,"0,69 €","b'ProduktbeschreibungArtikelnummer 3468321Frisch f\xc3\xbcr dich aus unserer Servicetheke. NachhaltigkeitWeitere Informationen zu den Siegeln findest du in unserer Siegelkunde.F\xc3\xbcr die vorstehenden Angaben wird keine Haftung \xc3\xbcbernommen. Bitte pr\xc3\xbcfen Sie im Einzelfall die Angaben auf der jeweiligen Produktverpackung, nur diese sind verbindlich.Das Produktdesign kann von der Abbildung abweichen.'",Berliner Str. 41-49,Rewe,Frische & Convenience,2023-07-09,"Gültig ab morgen bis Samstag, 15.07.2023"
Hackfleisch gemischt,https://img.rewe-static.de/REWE28_2023/8818612/36852327-13_digital-image.png?impolicy=s-offers&imwidth=200&output-format=image/webp,,https://shop.rewe.de/productList?search=1729713,,"vom Rind und Schwein, XXL Family Pack , je 1000-g-Pckg",Aktion,"7,77 €",nan,Berliner Str. 41-49,Rewe,Frische & Convenience,2023-07-09,"Gültig ab morgen bis Samstag, 15.07.2023"
Butcher’s Burger Patties,https://img.rewe-static.de/REWE28_2023/7938024/33031415-14_digital-image.png?impolicy=s-offers&imwidth=200&output-format=image/webp,,https://shop.rewe.de/productList?search=1729713,,"vom Rind, versch. Sorten , je 230-g-Pckg , (1 kg = 15.17)",Aktion,"3,49 €","ProduktbeschreibungArtikelnummer 7938024Zutaten & AllergeneZutaten: Rindfleisch 98 %, Speisesalz, Gewürze, Gewürzextrakte, Antioxidationsmittel Ascorbinsäure.  Kann Spuren von Senf und Sellerie enthalten.NährwerteDurchschnittliche Nährwertepro 100 gEnergie1.038 kJEnergie250 kcalFett20 gFett, davon gesättigte Fettsäuren8 gKohlenhydrate0,5 gKohlenhydrate, davon Zucker0,5 gBallaststoffe0 gEiweiß17 gSalz1,5 gArtikeldetailsMarke: Butcher's BurgerFür die vorstehenden Angaben wird keine Haftung übernommen. Bitte prüfen Sie im Einzelfall die Angaben auf der jeweiligen Produktverpackung, nur diese sind verbindlich.Das Produktdesign kann von der Abbildung abweichen.",Berliner Str. 41-49,Rewe,Frische & Convenience,2023-07-09,"Gültig ab morgen bis Samstag, 15.07.2023"
Lammkeulen-Scheiben,https://img.rewe-static.de/REWE28_2023/8766589/40055970-2_digital-image.png?impolicy=s-offers&imwidth=200&output-format=image/webp,,https://shop.rewe.de/productList?search=1729713,,"in Kräuterbutter-Marinade, mit Knochen, SB-verpackt , je 1 kg",Aktion,"19,90 €","ProduktbeschreibungArtikelnummer 8766589Zutaten & AllergeneZutaten: Lammfleisch mit Knochen 94 %, Marinade 6 % (Rapsöl, Speisesalz, Gewürze (enthalten SENF), Butter, Kräuter, Palmfett, Gewürzextrakte).  SellerieNährwerteDurchschnittliche Nährwertepro 100 gEnergie599 kJEnergie143 kcalFett7 gFett, davon gesättigte Fettsäuren2,6 gKohlenhydrate1 gKohlenhydrate, davon Zucker1 gBallaststoffe0 gEiweiß19 gSalz1,2 gFür die vorstehenden Angaben wird keine Haftung übernommen. Bitte prüfen Sie im Einzelfall die Angaben auf der jeweiligen Produktverpackung, nur diese sind verbindlich.Das Produktdesign kann von der Abbildung abweichen.",Berliner Str. 41-49,Rewe,Frische & Convenience,2023-07-09,"Gültig ab morgen bis Samstag, 15.07.2023"
Rinder-Filet,https://img.rewe-static.de/REWE28_2023/3455289/39482382-2_digital-image.png?impolicy=s-offers&imwidth=200&output-format=image/webp,,https://shop.rewe.de/productList?search=1729713,,"vom Jungbullen, am Stück oder in Scheiben , je 100 g",Aktion,"4,99 €","b'ProduktbeschreibungArtikelnummer 3455289Frisch f\xc3\xbcr dich aus unserer Servicetheke. F\xc3\xbcr die vorstehenden Angaben wird keine Haftung \xc3\xbcbernommen. Bitte pr\xc3\xbcfen Sie im Einzelfall die Angaben auf der jeweiligen Produktverpackung, nur diese sind verbindlich.Das Produktdesign kann von der Abbildung abweichen.'",Berliner Str. 41-49,Rewe,Frische & Convenience,2023-07-09,"Gültig ab morgen bis Samstag, 15.07.2023"
Grünländer mild & nussig,https://img.rewe-static.de/REWE28_2023/4092074/34973807-8_digital-image.png?impolicy=s-offers&imwidth=200&output-format=image/webp,,https://shop.rewe.de/productList?search=1729713,,"Schnittkäse, 48% Fett i.Tr. , je 100 g",Aktion,"0,99 €","b'ProduktbeschreibungArtikelnummer 4092074Frisch f\xc3\xbcr dich aus unserer Servicetheke. \n \nZutaten: pasteurisierte MILCH, Farbstoff: Beta-Carotin, mikrobielles Lab, Kulturen, Speisesalz. \n \nLaktosefrei* \n*Laktosegehalt: unter 0, 1g/100g \n \nRinde zum Verzehr geeignet! Zutaten & AllergeneAllergenhinweise: nullN\xc3\xa4hrwerteDurchschnittliche N\xc3\xa4hrwerteUnzubereitet pro 100 gEnergie1.481 kJEnergie357 kcalFett29 gFett, davon ges\xc3\xa4ttigte Fetts\xc3\xa4uren19 gKohlenhydrate0,1 gKohlenhydrate, davon Zucker0,1 gEiwei\xc3\x9f24 gSalz0,8 gArtikeldetailsMarke: Gr\xc3\xbcnl\xc3\xa4nderMaximale Bestellmenge: 15 St\xc3\xbcckF\xc3\xbcr die vorstehenden Angaben wird keine Haftung \xc3\xbcbernommen. Bitte pr\xc3\xbcfen Sie im Einzelfall die Angaben auf der jeweiligen Produktverpackung, nur diese sind verbindlich.Das Produktdesign kann von der Abbildung abweichen.'",Berliner Str. 41-49,Rewe,Frische & Convenience,2023-07-09,"Gültig ab morgen bis Samstag, 15.07.2023"
Salakis Schafskäse Natur,https://img.rewe-static.de/REWE28_2023/8874226/37902848-5_digital-image.png?impolicy=s-offers&imwidth=200&output-format=image/webp,,https://shop.rewe.de/productList?search=1729713,,"je 180-g-Pckg , (1 kg = 9.94)",Aktion,"1,79 €","b'ProduktbeschreibungArtikelnummer 8874226Zutaten & AllergeneZutaten: pasteurisierte SchafMILCH, Lab, SalzAllergenhinweise: Enth\xc3\xa4lt: Milch und Milcherzeugnisse (einschlie\xc3\x9flich Lactose).N\xc3\xa4hrwerteDurchschnittliche N\xc3\xa4hrwerteUnzubereitet pro 100 gEnergie1.126 kJEnergie272 kcalFett23 gFett, davon ges\xc3\xa4ttigte Fetts\xc3\xa4uren16 gKohlenhydrate0,8 gKohlenhydrate, davon Zucker0,8 gEiwei\xc3\x9f16 gSalz2,8 gHinweiseAufbewahrungs- und Verwendungshinweis: bei 8\xc2\xb0C mindestens haltbar bis: siehe Verpackungsaufdruck: tt.mm.jjjjArtikeldetailsMarke: SalakisNettof\xc3\xbcllmenge: 180 GUrsprungsland: FrankreichKontaktKontaktname: Lactalis Deutschland GmbHKontaktadresse: Am Yachthafen 2, 77694 KehlMaximale Bestellmenge: 15 St\xc3\xbcckF\xc3\xbcr die vorstehenden Angaben wird keine Haftung \xc3\xbcbernommen. Bitte pr\xc3\xbcfen Sie im Einzelfall die Angaben auf der jeweiligen Produktverpackung, nur diese sind verbindlich.Das Produktdesign kann von der Abbildung abweichen.'",Berliner Str. 41-49,Rewe,Frische & Convenience,2023-07-09,"Gültig ab morgen bis Samstag, 15.07.2023"
Arla Finello Gratinkäse,https://img.rewe-static.de/REWE28_2023/0674328/21064797-16_digital-image.png?impolicy=s-offers&imwidth=200&output-format=image/webp,,https://shop.rewe.de/productList?search=1729713,,"dän. Reibekäse , je 150-g-Pckg , (1 kg = 9.93)",Aktion,"1,49 €","b'ProduktbeschreibungArtikelnummer 674328Zutaten & AllergeneZutaten: K\xc3\x84SE, Kartoffelst\xc3\xa4rke.Allergenhinweise: Enth\xc3\xa4lt: Milch und Milcherzeugnisse (einschlie\xc3\x9flich Lactose).N\xc3\xa4hrwerteDurchschnittliche N\xc3\xa4hrwerteUnzubereitet pro 100 gEnergie1.305 kJEnergie314 kcalFett23 gFett, davon ges\xc3\xa4ttigte Fetts\xc3\xa4uren14 gKohlenhydrate2,8 gKohlenhydrate, davon Zucker0,6 gEiwei\xc3\x9f24 gSalz1,5 gHinweiseAufbewahrungs- und Verwendungshinweis: Nach dem \xc3\x96ffnen k\xc3\xbchl aufbewahren.Bei 8 \xc2\xb0C mindestens haltbar bis: siehe VerpackungsaufdruckInformation: Unter Schutzatmosph\xc3\xa4re verpackt.ArtikeldetailsMarke: ArlaUrsprungsland: D\xc3\xa4nemarkSorte: Gratink\xc3\xa4seKontaktKontaktname: Arla Foods ambaKontaktadresse: DK-8260 Viby JMaximale Bestellmenge: 15 St\xc3\xbcckF\xc3\xbcr die vorstehenden Angaben wird keine Haftung \xc3\xbcbernommen. Bitte pr\xc3\xbcfen Sie im Einzelfall die Angaben auf der jeweiligen Produktverpackung, nur diese sind verbindlich.Das Produktdesign kann von der Abbildung abweichen.'",Berliner Str. 41-49,Rewe,Frische & Convenience,2023-07-09,"Gültig ab morgen bis Samstag, 15.07.2023"
Wiltmann Salami,https://img.rewe-static.de/REWE28_2023/4240936/6554940-38_digital-image.png?impolicy=s-offers&imwidth=200&output-format=image/webp,,https://shop.rewe.de/productList?search=1729713,,"versch. Sorten , je 80-g-Pckg , (1 kg = 16.13)",Aktion,"1,29 €","b'ProduktbeschreibungArtikelnummer 4240936Feinschmecker-Salami aus Rind- und Schweinefleisch. Zutaten & AllergeneZutaten: Schweinefleisch, Rindfleisch, jodierters Speisesalz (Speisesalz, Kaliumiodat), Traubenzucker, Trockenglucose, Gew\xc3\xbcrze, Gew\xc3\xbcrzextrakte, Antioxidationsmittel: Natriumascorbat; Konservierungsstoff: Natriumnitrit; Reifekulturen, Buchenholzrauch. 100g Salami, hergestellt aus 119g Schweinefleisch und 21g Rindfleisch.N\xc3\xa4hrwerteDurchschnittliche N\xc3\xa4hrwerteUnzubereitet pro 100 gEnergie1.474 kJEnergie355 kcalFett28,1 gFett, davon ges\xc3\xa4ttigte Fetts\xc3\xa4uren11 gKohlenhydrate1 gKohlenhydrate, davon Zucker1 gEiwei\xc3\x9f24,1 gSalz4,1 gHinweiseAufbewahrungs- und Verwendungshinweis: Bei maximal 7\xc2\xb0C unge\xc3\xb6ffnet mindestens haltbar bis: siehe VerpackungsaufdruckArtikeldetailsMarke: WiltmannUrsprungsland: DeutschlandKontaktKontaktname: Franz Wiltmann GmbH & Co. KGKontaktadresse: Wilhelm-Kleine-Strasse 16, D-33775 VersmoldMaximale Bestellmenge: 15 St\xc3\xbcckF\xc3\xbcr die vorstehenden Angaben wird keine Haftung \xc3\xbcbernommen. Bitte pr\xc3\xbcfen Sie im Einzelfall die Angaben auf der jeweiligen Produktverpackung, nur diese sind verbindlich.Das Produktdesign kann von der Abbildung abweichen.'",Berliner Str. 41-49,Rewe,Frische & Convenience,2023-07-09,"Gültig ab morgen bis Samstag, 15.07.2023"
Bresso Feine Kräuter,https://img.rewe-static.de/REWE28_2023/0396707/3684540-43_digital-image.png?impolicy=s-offers&imwidth=200&output-format=image/webp,,https://shop.rewe.de/productList?search=1729713,,"60% Fett i.Tr. , je 120-g-Pckg , (1 kg = 11.58)",Aktion,"1,39 €","b""ProduktbeschreibungArtikelnummer 396707BRESSO steht f\xc3\xbcr unbeschwerten Frischk\xc3\xa4se-Genuss & provenzalisch-mediterrane Lebensweise. Eine Frischk\xc3\xa4se-Spezialit\xc3\xa4t mit feinen Kr\xc3\xa4utern veredelt und mit Knoblauch raffiniert abgerundet \xe2\x80\x93 unser Klassiker unter den BRESSO Frischk\xc3\xa4se-Portionen \xe2\x80\x93 mit aromatischer Geschmacksnote. Als Packung mit acht praktischen Portionen erh\xc3\xa4ltlich.Zutaten & AllergeneZutaten: FRISCHK\xc3\x84SE (pasteurisierte KUHMILCH, pasteurisierte SAHNE/RAHM), Speisesalz, Knoblauch, Kr\xc3\xa4uter, Pfeffer, Konservierungsstoff (Kaliumsorbat). Dieser Frischk\xc3\xa4se kann Spuren von Schalenfr\xc3\xbcchten und Ziegenmilch enthalten.Allergenhinweise: Frischk\xc3\xa4se, Kuhmilch, Sahne/RahmEnth\xc3\xa4lt: Milch und Milcherzeugnisse (einschlie\xc3\x9flich Lactose). Kann enthalten: N\xc3\xbcsse und Nusserzeugnisse.N\xc3\xa4hrwerteDurchschnittliche N\xc3\xa4hrwerteUnzubereitet pro 100 gEnergie1.391 kJEnergie337 kcalFett32 gFett, davon ges\xc3\xa4ttigte Fetts\xc3\xa4uren23 gKohlenhydrate3 gKohlenhydrate, davon Zucker2,4 gEiwei\xc3\x9f9,2 gSalz1,2 gHinweiseAufbewahrungs- und Verwendungshinweis: Bei +2\xc2\xb0C bis +8\xc2\xb0C mindestens haltbar bis: siehe VerpackungsaufdruckInformation: DoppelrahmstufeArtikeldetailsMarke: BressoUrsprungsland: FrankreichKontaktKontaktname: FromarsacKontaktadresse: Marsac sur L'Isle, 24052 P\xc3\xa9rigueux, Cedex 9, FranceMaximale Bestellmenge: 15 St\xc3\xbcckF\xc3\xbcr die vorstehenden Angaben wird keine Haftung \xc3\xbcbernommen. Bitte pr\xc3\xbcfen Sie im Einzelfall die Angaben auf der jeweiligen Produktverpackung, nur diese sind verbindlich.Das Produktdesign kann von der Abbildung abweichen.""",Berliner Str. 41-49,Rewe,Frische & Convenience,2023-07-09,"Gültig ab morgen bis Samstag, 15.07.2023"
Rana Tortelloni,https://img.rewe-static.de/REWE28_2023/8657317/33918696-8_digital-image.png?impolicy=s-offers&imwidth=200&output-format=image/webp,,https://shop.rewe.de/productList?search=1729713,,"versch. Sorten , je 250-g-Pckg , (1 kg = 10.76)",Aktion,"2,69 €","b'ProduktbeschreibungArtikelnummer 8657317Zutaten & AllergeneZutaten: F\xc3\x9cLLUNG 53%: Basilikum Pesto 35%,(Sonnenblumen\xc3\xb6l, Basilikum 27% Pecorino Romano g.U. (gesch\xc3\xbctzte Ursprungsbezeichnung) K\xc3\x84SE 14%, KACHUN\xc3\x9cSSE, geriebener K\xc3\x84SE, Kochsalz, Pinienkerne 3%), Ricotta 33% (MOLKE, MILCH, Kochsalz), Pflanzenfasern (Mais und Kartoffeln) Mozzarella K\xc3\x84SE, Paniermehl (WeichWEIZENmehl, Wasser, Kochsalz, Hefe), LAKTOSE, St\xc3\xa4rke, nat\xc3\xbcrliche Aromen (enth\xc3\xa4lt GERSTE). TEIGWAREN 47%: WeichWEIZENmehl, EIER 30%,HartWEIZENgrie\xc3\x9f. Hergestellt in einem Werk, das auch SCHALENFR\xc3\x9cCHTE, FISCHE, KREBSTIERE, WICHTIERE, SOJABOHNEN und SELLERIE verwendet.Allergenhinweise: Enth\xc3\xa4lt: Glutenhaltiges Getreide und glutenhaltige Getreideerzeugnisse. Milch und Milcherzeugnisse (einschlie\xc3\x9flich Lactose). N\xc3\xbcsse und Nusserzeugnisse. Eier und Eierzeugnisse. Kann enthalten: Krebstiere und Krebstiererzeugnisse. Weichtiere und Weichtiererzeugnisse. Fisch und Fischerzeugnisse. Soja und Sojaerzeugnisse. Sellerie und Sellerieerzeugnisse.N\xc3\xa4hrwerteDurchschnittliche N\xc3\xa4hrwerteUnzubereitet pro 100 gEnergie1.225 kJEnergie292 kcalFett12 gFett, davon ges\xc3\xa4ttigte Fetts\xc3\xa4uren3,1 gKohlenhydrate32 gKohlenhydrate, davon Zucker4,1 gBallaststoffe6,2 gEiwei\xc3\x9f11 gSalz0,98 gHinweiseAufbewahrungs- und Verwendungshinweis: Im K\xc3\xbchlschrank bei +4\xc2\xb0C bis max. +7\xc2\xb0C aufbewahren. Nach dem \xc3\x96ffnen innerhalb von 3 Tagen verbrauchen.Information: Unter Schutzatmosph\xc3\xa4re verpackt.ArtikeldetailsMarke: Giovanni RanaUrsprungsland: ItalienKontaktKontaktname: Pastificio RANA S.p.A.Kontaktadresse: Via Pacinotti, 25 - 37057 San Giovanni Lupatoto (VR) - ItaliaMaximale Bestellmenge: 15 St\xc3\xbcckF\xc3\xbcr die vorstehenden Angaben wird keine Haftung \xc3\xbcbernommen. Bitte pr\xc3\xbcfen Sie im Einzelfall die Angaben auf der jeweiligen Produktverpackung, nur diese sind verbindlich.Das Produktdesign kann von der Abbildung abweichen.'",Berliner Str. 41-49,Rewe,Frische & Convenience,2023-07-09,"Gültig ab morgen bis Samstag, 15.07.2023"
Homann Kartoffel- oder Pellkartoffelsalat,https://img.rewe-static.de/REWE28_2023/8698632/34937248-11_digital-image.png?impolicy=s-offers&imwidth=200&output-format=image/webp,,https://shop.rewe.de/productList?search=1729713,,"versch. Sorten , je 400-g-Pckg , (1 kg = 4.23)",Aktion,"1,69 €","b'ProduktbeschreibungArtikelnummer 8698632Zutaten & AllergeneZutaten: 62% Kartoffeln, Raps\xc3\xb6l, 8% H\xc3\x9cHNEREIER, 6% Gurken, Wasser, Zucker, Branntweinessig, 2% Zwiebeln, Speisesalz, H\xc3\x9cHNEREIGELB, S\xc3\xa4ureregulatoren: Calciumchlorid und Natriumacetate, Sahne (MILCH), Konservierungsstoff: Kaliumsorbat, St\xc3\xa4rke, Gew\xc3\xbcrze (enth\xc3\xa4lt SENF), f\xc3\xa4rbendes Lebensmittel: Karottenkonzentrat, Verdickungsmittel: Guarkernmehl, S\xc3\xa4uerungsmittel: Citronens\xc3\xa4ure, Antioxidationsmittel: Ascorbins\xc3\xa4ure, Stabilisator: Carrageen. Kann Spuren von Erdn\xc3\xbcssen, Fischen, glutenhaltiges Getreide, Krebstieren, Schalenfr\xc3\xbcchten, Sellerie, Sesamsamen und Sojabohnen enthalten.Allergenhinweise: Enth\xc3\xa4lt: Eier und Eierzeugnisse. Milch und Milcherzeugnisse (einschlie\xc3\x9flich Lactose). Senf- und Senferzeugnisse. Kann enthalten: Erdn\xc3\xbcsse und Erdnusserzeugnisse. Glutenhaltiges Getreide und glutenhaltige Getreideerzeugnisse. N\xc3\xbcsse und Nusserzeugnisse. Sellerie und Sellerieerzeugnisse. Sesamsamen und Sesamsamenerzeugnisse. Soja und Sojaerzeugnisse. Weizen und Weizenerzeugnisse (glutenhaltiges Getreide). Fisch und Fischerzeugnisse.N\xc3\xa4hrwerteDurchschnittliche N\xc3\xa4hrwerteUnzubereitet pro 100 gEnergie770 kJEnergie185 kcalFett13,2 gFett, davon ges\xc3\xa4ttigte Fetts\xc3\xa4uren1,2 gKohlenhydrate12,8 gKohlenhydrate, davon Zucker3 gEiwei\xc3\x9f2,6 gSalz1,3 gHinweiseAufbewahrungs- und Verwendungshinweis: Gek\xc3\xbchlt bei max. +7\xc2\xb0CArtikeldetailsMarke: HomannUrsprungsland: NiederlandeKontaktKontaktname: Signature Foods Deutschland GmbHKontaktadresse: Winkelhausenstra\xc3\x9fe 10, 49090 Osnabr\xc3\xbcckMaximale Bestellmenge: 15 St\xc3\xbcckF\xc3\xbcr die vorstehenden Angaben wird keine Haftung \xc3\xbcbernommen. Bitte pr\xc3\xbcfen Sie im Einzelfall die Angaben auf der jeweiligen Produktverpackung, nur diese sind verbindlich.Das Produktdesign kann von der Abbildung abweichen.'",Berliner Str. 41-49,Rewe,Frische & Convenience,2023-07-09,"Gültig ab morgen bis Samstag, 15.07.2023"
Alta Badia,https://img.rewe-static.de/REWE28_2023/0351001/26962937-8_digital-image.png?impolicy=s-offers&imwidth=200&output-format=image/webp,,https://shop.rewe.de/productList?search=1729713,,"ital. Hartkäse, mind. 50% Fett i.Tr. , je 100 g",Aktion,"1,99 €","b'ProduktbeschreibungArtikelnummer 351001Frisch f\xc3\xbcr dich aus unserer Servicetheke. \n \nZutaten: pasteurisierte MILCH, Salz, MILCHS\xc3\x84UREBAKTERIEN, tierisches Lab, Konservierungsstoff: LYSOZYM (aus EI), Natamycin, Farbstoff: AMMONSULFITZUCKERKUL\xc3\x96R \n \nLaktosefrei* \n*Laktosegehalt: unter 0, 1g/100g \n \nRinde nicht zum Verzehr geeignet! \n \nN\xc3\xa4hrwerte je 100g: \nEnergie: 1704kJ \nEnergie: 411kcal \nFett: 33,5g \nFett, davon ges\xc3\xa4ttigte Fetts\xc3\xa4uren: 24,1g \nKohlenhydrate: 0,1g \nKohlenhydrate, davon Zucker: 0,1g \nEiwei\xc3\x9f: 27,3g \nSalz: 1,7g ArtikeldetailsEigenschaften: LaktosefreiMaximale Bestellmenge: 15 St\xc3\xbcckF\xc3\xbcr die vorstehenden Angaben wird keine Haftung \xc3\xbcbernommen. Bitte pr\xc3\xbcfen Sie im Einzelfall die Angaben auf der jeweiligen Produktverpackung, nur diese sind verbindlich.Das Produktdesign kann von der Abbildung abweichen.'",Berliner Str. 41-49,Rewe,Frische & Convenience,2023-07-09,"Gültig ab morgen bis Samstag, 15.07.2023"
Campofrio Serrano-Schinken,https://img.rewe-static.de/REWE28_2023/0515409/31641266-6_digital-image.png?impolicy=s-offers&imwidth=200&output-format=image/webp,,https://shop.rewe.de/productList?search=1729713,,je 100 g,Aktion,"2,19 €","b'ProduktbeschreibungArtikelnummer 515409Frisch f\xc3\xbcr dich aus unserer Servicetheke. \n \nZutaten: Schweinefleisch, Salz, Konservierungsstoff: Kaliumnitrat, Natriumnitrit. \n \nN\xc3\xa4hrwerte je 100g: \nEnergie: 889kJ \nEnergie: 2120kcal \nFett: 10g \nFett, davon ges\xc3\xa4ttigte Fetts\xc3\xa4uren: 3,8g \nKohlenhydrate: 0,5g \nKohlenhydrate, davon Zucker: 0,5g \nEiwei\xc3\x9f: 30g \nSalz: 5g Zutaten & AllergeneAllergenhinweise: nullN\xc3\xa4hrwerteDurchschnittliche N\xc3\xa4hrwerteUnzubereitet pro 100 gEnergie889 kJEnergie212 kcalFett10 gFett, davon ges\xc3\xa4ttigte Fetts\xc3\xa4uren3,8 gKohlenhydrate0,5 gKohlenhydrate, davon Zucker0,5 gEiwei\xc3\x9f30 gSalz5 gArtikeldetailsMarke: CampofrioMaximale Bestellmenge: 15 St\xc3\xbcckF\xc3\xbcr die vorstehenden Angaben wird keine Haftung \xc3\xbcbernommen. Bitte pr\xc3\xbcfen Sie im Einzelfall die Angaben auf der jeweiligen Produktverpackung, nur diese sind verbindlich.Das Produktdesign kann von der Abbildung abweichen.'",Berliner Str. 41-49,Rewe,Frische & Convenience,2023-07-09,"Gültig ab morgen bis Samstag, 15.07.2023"
Galbani Mozzarella Mini,https://img.rewe-static.de/REWE28_2023/0594382/965610-29_digital-image.png?impolicy=s-offers&imwidth=200&output-format=image/webp,,https://shop.rewe.de/productList?search=1729713,,"38% Fett i.Tr. , je 260-g-Pckg , (1 kg = 13.27) , 150-g-Abtropfgew.",Aktion,"1,99 €","b'ProduktbeschreibungArtikelnummer 594382Zutaten & AllergeneZutaten: pasteurisierte KuhMILCH, Lab, Salz, S\xc3\xa4uerungsmittel:Zitronens\xc3\xa4ureAllergenhinweise: Enth\xc3\xa4lt: Milch und Milcherzeugnisse (einschlie\xc3\x9flich Lactose).N\xc3\xa4hrwerteDurchschnittliche N\xc3\xa4hrwerteUnzubereitet pro 100 gEnergie819 kJEnergie197 kcalFett13,5 gFett, davon ges\xc3\xa4ttigte Fetts\xc3\xa4uren9,4 gKohlenhydrate1,3 gKohlenhydrate, davon Zucker0,6 gEiwei\xc3\x9f17,5 gSalz0,6 gHinweiseAufbewahrungs- und Verwendungshinweis: bei 8\xc2\xb0C mindestens haltbar bis: siehe VerpackungsaufdruckArtikeldetailsMarke: GalbaniNettof\xc3\xbcllmenge: 260 GUrsprungsland: ItalienAbtropfgewicht: 150 gKontaktKontaktname: Lactalis Deutschland GmbHKontaktadresse: Am Yachthafen 2, 77694 KehlMaximale Bestellmenge: 15 St\xc3\xbcckF\xc3\xbcr die vorstehenden Angaben wird keine Haftung \xc3\xbcbernommen. Bitte pr\xc3\xbcfen Sie im Einzelfall die Angaben auf der jeweiligen Produktverpackung, nur diese sind verbindlich.Das Produktdesign kann von der Abbildung abweichen.'",Berliner Str. 41-49,Rewe,Frische & Convenience,2023-07-09,"Gültig ab morgen bis Samstag, 15.07.2023"
Landliebe Sahnepudding,https://img.rewe-static.de/REWE28_2023/2861852/1862900-49_digital-image.png?impolicy=s-offers&imwidth=200&output-format=image/webp,,https://shop.rewe.de/productList?search=1729713,,"Schokolade , je 150-g-Becher , (1 kg = 3.27)",Aktion,"0,49 €","b'ProduktbeschreibungArtikelnummer 2861852Zutaten & AllergeneZutaten: 82% SAHNE, 9% Schokoladenpulver (Zucker, Kakao*), Zucker, modifizierte St\xc3\xa4rke, 0,9% fettarmer Kakao*, St\xc3\xa4rke.Allergenhinweise: Enth\xc3\xa4lt: Milch und Milcherzeugnisse (einschlie\xc3\x9flich Lactose).N\xc3\xa4hrwerteDurchschnittliche N\xc3\xa4hrwerteUnzubereitet pro 100 gEnergie680 kJEnergie163 kcalFett8,8 gFett, davon ges\xc3\xa4ttigte Fetts\xc3\xa4uren6 gKohlenhydrate17 gKohlenhydrate, davon Zucker14 gEiwei\xc3\x9f3,3 gSalz0,11 gHinweiseAufbewahrungs- und Verwendungshinweis: Bei +8 \xc2\xb0C mindestens haltbar bis: siehe Deckel.Information: * Rainforest Alliance-zertifizierter Kakao. Weitere Informationen unter ra.org.ArtikeldetailsMarke: LandliebeUrsprungsland: DeutschlandSorte: SchokoladeKontaktKontaktname: Landliebe Molkereiprodukte GmbHKontaktadresse: 74078 Heilbronn DEUTSCHLANDMaximale Bestellmenge: 15 St\xc3\xbcckF\xc3\xbcr die vorstehenden Angaben wird keine Haftung \xc3\xbcbernommen. Bitte pr\xc3\xbcfen Sie im Einzelfall die Angaben auf der jeweiligen Produktverpackung, nur diese sind verbindlich.Das Produktdesign kann von der Abbildung abweichen.'",Berliner Str. 41-49,Rewe,Kühlung,2023-07-09,"Gültig ab morgen bis Samstag, 15.07.2023"
Landliebe Vollmilchpudding,https://img.rewe-static.de/REWE28_2023/8395149/37709425-7_digital-image.png?impolicy=s-offers&imwidth=200&output-format=image/webp,,https://shop.rewe.de/productList?search=1729713,,"Schoko , je 225-g-Becher , (1 kg = 2.18)",Aktion,"0,49 €","b'ProduktbeschreibungArtikelnummer 8395149Zutaten & AllergeneZutaten: 86% VOLLMILCH, Zucker, 4 % Schokoladenpulver (Zucker, Kakao), modifizierte St\xc3\xa4rke, 1,5 % fettarmer Kakao, St\xc3\xa4rke.Allergenhinweise: Enth\xc3\xa4lt: Milch und Milcherzeugnisse (einschlie\xc3\x9flich Lactose).N\xc3\xa4hrwerteDurchschnittliche N\xc3\xa4hrwerteUnzubereitet pro 100 gEnergie442 kJEnergie105 kcalFett3,7 gFett, davon ges\xc3\xa4ttigte Fetts\xc3\xa4uren2,5 gKohlenhydrate14 gKohlenhydrate, davon Zucker11 gEiwei\xc3\x9f3,5 gSalz0,15 gHinweiseAufbewahrungs- und Verwendungshinweis: Unge\xc3\xb6ffnet bei +8\xc2\xb0C mindestens haltbar bis: siehe Deckel.ArtikeldetailsMarke: LandliebeUrsprungsland: DeutschlandKontaktKontaktname: Landliebe Molkereiprodukte GmbHKontaktadresse: 74078 Heilbronn DEUTSCHLANDMaximale Bestellmenge: 15 St\xc3\xbcckF\xc3\xbcr die vorstehenden Angaben wird keine Haftung \xc3\xbcbernommen. Bitte pr\xc3\xbcfen Sie im Einzelfall die Angaben auf der jeweiligen Produktverpackung, nur diese sind verbindlich.Das Produktdesign kann von der Abbildung abweichen.'",Berliner Str. 41-49,Rewe,Kühlung,2023-07-09,"Gültig ab morgen bis Samstag, 15.07.2023"
Landliebe Joghurt,https://img.rewe-static.de/REWE28_2023/6737188/7396340-14_digital-image.png?impolicy=s-offers&imwidth=200&output-format=image/webp,,https://shop.rewe.de/productList?search=1729713,,"versch. Sorten , je 500-g-Glas , (1 kg = 1.98) , zzgl. 0.15 Pfand",Aktion,"0,99 €","b'ProduktbeschreibungArtikelnummer 6737188Zutaten & AllergeneZutaten: Joghurt mildAllergenhinweise: Enth\xc3\xa4lt: Milch und Milcherzeugnisse (einschlie\xc3\x9flich Lactose).N\xc3\xa4hrwerteDurchschnittliche N\xc3\xa4hrwerteUnzubereitet pro 100 gEnergie336 kJEnergie80 kcalFett3,8 gFett, davon ges\xc3\xa4ttigte Fetts\xc3\xa4uren2,6 gKohlenhydrate6,2 gKohlenhydrate, davon Zucker6,2 gEiwei\xc3\x9f5,3 gSalz0,1 gHinweiseAufbewahrungs- und Verwendungshinweis: Bei +8 \xc2\xb0C mindestens haltbar bis:siehe VerpackungsaufdruckArtikeldetailsMarke: LandliebeUrsprungsland: DeutschlandKontaktKontaktname: Landliebe Molkereiprodukte GmbHKontaktadresse: 74078 Heilbronn DEUTSCHLANDMaximale Bestellmenge: 15 St\xc3\xbcckF\xc3\xbcr die vorstehenden Angaben wird keine Haftung \xc3\xbcbernommen. Bitte pr\xc3\xbcfen Sie im Einzelfall die Angaben auf der jeweiligen Produktverpackung, nur diese sind verbindlich.Das Produktdesign kann von der Abbildung abweichen.'",Berliner Str. 41-49,Rewe,Kühlung,2023-07-09,"Gültig ab morgen bis Samstag, 15.07.2023"
Alpro Mandel Drink,https://img.rewe-static.de/REWE28_2023/3215020/26398683-18_digital-image.png?impolicy=s-offers&imwidth=200&output-format=image/webp,,https://shop.rewe.de/productList?search=1729713,,"versch. Sorten , je 1-l-Pckg",Aktion,"1,99 €","b'ProduktbeschreibungArtikelnummer 3215020FEINER MARZIPAN-GESCHMACK. Unser Drink schmeckt frisch und cremig mit Mandeln, die aus Italien und Spanien kommen. Unger\xc3\xb6stet behalten sie ihr urspr\xc3\xbcnglich feines Aroma. Ein EINZIGARTIGES MANDELERLEBNIS nach italienischer Art. Ein Genuss zu M\xc3\xbcsli oder gek\xc3\xbchlt im Glas. DRINK \xe2\x80\x93 ALMOND \xe2\x80\x93 UNROASTED \xe2\x80\x93 NS \xe2\x80\x93 SD \xe2\x80\x93 LONG \xe2\x80\x93 SIG2 Mit CALCIUM und Vitamin D2, die zur Erhaltung der Knochen beitragen. Von Natur aus FETTARM. Au\xc3\x9ferdem OHNE ein einzigesg ZUCKER! VOR ALLEM DURCH REGEN BEW\xc3\x84SSERT, verbraucht 8-mal weniger Wasser als herk\xc3\xb6mmlich bew\xc3\xa4sserte Mandeln.* *Werte basieren auf einer \xc3\x96kobilanz des Alpro Mandeldrinks vs. Milch in der EU, (Expertengutachten: Quantis 2021). Unsere Mandeln verbrauchen 80% des f\xc3\xbcr die Herstellung dieses Produktes ben\xc3\xb6tigten Wassers. Unsere Mandeln brauchen mehr Land als herk\xc3\xb6mmlich bew\xc3\xa4sserte Mandeln. Ihr Wasserbedarf wird mindestens zu 2/3 durch Regen abgedeckt. Mehr auf alpro.com/planetZutaten & AllergeneZutaten: Wasser, MANDELN (2,3%), Calcium (Tricalciumphosphat), Meersalz, Stabilisatoren (Johannisbrotkernmehl, Gellan), Emulgator (Lecithine), nat\xc3\xbcrliches Aroma, Vitamine (B2, B12, E, D2). Mandeln aus Italien und Spanien. Kann Spuren von Schalenfr\xc3\xbcchten (keine Erdn\xc3\xbcsse) enthalten.Allergenhinweise: MANDELNEnth\xc3\xa4lt: N\xc3\xbcsse und Nusserzeugnisse.N\xc3\xa4hrwerteDurchschnittliche N\xc3\xa4hrwerteUnzubereitet pro 100 mlEnergie56 kJEnergie13 kcalFett1,1 gFett, davon ges\xc3\xa4ttigte Fetts\xc3\xa4uren0,1 gFett, davon einfach unges\xc3\xa4ttigte Fetts\xc3\xa4uren0,8 gFett, davon mehrfach unges\xc3\xa4ttigte Fetts\xc3\xa4uren0,2 gKohlenhydrate0 gKohlenhydrate, davon Zucker0 gBallaststoffe0,2 gEiwei\xc3\x9f0,5 gSalz0,14 gVitamin D0,75 \xc2\xb5gVitamin E1,8 mgVitamin C0 mgThiamin0,09 mgRiboflavin0,21 mgCalcium120 mgNatrium0,06 gVitamin B120,38 \xc2\xb5gLaktose0 gHinweiseAufbewahrungs- und Verwendungshinweis: Mindestens haltbar bis: siehe Oberseite. Nach Anbruch 5 Tage im K\xc3\xbchlschrank haltbar (+1\xc2\xb0C bis +7\xc2\xb0C). Gut sch\xc3\xbctteln.Information: Ohne ZuckerArtikeldetailsMarke: AlproEigenschaften: Laktosefrei, VeganUrsprungsland: GrossbritannienServiervorschlag: 100% pflanzlich.KontaktKontaktname: Danone Deutschland GmbHKontaktadresse: Postfach 100359, 60003 FrankfurtF\xc3\xbcr die vorstehenden Angaben wird keine Haftung \xc3\xbcbernommen. Bitte pr\xc3\xbcfen Sie im Einzelfall die Angaben auf der jeweiligen Produktverpackung, nur diese sind verbindlich.Das Produktdesign kann von der Abbildung abweichen.'",Berliner Str. 41-49,Rewe,Kühlung,2023-07-09,"Gültig ab morgen bis Samstag, 15.07.2023"
Meggle Kräuter-Tube Vegan,https://img.rewe-static.de/REWE28_2023/7814816/35135529-6_digital-image.png?impolicy=s-offers&imwidth=200&output-format=image/webp,,https://shop.rewe.de/productList?search=1729713,,"je 80-ml-Tube , (1 l = 18.63)",Aktion,"1,49 €","b'ProduktbeschreibungArtikelnummer 7814816Zutaten & AllergeneZutaten: Pflanzliche \xc3\x96le und Fette (Raps, Kokos, Shea, in ver\xc3\xa4nderlichen Gewichtsanteilen), Wasser, Zwiebeln 11%, Petersilie 6%, Knoblauch 4%, Salz, St\xc3\xa4rke, Gew\xc3\xbcrze, Kr\xc3\xa4uter, Zitronensaftkonzentrat, Emulgatoren: Lecithin (SOJA), Mono- und Diglyceride von Speisefetts\xc3\xa4uren; nat\xc3\xbcrliches Knoblaucharoma, Farbstoff: Beta-Carotin.N\xc3\xa4hrwerteDurchschnittliche N\xc3\xa4hrwerteUnzubereitet pro 100 gEnergie2.092 kJEnergie509 kcalFett55 gFett, davon ges\xc3\xa4ttigte Fetts\xc3\xa4uren16 gKohlenhydrate2,3 gKohlenhydrate, davon Zucker0,9 gEiwei\xc3\x9f0,6 gSalz1,9 gHinweiseAufbewahrungs- und Verwendungshinweis: K\xc3\xbchlung bei < 10 \xc2\xb0C ohne UnterbrechungArtikeldetailsMarke: MeggleEigenschaften: Vegan, LaktosefreiUrsprungsland: DeutschlandKontaktKontaktname: MEGGLE GmbH & Co. KGKontaktadresse: Megglestr. 6-12 83512 WasserburgF\xc3\xbcr die vorstehenden Angaben wird keine Haftung \xc3\xbcbernommen. Bitte pr\xc3\xbcfen Sie im Einzelfall die Angaben auf der jeweiligen Produktverpackung, nur diese sind verbindlich.Das Produktdesign kann von der Abbildung abweichen.'",Berliner Str. 41-49,Rewe,Kühlung,2023-07-09,"Gültig ab morgen bis Samstag, 15.07.2023"
Meggle Kräuter-Butter,https://img.rewe-static.de/REWE28_2023/4529472/7395990-34_digital-image.png?impolicy=s-offers&imwidth=200&output-format=image/webp,,https://shop.rewe.de/productList?search=1729713,,"je 5 x 20-g-Pckg , (1 kg = 14.90)",Aktion,"1,49 €","b'ProduktbeschreibungArtikelnummer 4529472Zutaten & AllergeneZutaten: BUTTER, Zwiebeln, Petersilie 6%, Knoblauch 3%, Salz, Kr\xc3\xa4uter, Gew\xc3\xbcrze, St\xc3\xa4rke, Zitronensaft*, nat\xc3\xbcrliches Knoblaucharoma. *aus KonzentratAllergenhinweise: Enth\xc3\xa4lt: Milch und Milcherzeugnisse (einschlie\xc3\x9flich Lactose).N\xc3\xa4hrwerteDurchschnittliche N\xc3\xa4hrwerteUnzubereitet pro 100 gEnergie2.377 kJEnergie578 kcalFett62 gFett, davon ges\xc3\xa4ttigte Fetts\xc3\xa4uren40 gKohlenhydrate3,3 gKohlenhydrate, davon Zucker2,4 gBallaststoffe0,6 gEiwei\xc3\x9f1,2 gSalz2,1 gNatrium0,85 gHinweiseAufbewahrungs- und Verwendungshinweis: K\xc3\xbchlung bei < 10 \xc2\xb0C ohne Unterbrechung oder tiefgek\xc3\xbchlt (\xe2\x89\xa4-18 \xc2\xb0C)ArtikeldetailsMarke: MeggleUrsprungsland: DeutschlandPackungsgr\xc3\xb6\xc3\x9fe: 5x20gKontaktKontaktname: MEGGLE GmbH & Co. KGKontaktadresse: Megglestr. 6-1283512 WasserburgMaximale Bestellmenge: 15 St\xc3\xbcckF\xc3\xbcr die vorstehenden Angaben wird keine Haftung \xc3\xbcbernommen. Bitte pr\xc3\xbcfen Sie im Einzelfall die Angaben auf der jeweiligen Produktverpackung, nur diese sind verbindlich.Das Produktdesign kann von der Abbildung abweichen.'",Berliner Str. 41-49,Rewe,Kühlung,2023-07-09,"Gültig ab morgen bis Samstag, 15.07.2023"
Cheestrings Original,https://img.rewe-static.de/REWE28_2023/7033238/26586529-15_digital-image.png?impolicy=s-offers&imwidth=200&output-format=image/webp,,https://shop.rewe.de/productList?search=1729713,,"je 4 x 20-g-Pckg , (1 kg = 21.13)",Aktion,"1,69 €","b'ProduktbeschreibungArtikelnummer 7033238Zutaten & AllergeneZutaten: MILCH (96%), Salz, S\xc3\xa4ureregulatoren (Citronens\xc3\xa4ure, Milchs\xc3\xa4ure), Mikrobieller Labersatzstoff, Starterkulturen (MILCH), Vitamin B6, Vitamin B12.Allergenhinweise: Enth\xc3\xa4lt: Milch und Milcherzeugnisse (einschlie\xc3\x9flich Lactose).N\xc3\xa4hrwerteDurchschnittliche N\xc3\xa4hrwerteUnzubereitet pro 100 gEnergie1.264 kJEnergie304 kcalFett22,5 gFett, davon ges\xc3\xa4ttigte Fetts\xc3\xa4uren14,2 gKohlenhydrate2,5 gKohlenhydrate, davon Zucker1 gEiwei\xc3\x9f23 gSalz1,8 gHinweiseAufbewahrungs- und Verwendungshinweis: Bei 4-8\xc2\xb0C mindestens haltbar bis: siehe VerpackungsaufdruckArtikeldetailsMarke: CheestringsUrsprungsland: IrlandKontaktKontaktname: Privatmolkerei Bauer GmbH & Co. KGKontaktadresse: 83512 Wasserburg/InnMaximale Bestellmenge: 15 St\xc3\xbcckF\xc3\xbcr die vorstehenden Angaben wird keine Haftung \xc3\xbcbernommen. Bitte pr\xc3\xbcfen Sie im Einzelfall die Angaben auf der jeweiligen Produktverpackung, nur diese sind verbindlich.Das Produktdesign kann von der Abbildung abweichen.'",Berliner Str. 41-49,Rewe,Kühlung,2023-07-09,"Gültig ab morgen bis Samstag, 15.07.2023"
Milram Müritzer Scheiben,https://img.rewe-static.de/REWE28_2023/7215406/27484152-9_digital-image.png?impolicy=s-offers&imwidth=200&output-format=image/webp,,https://shop.rewe.de/productList?search=1729713,,"Schnittkäse, 55% Fett i.Tr. , je 150-g-Pckg , (1 kg = 9.93)",Knaller,"1,49 €","b'ProduktbeschreibungArtikelnummer 7215406Zutaten & AllergeneZutaten: pasteurisierte KUHMILCH, Speisesalz, S\xc3\xa4uerungskulturen, mikrobielles Lab, Farbstoff: Carotin, Annatto Norbixin(pflanzlicher Farbstoff)Allergenhinweise: Enth\xc3\xa4lt: Milch und Milcherzeugnisse (einschlie\xc3\x9flich Lactose).N\xc3\xa4hrwerteDurchschnittliche N\xc3\xa4hrwerteUnzubereitet pro 100 gEnergie1.599 kJEnergie386 kcalFett33 gFett, davon ges\xc3\xa4ttigte Fetts\xc3\xa4uren22,8 gKohlenhydrate< 0,1 gKohlenhydrate, davon Zucker< 0,1 gEiwei\xc3\x9f21 gSalz1,8 gCalcium650 mgHinweiseAufbewahrungs- und Verwendungshinweis: Unge\xc3\xb6ffnet bei +4\xc2\xb0C bis +8\xc2\xb0C mindestens haltbar bis: Nach dem \xc3\x96ffnen k\xc3\xbchl lagern und innerhalb weniger Tage verbrauchen.Information: unter Schutzatmosph\xc3\xa4re verpackt.ArtikeldetailsMarke: MilramEigenschaften: LaktosefreiUrsprungsland: DeutschlandKontaktKontaktname: DMK GmbHKontaktadresse: 27400 ZevenMaximale Bestellmenge: 15 St\xc3\xbcckF\xc3\xbcr die vorstehenden Angaben wird keine Haftung \xc3\xbcbernommen. Bitte pr\xc3\xbcfen Sie im Einzelfall die Angaben auf der jeweiligen Produktverpackung, nur diese sind verbindlich.Das Produktdesign kann von der Abbildung abweichen.'",Berliner Str. 41-49,Rewe,Kühlung,2023-07-09,"Gültig ab morgen bis Samstag, 15.07.2023"
"Rama zum Streichen, Backen & Kochen",https://img.rewe-static.de/REWE28_2023/8826343/36666364-10_digital-image.png?impolicy=s-offers&imwidth=200&output-format=image/webp,,https://shop.rewe.de/productList?search=1729713,,"je 400-g-Becher , (1 kg = 2.98)",Knaller,"1,19 €","b'ProduktbeschreibungArtikelnummer 8826343100% nat\xc3\xbcrliche Zutaten, 100% Pflanzlich, \nGern k\xc3\xbchl lagern. Mit 100% nat\xc3\xbcrlichen Zutaten ist Rama auch k\xc3\xbchlschrankkalt immer einsatzbereit.Zutaten & AllergeneZutaten: pflanzliche \xc3\x96le und Fette (Raps, Palm, Sonnenblumen in ver\xc3\xa4nderlichen Gewichtsanteilen), Trinkwasser, Speisesalz (0.5%), Emulgatoren (Lecithine, Mono- und Diglyceride von Speisefetts\xc3\xa4uren), nat\xc3\xbcrliche Aromen, S\xc3\xa4uerungsmittel (Citronens\xc3\xa4ure), Vitamine (A, D, E), Farbstoff (Carotin).N\xc3\xa4hrwerteDurchschnittliche N\xc3\xa4hrwerteUnzubereitet pro 100 gEnergie2.235 kJEnergie536 kcalFett60 gFett, davon ges\xc3\xa4ttigte Fetts\xc3\xa4uren21 gKohlenhydrate< 0,5 gKohlenhydrate, davon Zucker< 0,5 gEiwei\xc3\x9f< 0,5 gSalz0,5 gVitamin A800 \xc2\xb5gVitamin D7,5 \xc2\xb5gVitamin E9,2 mgHinweiseAufbewahrungs- und Verwendungshinweis: Beste Lagerung zwischen +2\xc2\xb0C und +15 \xc2\xb0C.ArtikeldetailsMarke: RamaUrsprungsland: DeutschlandKontaktKontaktname: Upfield Deutschland GmbHKontaktadresse: Postfach 10 25 27 20017 HamburgMaximale Bestellmenge: 15 St\xc3\xbcckF\xc3\xbcr die vorstehenden Angaben wird keine Haftung \xc3\xbcbernommen. Bitte pr\xc3\xbcfen Sie im Einzelfall die Angaben auf der jeweiligen Produktverpackung, nur diese sind verbindlich.Das Produktdesign kann von der Abbildung abweichen.'",Berliner Str. 41-49,Rewe,Kühlung,2023-07-09,"Gültig ab morgen bis Samstag, 15.07.2023"
Ehrmann Almighurt,https://img.rewe-static.de/REWE28_2023/7659300/9176090-16_digital-image.png?impolicy=s-offers&imwidth=200&output-format=image/webp,,https://shop.rewe.de/productList?search=1729713,,"versch. Sorten , je 150-g-Becher , (1 kg = 2.20)",Knaller,"0,33 €","b'ProduktbeschreibungArtikelnummer 7659300Erlesene Fruchtzubereitung aus Deutschland.Gute Allg\xc3\xa4uer Milch von Familienh\xc3\xb6fen.Zutaten & AllergeneZutaten: JOGHURT mild, Zucker, Heidelbeeren 6,8%, modifizierte St\xc3\xa4rke, f\xc3\xa4rbendes Pflanzenkonzentrat (Karotte), Verdickungsmittel (Pektine, Guarkernmehl), Aroma. Ohne Konservierungsstoffe.Allergenhinweise: Enth\xc3\xa4lt: JoghurtEnth\xc3\xa4lt: Milch und Milcherzeugnisse (einschlie\xc3\x9flich Lactose). Milchzucker (Laktose).N\xc3\xa4hrwerteDurchschnittliche N\xc3\xa4hrwerteUnzubereitet pro 100 gEnergie389 kJEnergie92 kcalFett2,7 gFett, davon ges\xc3\xa4ttigte Fetts\xc3\xa4uren1,8 gKohlenhydrate14 gKohlenhydrate, davon Zucker13 gEiwei\xc3\x9f3 gSalz0,1 gHinweiseAufbewahrungs- und Verwendungshinweis: Bei max. +8 \xc2\xb0C mindestens haltbar bis: siehe DeckelArtikeldetailsMarke: EhrmannUrsprungsland: DeutschlandSorte: HeidelbeereKontaktKontaktname: Ehrmann GmbHKontaktadresse: A.-Ehrmann-Stra\xc3\x9fe 2, 87770 Obersch\xc3\xb6neggMaximale Bestellmenge: 15 St\xc3\xbcckF\xc3\xbcr die vorstehenden Angaben wird keine Haftung \xc3\xbcbernommen. Bitte pr\xc3\xbcfen Sie im Einzelfall die Angaben auf der jeweiligen Produktverpackung, nur diese sind verbindlich.Das Produktdesign kann von der Abbildung abweichen.'",Berliner Str. 41-49,Rewe,Kühlung,2023-07-09,"Gültig ab morgen bis Samstag, 15.07.2023"
Mövenpick Caffè Cappuccino,https://img.rewe-static.de/REWE28_2023/0021685/21145285-37_digital-image.png?impolicy=s-offers&imwidth=200&output-format=image/webp,,https://shop.rewe.de/productList?search=1729713,,"koffeinhaltig , je 189-ml-Becher , (1 l = 4.71)",Aktion,"0,89 €","b'ProduktbeschreibungArtikelnummer 21685F\xc3\xbcr alle, die es gerne mild und schokoladig m\xc3\xb6gen, ist unser ""Iced Coffee Cappuccino"" genau das Richtige. Hier treffen feinste Hochland-Arabica-Bohnen auf Robusta-Bohnen, beste Milch und feinsten Kakao. Ein cremig-schokoladiger Eiskaffee - f\xc3\xbcr echte Cappuccino-Freunde.Zutaten & AllergeneZutaten: 79% fettarme MILCH, 16% Kaffee (fl\xc3\xbcssiger Kaffee-Extrakt, Wasser), Zucker, 0,5% Kakaopulver, Verdickungsmittel Carrageen. Koffeingehalt: ca. 37 mg/100 mlAllergenhinweise: Enth\xc3\xa4lt: Milch und Milcherzeugnisse (einschlie\xc3\x9flich Lactose).N\xc3\xa4hrwerteDurchschnittliche N\xc3\xa4hrwerteUnzubereitet pro 100 gEnergie277 kJEnergie66 kcalFett1,5 gFett, davon ges\xc3\xa4ttigte Fetts\xc3\xa4uren1 gKohlenhydrate9,4 gKohlenhydrate, davon Zucker8,9 gEiwei\xc3\x9f3,6 gSalz0,1 gHinweiseAufbewahrungs- und Verwendungshinweis: Bei +8\xc2\xb0C mindestens haltbar: siehe DeckelArtikeldetailsMarke: M\xc3\xb6venpickUrsprungsland: DeutschlandSorte: CappuccinoKontaktKontaktname: Privatmolkerei BauerKontaktadresse: 83512 WasserburgMaximale Bestellmenge: 15 St\xc3\xbcckF\xc3\xbcr die vorstehenden Angaben wird keine Haftung \xc3\xbcbernommen. Bitte pr\xc3\xbcfen Sie im Einzelfall die Angaben auf der jeweiligen Produktverpackung, nur diese sind verbindlich.Das Produktdesign kann von der Abbildung abweichen.'",Berliner Str. 41-49,Rewe,Kühlung,2023-07-09,"Gültig ab morgen bis Samstag, 15.07.2023"
Mövenpick Caffè Macchiato,https://img.rewe-static.de/REWE28_2023/2807955/969690-46_digital-image.png?impolicy=s-offers&imwidth=200&output-format=image/webp,,https://shop.rewe.de/productList?search=1729713,,"koffeinhaltig , je 190-ml-Becher , (1 l = 4.68)",Aktion,"0,89 €","b'ProduktbeschreibungArtikelnummer 2807955F\xc3\xbcr alle, die es gerne mild und cremig m\xc3\xb6gen, ist unser ""Iced Coffee Macchiato"" genau das Richtige. Hier treffen feinste Hochland-Arabica-Bohnen auf Robusta-Bohnen und einen Schuss Vollmilch und kreieren so einen einzigartigen runden und harmonischen Milchkaffee.Zutaten & AllergeneZutaten: 79 % VOLLMILCH, 16% Kaffee (fl\xc3\xbcssiger Kaffee-Extrakt, Wasser), Zucker, Verdickungsmittel: Carrageen. Koffeingehalt: ca. 34 mg/100 mlAllergenhinweise: Enth\xc3\xa4lt: Milch und Milcherzeugnisse (einschlie\xc3\x9flich Lactose).N\xc3\xa4hrwerteDurchschnittliche N\xc3\xa4hrwerteUnzubereitet pro 100 gEnergie351 kJEnergie82 kcalFett3,7 gFett, davon ges\xc3\xa4ttigte Fetts\xc3\xa4uren2,6 gKohlenhydrate9,2 gKohlenhydrate, davon Zucker8,8 gEiwei\xc3\x9f3,4 gSalz0,1 gHinweiseAufbewahrungs- und Verwendungshinweis: Bei +8\xc2\xb0C mindestens haltbar bis: siehe DeckelArtikeldetailsMarke: M\xc3\xb6venpickUrsprungsland: DeutschlandSorte: MacchiatoKontaktKontaktname: Privatmolkerei BauerKontaktadresse: 83512 Wasserburg/InnMaximale Bestellmenge: 15 St\xc3\xbcckF\xc3\xbcr die vorstehenden Angaben wird keine Haftung \xc3\xbcbernommen. Bitte pr\xc3\xbcfen Sie im Einzelfall die Angaben auf der jeweiligen Produktverpackung, nur diese sind verbindlich.Das Produktdesign kann von der Abbildung abweichen.'",Berliner Str. 41-49,Rewe,Kühlung,2023-07-09,"Gültig ab morgen bis Samstag, 15.07.2023"
Weihenstephan Butter oder die Streichzarte,https://img.rewe-static.de/REWE28_2023/5005051/24074982-44_digital-image.png?impolicy=s-offers&imwidth=200&output-format=image/webp,,https://shop.rewe.de/productList?search=1729713,,"versch. Sorten , je 250-g-Pckg , (1 kg = 6.36)",Aktion,"1,59 €","b'ProduktbeschreibungArtikelnummer 5005051Zutaten & AllergeneAllergenhinweise: Enth\xc3\xa4lt: Milch und Milcherzeugnisse (einschlie\xc3\x9flich Lactose).N\xc3\xa4hrwerteDurchschnittliche N\xc3\xa4hrwerteUnzubereitet pro 100 gEnergie3.074 kJEnergie747 kcalFett82 gFett, davon ges\xc3\xa4ttigte Fetts\xc3\xa4uren55 gKohlenhydrate1 gKohlenhydrate, davon Zucker1 gEiwei\xc3\x9f0,6 gSalz0,04 gHinweiseAufbewahrungs- und Verwendungshinweis: Bei maximal +8 \xc2\xb0C mindestens haltbar bis: siehe Verpackungsaufdruck.ArtikeldetailsMarke: WeihenstephanUrsprungsland: DeutschlandKontaktKontaktname: Molkerei Weihenstephan GmbH & Co. KGKontaktadresse: Milchstr. 1, D-85354 FreisingMaximale Bestellmenge: 15 St\xc3\xbcckF\xc3\xbcr die vorstehenden Angaben wird keine Haftung \xc3\xbcbernommen. Bitte pr\xc3\xbcfen Sie im Einzelfall die Angaben auf der jeweiligen Produktverpackung, nur diese sind verbindlich.Das Produktdesign kann von der Abbildung abweichen.'",Berliner Str. 41-49,Rewe,Kühlung,2023-07-09,"Gültig ab morgen bis Samstag, 15.07.2023"
Brunch Brotaufstrich,https://img.rewe-static.de/REWE28_2023/8864032/37520400-10_digital-image.png?impolicy=s-offers&imwidth=200&output-format=image/webp,,https://shop.rewe.de/productList?search=1729713,,"versch. Sorten , je 185-g-Becher , (1 kg = 6.43)",Aktion,"1,19 €","b'ProduktbeschreibungArtikelnummer 8864032Brunch Natur. Genuss durch den unverwechselbaren Geschmack und die besonders cremige Textur. Ideal nicht nur zum Streichen sondern auch zum Kochen, Dippen und Backen.\nHergestellt mit Milch aus der Bodensee - Region.Zutaten & AllergeneZutaten: 66% RAHM, 28% MAGERMILCHJOGHURT, MILCHEIWEI\xc3\x9f, St\xc3\xa4rke, Speisesalz, Verdickungsmittel: Agar-Agar, Pektin.Allergenhinweise: MilchEnth\xc3\xa4lt: Milch und Milcherzeugnisse (einschlie\xc3\x9flich Lactose).N\xc3\xa4hrwerteDurchschnittliche N\xc3\xa4hrwerteUnzubereitet pro 100 gEnergie907 kJEnergie219 kcalFett20 gFett, davon ges\xc3\xa4ttigte Fetts\xc3\xa4uren13 gKohlenhydrate4,5 gKohlenhydrate, davon Zucker3,3 gEiwei\xc3\x9f5,3 gSalz0,7 gHinweiseAufbewahrungs- und Verwendungshinweis: D+A: Bei +2 bis +10\xc2\xb0C mindestens haltbar bis: siehe Verpackungsaufdruck CH: Zu verbrauchen bis: siehe VerpackungsaufdruckArtikeldetailsMarke: BrunchUrsprungsland: DeutschlandKontaktKontaktname: Edelweiss GmbH & Co.KGKontaktadresse: D-87435 KemptenMaximale Bestellmenge: 15 St\xc3\xbcckF\xc3\xbcr die vorstehenden Angaben wird keine Haftung \xc3\xbcbernommen. Bitte pr\xc3\xbcfen Sie im Einzelfall die Angaben auf der jeweiligen Produktverpackung, nur diese sind verbindlich.Das Produktdesign kann von der Abbildung abweichen.'",Berliner Str. 41-49,Rewe,Kühlung,2023-07-09,"Gültig ab morgen bis Samstag, 15.07.2023"
Müller Kalinka Kefir oder Ayran,https://img.rewe-static.de/REWE28_2023/2464084/36823096-10_digital-image.png?impolicy=s-offers&imwidth=200&output-format=image/webp,,https://shop.rewe.de/productList?search=1729713,,"je 500-g-Fl , (1 kg = 1.78)",Aktion,"0,89 €","b'ProduktbeschreibungArtikelnummer 2464084Zutaten & AllergeneAllergenhinweise: Enth\xc3\xa4lt: Milch und Milcherzeugnisse (einschlie\xc3\x9flich Lactose).N\xc3\xa4hrwerteDurchschnittliche N\xc3\xa4hrwerteUnzubereitet pro 100 gEnergie193 kJEnergie46 kcalFett1,5 gFett, davon ges\xc3\xa4ttigte Fetts\xc3\xa4uren1 gKohlenhydrate4,1 gKohlenhydrate, davon Zucker4,1 gEiwei\xc3\x9f3,4 gSalz0,12 gRiboflavin0,15 mgCalcium133 mgHinweiseAufbewahrungs- und Verwendungshinweis: Bei unter +8\xc2\xb0C mindestens haltbar bis: siehe Deckelaufdruck.Information: Neben einer abwechslungsreichen und ausgewogenen Ern\xc3\xa4hrung ist eine gesunde Lebensweise f\xc3\xbcr Ihr Wohlbefinden wichtig.ArtikeldetailsMarke: M\xc3\xbcllerUrsprungsland: DeutschlandKontaktKontaktname: Molkerei Alois M\xc3\xbcller GmbH & Co. KGKontaktadresse: Zollerstra\xc3\x9fe 7, DE-86850 AretsriedMaximale Bestellmenge: 15 St\xc3\xbcckF\xc3\xbcr die vorstehenden Angaben wird keine Haftung \xc3\xbcbernommen. Bitte pr\xc3\xbcfen Sie im Einzelfall die Angaben auf der jeweiligen Produktverpackung, nur diese sind verbindlich.Das Produktdesign kann von der Abbildung abweichen.'",Berliner Str. 41-49,Rewe,Kühlung,2023-07-09,"Gültig ab morgen bis Samstag, 15.07.2023"
Bertolli Brotaufstrich,https://img.rewe-static.de/REWE28_2023/4942531/3398660-52_digital-image.png?impolicy=s-offers&imwidth=200&output-format=image/webp,,https://shop.rewe.de/productList?search=1729713,,"mit mildem Olivenöl , je 250-g-Becher , (1 kg = 5.56)",Aktion,"1,39 €","b'ProduktbeschreibungArtikelnummer 4942531- Das Gute des Olivenbaums \n- Enth\xc3\xa4lt viele einfach unges\xc3\xa4ttigte Fetts\xc3\xa4uren \n- F\xc3\xbcr eine gesunde, ausgewogene Ern\xc3\xa4hrung. \n- Passt hervorragend zu herzhafen Brotbel\xc3\xa4gen \n- Aber auch zu S\xc3\xbc\xc3\x9fem, wie Marmelade oder Honig \n \nDas \xe2\x80\x9eGute des Olivenbaums\xe2\x80\x9c t\xc3\xa4glich aufs Brot! \nDer BERTOLLI Brotaufstrich enth\xc3\xa4lt viele einfach unges\xc3\xa4ttigte Fetts\xc3\xa4uren, die einen wichtigen Bestandteil der traditionellen mediterranen Ern\xc3\xa4hrung darstellen. \nDer BERTOLLI Brotaufstrich tr\xc3\xa4gt somit dem Trend nach einer gesunden und ausgewogenen Ern\xc3\xa4hrung Rechnung. \nEr passt hervorragend sowohl zu herzhaften Brotbel\xc3\xa4gen als auch zu S\xc3\xbc\xc3\x9fem, wie Marmelade oder Honig. Zu den beliebtesten Brotsorten geh\xc3\xb6ren Focaccia, Tramezzino, Ciabatta und Bruschetta. Die mediterranen Brotspezialit\xc3\xa4ten werden oft zusammen mit Tomaten, Oliven und anderen Leckereien als kleiner Imbiss f\xc3\xbcr zwischendurch gereicht. \nDie K\xc3\xbcche Italiens geh\xc3\xb6rt zu den bekanntesten und beliebtesten K\xc3\xbcchen der Welt. Vollkommen zu Recht, denn sie besticht durch ihre frischen Zutaten, ihren Abwechslungsreichtum und gilt zudem als gesund. Hier finden Sie typisch italienische K\xc3\xb6stlichkeiten, mit denen Sie sich \xe2\x80\x9ela Dolce Vita\xe2\x80\x9c in Ihr eigenes Zuhause holen k\xc3\xb6nnen. \n \nBERTOLLI Brotaufstrich ist in 250g und 500g Packungen erh\xc3\xa4ltlich.... mehr anzeigenDas Gute des OlivenbaumsZutaten & AllergeneZutaten: Trinkwasser, pflanzliche \xc3\x96le und Fette (Raps, Palm, Palm ganz geh\xc3\xa4rtet), 7,5% Oliven\xc3\xb6l, BUTTERMILCH, modifizierte St\xc3\xa4rke, Speisesalz (0,4%), Emulgatoren (Mono- und Diglyceride von Speisefetts\xc3\xa4uren, Lecithine), Konservierungsstoff (Kaliumsorbat), S\xc3\xa4uerungsmittel (Citronens\xc3\xa4ure), Aroma, Vitamine (A, D), Farbstoff (Carotin).Allergenhinweise: Enth\xc3\xa4lt: Milch und Milcherzeugnisse (einschlie\xc3\x9flich Lactose).N\xc3\xa4hrwerteDurchschnittliche N\xc3\xa4hrwerteUnzubereitet pro 100 gEnergie1.445 kJEnergie339 kcalFett38 gFett, davon ges\xc3\xa4ttigte Fetts\xc3\xa4uren9 gKohlenhydrate1,7 gKohlenhydrate, davon Zucker< 0,5 gEiwei\xc3\x9f< 0,5 gSalz0,4 gVitamin A800 \xc2\xb5gVitamin D7,5 \xc2\xb5gHinweiseAufbewahrungs- und Verwendungshinweis: Beste Lagerung zwischen +2\xc2\xb0C und +15\xc2\xb0CArtikeldetailsMarke: BertolliUrsprungsland: NiederlandePackungsgr\xc3\xb6\xc3\x9fe: 250gKontaktKontaktname: Upfield Deutschland GmbHKontaktadresse: Valentinskamp 88-90, 20355 HamburgMaximale Bestellmenge: 15 St\xc3\xbcckF\xc3\xbcr die vorstehenden Angaben wird keine Haftung \xc3\xbcbernommen. Bitte pr\xc3\xbcfen Sie im Einzelfall die Angaben auf der jeweiligen Produktverpackung, nur diese sind verbindlich.Das Produktdesign kann von der Abbildung abweichen.'",Berliner Str. 41-49,Rewe,Kühlung,2023-07-09,"Gültig ab morgen bis Samstag, 15.07.2023"
Dr. Oetker Sahne Pudding oder Rote Grütze,https://img.rewe-static.de/REWE28_2023/5905362/30785463-12_digital-image.png?impolicy=s-offers&imwidth=200&output-format=image/webp,,https://shop.rewe.de/productList?search=1729713,,"je 500-g-Becher , (1 kg = 3.98)",Aktion,"1,99 €","b'ProduktbeschreibungArtikelnummer 5905362Unser Dr. Oetker L\xc3\xb6ffelgl\xc3\xbcck Sahne Pudding Vollmilch-Schokolade ist ein beliebter Klassiker aus vollmundiger Sahne und echter Vollmilch-Schokolade. Seine sahnig-cremige Konsistenz und sein nat\xc3\xbcrlicher, schokoladiger Geschmack machen ihn zum Lieblingsdessert, welches perfekt zu Fr\xc3\xbcchten und Vanille-So\xc3\x9fe kombiniert oder einfach pur genossen werden kann. Mit dem L\xc3\xb6ffelgl\xc3\xbcck Sahne Pudding Vollmilch-Schokolade schenkst du dir oder deinen Liebsten einen Moment voll Genuss und ein Gef\xc3\xbchl von Zuhause und Geborgenheit. Der Dr. Oetker L\xc3\xb6ffelgl\xc3\xbcck Sahne Pudding Vollmilch-Schokolade im 500g Becher aus dem K\xc3\xbchlregal ist ideal f\xc3\xbcr den gro\xc3\x9fen Genussmoment und zum Teilen. Es gibt ihn auch im praktischen 200g Becher f\xc3\xbcr zwischendurch oder als Nachtisch.Zutaten & AllergeneZutaten: 85% SAHNE, Zucker, modifizierte St\xc3\xa4rke (Mais), 2,2% fettarmer Kakao, 1,5% VOLLMILCHSCHOKOLADE (Zucker, Kakaobutter, VOLLMILCHPULVER, Kakaomasse, MAGERMILCHPULVER, Emulgator (SOJALECITHINE), Aroma), Maisst\xc3\xa4rke, Verdickungsmittel (Carrageen).Allergenhinweise: Enth\xc3\xa4lt: Soja und Sojaerzeugnisse. Milch und Milcherzeugnisse (einschlie\xc3\x9flich Lactose).N\xc3\xa4hrwerteDurchschnittliche N\xc3\xa4hrwerteUnzubereitet pro 100 gEnergie671 kJEnergie161 kcalFett9,3 gFett, davon ges\xc3\xa4ttigte Fetts\xc3\xa4uren5,9 gKohlenhydrate15 gKohlenhydrate, davon Zucker13 gEiwei\xc3\x9f3,3 gSalz0,11 gHinweiseAufbewahrungs- und Verwendungshinweis: Nach dem \xc3\x96ffnen z\xc3\xbcgig genie\xc3\x9fen. Bei +8 \xc2\xb0C lagern.ArtikeldetailsMarke: Dr. OetkerUrsprungsland: DeutschlandSorte: Vollmilch-SchokoKontaktKontaktname: DR. AUGUST OETKER NAHRUNGSMITTEL KGKontaktadresse: 33547 BielefeldMaximale Bestellmenge: 15 St\xc3\xbcckF\xc3\xbcr die vorstehenden Angaben wird keine Haftung \xc3\xbcbernommen. Bitte pr\xc3\xbcfen Sie im Einzelfall die Angaben auf der jeweiligen Produktverpackung, nur diese sind verbindlich.Das Produktdesign kann von der Abbildung abweichen.'",Berliner Str. 41-49,Rewe,Kühlung,2023-07-09,"Gültig ab morgen bis Samstag, 15.07.2023"
Followfish Kabeljau Filets,https://img.rewe-static.de/REWE28_2023/3015656/25731044-16_digital-image.png?impolicy=s-offers&imwidth=200&output-format=image/webp,,https://shop.rewe.de/productList?search=1729713,,"portioniert, tiefgefroren , je 400-g-Btl , (1 kg = 14.98)",Aktion,"5,99 €","b'ProduktbeschreibungArtikelnummer 3015656MSC Kabeljau Filets, 3-6 Kabeljau Filetportionen, ohne Haut, praktisch gr\xc3\xa4tenfrei, tiefgek\xc3\xbchlt mit Wasserschutzglasur.Zutaten & AllergeneAllergenhinweise: Enth\xc3\xa4lt:N\xc3\xa4hrwerteDurchschnittliche N\xc3\xa4hrwerteUnzubereitet pro 100 gEnergie341 kJEnergie80 kcalFett0,7 gFett, davon ges\xc3\xa4ttigte Fetts\xc3\xa4uren0,2 gKohlenhydrate< 1 gKohlenhydrate, davon Zucker< 0,6 gEiwei\xc3\x9f19 gSalz0,23 gHinweiseAufbewahrungs- und Verwendungshinweis: Haltbarkeit/Aufbewahrung im Haushalt:Im K\xc3\xbchlschrank 24 Stunden*-Fach oder Eisw\xc3\xbcrfelfach (-6\xc2\xb0C) 3 Tage**-Fach (-12\xc2\xb0C) 3 Wochen***-Fach oder Tiefk\xc3\xbchltruhe bei -18\xc2\xb0C mindestens haltbar bis: siehe EindruckfeldNach dem Auftauen nicht wieder einfrieren!ArtikeldetailsMarke: FollowfishUrsprungsland: LitauenKontaktKontaktname: followfood GmbHKontaktadresse: Metzstra\xc3\x9fe 2, 88045 FriedrichshafenMaximale Bestellmenge: 15 St\xc3\xbcckF\xc3\xbcr die vorstehenden Angaben wird keine Haftung \xc3\xbcbernommen. Bitte pr\xc3\xbcfen Sie im Einzelfall die Angaben auf der jeweiligen Produktverpackung, nur diese sind verbindlich.Das Produktdesign kann von der Abbildung abweichen.'",Berliner Str. 41-49,Rewe,Tiefkühl,2023-07-09,"Gültig ab morgen bis Samstag, 15.07.2023"
Coppenrath & Wiese Unsere Goldstücke 9 Baguette-Brötchen,https://img.rewe-static.de/REWE28_2023/2666537/3406600-62_digital-image.png?impolicy=s-offers&imwidth=200&output-format=image/webp,,https://shop.rewe.de/productList?search=1729713,,"tiefgefroren , je 540-g-Btl , (1 kg = 2.57)",Aktion,"1,39 €","b'ProduktbeschreibungArtikelnummer 2666537Fertig gebacken. Zutaten & AllergeneZutaten: WEIZENMEHL, Wasser, jodiertes Speisesalz (Speisesalz, Kaliumjodat), Hefe. Kann m\xc3\xb6glicherweise Spuren von Sesam enthalten.Allergenhinweise: Enth\xc3\xa4lt: Glutenhaltiges Getreide und glutenhaltige Getreideerzeugnisse. Weizen und Weizenerzeugnisse (glutenhaltiges Getreide). Kann enthalten: Sesamsamen und Sesamsamenerzeugnisse.N\xc3\xa4hrwerteDurchschnittliche N\xc3\xa4hrwerteUnzubereitet pro 100 gEnergie1.092 kJEnergie258 kcalFett1 gFett, davon ges\xc3\xa4ttigte Fetts\xc3\xa4uren0,4 gKohlenhydrate53 gKohlenhydrate, davon Zucker1,4 gEiwei\xc3\x9f8,4 gSalz1,5 gHinweiseAufbewahrungs- und Verwendungshinweis: ***-Fach bei -18 \xc2\xb0C: siehe Mindesthaltbarkeitsdatum, **-Fach: 2 Wochen, *-Fach:3 Tage, 2 Tage im K\xc3\xbchlschrank. Nach dem Auftauen nicht wieder einfrieren.ArtikeldetailsMarke: Conditorei Coppenrath & WieseEigenschaften: LaktosefreiUrsprungsland: DeutschlandSorte: Baguettebr\xc3\xb6tchenKontaktKontaktname: Conditorei Coppenrath & Wiese KGKontaktadresse: Hansastra\xc3\x9fe 10 D-49497 MettingenMaximale Bestellmenge: 15 St\xc3\xbcckF\xc3\xbcr die vorstehenden Angaben wird keine Haftung \xc3\xbcbernommen. Bitte pr\xc3\xbcfen Sie im Einzelfall die Angaben auf der jeweiligen Produktverpackung, nur diese sind verbindlich.Das Produktdesign kann von der Abbildung abweichen.'",Berliner Str. 41-49,Rewe,Tiefkühl,2023-07-09,"Gültig ab morgen bis Samstag, 15.07.2023"
Coppenrath & Wiese Unsere Goldstücke 9 Weizenbrötchen,https://img.rewe-static.de/REWE28_2023/1234722/23887647-25_digital-image.png?impolicy=s-offers&imwidth=200&output-format=image/webp,,https://shop.rewe.de/productList?search=1729713,,"tiefgefroren , je 450-g-Btl , (1 kg = 3.09)",Aktion,"1,39 €","b'ProduktbeschreibungArtikelnummer 1234722K\xc3\xb6stlich duftende Br\xc3\xb6tchen aus dem Ofen \nEgal ob Fr\xc3\xbchst\xc3\xbccks-Brunch oder spontaner Kaffeeplausch: Mit Unseren Tiefk\xc3\xbchlprodukten sind Sie auch f\xc3\xbcr Ungeplantes bestens ger\xc3\xbcstet. Mit tiefgek\xc3\xbchltem Obst, Aufbackwaren und fertigen Desserts treffen Sie jeden Geschmack. \n\nDie wichtigsten Informationen zu Conditorei Coppenrath & Wiese Unsere Goldst\xc3\xbccke Weizenbr\xc3\xb6tchen 450g, 9 St\xc3\xbcck\n\nFertig gebacken \nDie Br\xc3\xb6tchen des Herstellers Conditorei Coppenrath & Wiese sind in der Tiefk\xc3\xbchlverpackung zu 9 St\xc3\xbcck verf\xc3\xbcgbar. Besonders praktisch: Entnehmen Sie einfach so viele der Br\xc3\xb6tchen wie Sie ben\xc3\xb6tigen und heben Sie die \xc3\x9cbrigen in der Tiefk\xc3\xbchlverpackung f\xc3\xbcr die n\xc3\xa4chste Gelegenheit auf. \nSchnell und bequem Tiefk\xc3\xbchlkost online bestellen \nDamit Sie f\xc3\xbcr jeden Anlass gut ger\xc3\xbcstet sind, bestellen Sie einfach Ihre haltbaren Lieblingsprodukte beim REWE Lieferservice \xe2\x80\x93 wir liefern direkt bis zur Wohnungst\xc3\xbcr.... mehr anzeigenZutaten & AllergeneZutaten: WEIZENMEHL, Wasser, GERSTENMALZMEHL, jodiertes Speisesalz (Speisesalz, Kaliumjodat), Hefe, Zucker, pflanzliches \xc3\x96l (Raps). Kann m\xc3\xb6glicherweise Spuren von Sesam enthalten.Allergenhinweise: Enth\xc3\xa4lt: Glutenhaltiges Getreide und glutenhaltige Getreideerzeugnisse. Weizen und Weizenerzeugnisse (glutenhaltiges Getreide). Kann enthalten: Sesamsamen und Sesamsamenerzeugnisse.N\xc3\xa4hrwerteDurchschnittliche N\xc3\xa4hrwerteUnzubereitet pro 100 gEnergie1.148 kJEnergie270 kcalFett2,1 gFett, davon ges\xc3\xa4ttigte Fetts\xc3\xa4uren0,5 gKohlenhydrate52 gKohlenhydrate, davon Zucker1,1 gEiwei\xc3\x9f9,1 gSalz1,8 gHinweiseAufbewahrungs- und Verwendungshinweis: ***-Fach bei -18 \xc2\xb0C: siehe Mindesthaltbarkeitsdatum, **-Fach: 2 Wochen, *-Fach:3 Tage, 2 Tage im K\xc3\xbchlschrank. Nach dem Auftauen nicht wieder einfrieren.ArtikeldetailsMarke: Conditorei Coppenrath & WieseEigenschaften: LaktosefreiUrsprungsland: DeutschlandSorte: Weizenbr\xc3\xb6tchenKontaktKontaktname: Conditorei Coppenrath & Wiese KGKontaktadresse: Hansastra\xc3\x9fe 10 D-49497 MettingenMaximale Bestellmenge: 15 St\xc3\xbcckF\xc3\xbcr die vorstehenden Angaben wird keine Haftung \xc3\xbcbernommen. Bitte pr\xc3\xbcfen Sie im Einzelfall die Angaben auf der jeweiligen Produktverpackung, nur diese sind verbindlich.Das Produktdesign kann von der Abbildung abweichen.'",Berliner Str. 41-49,Rewe,Tiefkühl,2023-07-09,"Gültig ab morgen bis Samstag, 15.07.2023"
Frosta Gemüse Bowl,https://img.rewe-static.de/REWE28_2023/8771582/36247078-23_digital-image.png?impolicy=s-offers&imwidth=200&output-format=image/webp,,https://shop.rewe.de/productList?search=1729713,,"tiefgefroren , je 480-g-Pckg , (1 kg = 4.63)",Aktion,"2,22 €","b'ProduktbeschreibungArtikelnummer 8771582Zutaten & AllergeneZutaten: Spinat (25%), K\xc3\xbcrbis (25%), Blumenkohl (f\xc3\xbcr AT: Karfiol), gegarte Linsen (10%) (Wasser, Linsen), Kokosnussmilch (Kokosnuss, Wasser), Wasser, kandierter Ingwer (Ingwer, Wasser, Zucker), Salz, Curry (Bockshornkleesamen, Kurkuma, Koriander, Kreuzk\xc3\xbcmmel, Fenchel, Cayennepfeffer), Knoblauch, Reisst\xc3\xa4rke  Wir verarbeiten bei uns noch viele weitere Produkte. Daher k\xc3\xb6nnte dieses Produkt Spuren von Weizen, Gerste, Roggen, Hafer, Krustentieren, Eiern, Fisch, Soja, Milch, Sellerie, Senf und Weichtieren enthalten.Allergenhinweise: Enth\xc3\xa4lt: Keine deklarationspflichtigen Allergene enthalten.N\xc3\xa4hrwerteDurchschnittliche N\xc3\xa4hrwerteUnzubereitet pro 100 gEnergie286 kJEnergie68 kcalFett2,2 gFett, davon ges\xc3\xa4ttigte Fetts\xc3\xa4uren1,7 gKohlenhydrate7,7 gKohlenhydrate, davon Zucker4,7 gBallaststoffe2,4 gEiwei\xc3\x9f3,2 gSalz0,8 gHinweiseAufbewahrungs- und Verwendungshinweis: **-Fach (-12\xc2\xb0C): 3 Wochen***-Fach (-18\xc2\xb0C): mindestens haltbar bis: siehe AufdruckNach dem Auftauen nicht wieder einfrieren.ArtikeldetailsMarke: FrostaEigenschaften: VeganUrsprungsland: DeutschlandKontaktKontaktname: FRoSTA Tiefk\xc3\xbchlkost GmbHKontaktadresse: Postfach 29 03 64, DE 27533 BremerhavenMaximale Bestellmenge: 15 St\xc3\xbcckF\xc3\xbcr die vorstehenden Angaben wird keine Haftung \xc3\xbcbernommen. Bitte pr\xc3\xbcfen Sie im Einzelfall die Angaben auf der jeweiligen Produktverpackung, nur diese sind verbindlich.Das Produktdesign kann von der Abbildung abweichen.'",Berliner Str. 41-49,Rewe,Tiefkühl,2023-07-09,"Gültig ab morgen bis Samstag, 15.07.2023"
Frosta Rahm Geschnetzeltes,https://img.rewe-static.de/REWE28_2023/2475153/24139590-38_digital-image.png?impolicy=s-offers&imwidth=200&output-format=image/webp,,https://shop.rewe.de/productList?search=1729713,,"tiefgefroren , je 375-g-Btl , (1 kg = 5.92)",Aktion,"2,22 €","b'ProduktbeschreibungArtikelnummer 2475153Zutaten & AllergeneZutaten: gegarte Eiersp\xc3\xa4tzle (41%) (Wasser, HARTWEIZENGRIESS, H\xc3\x9cHNEREI, Salz), Champignons, Wasser, marinierte, gegarte H\xc3\xa4hnchenbrust (12%) (H\xc3\xa4hnchenbrust (f\xc3\xbcr AT: H\xc3\xbchnerbrust), Salz, Soja\xc3\xb6l, Dextrose), Erbsen, SAHNE (5%) (f\xc3\xbcr AT: RAHM), Fr\xc3\xbchlingszwiebeln, VOLLMILCH, Salz, Tomatenmark (f\xc3\xbcr AT: 28% zweifach konzentriert), Schnittlauch, Rinderfond (Wasser, konzentrierter Rinderjus, Rindfleisch, Kalbsknochen, Salz, Rinderfett, Karotten, Zwiebeln, Lauch, Knoblauch), Kartoffelst\xc3\xa4rke, BUTTER, Knoblauch, gemahlene Paprika, schwarzer Pfeffer  Wir verarbeiten bei uns noch viele weitere Produkte. Daher k\xc3\xb6nnte dieses Gericht Spuren von Gerste, Roggen, Hafer, Krebstieren, Fisch, Soja, Sellerie, Senf und Weichtieren enthalten.Allergenhinweise: Enth\xc3\xa4lt: Glutenhaltiges Getreide und glutenhaltige Getreideerzeugnisse. Milchzucker (Laktose). Eier und Eierzeugnisse. Weizen und Weizenerzeugnisse (glutenhaltiges Getreide). Milch und Milcherzeugnisse (einschlie\xc3\x9flich Lactose).N\xc3\xa4hrwerteDurchschnittliche N\xc3\xa4hrwerteUnzubereitet pro 100 gEnergie441 kJEnergie105 kcalFett2,6 gFett, davon ges\xc3\xa4ttigte Fetts\xc3\xa4uren1,5 gKohlenhydrate12,9 gKohlenhydrate, davon Zucker1 gBallaststoffe1,5 gEiwei\xc3\x9f6,7 gSalz1,16 gHinweiseAufbewahrungs- und Verwendungshinweis: **-Fach (-12\xc2\xb0C): 3 Wochen***-Fach (-18\xc2\xb0C): mindestens haltbar bis: siehe AufdruckNach dem Auftauen nicht wieder einfrieren.ArtikeldetailsMarke: FrostaUrsprungsland: DeutschlandSorte: Rahm-Geschnetzeltes mitKontaktKontaktname: FRoSTA Tiefk\xc3\xbchlkost GmbHKontaktadresse: Postfach 29 03 64, DE 27533 BremerhavenMaximale Bestellmenge: 15 St\xc3\xbcckF\xc3\xbcr die vorstehenden Angaben wird keine Haftung \xc3\xbcbernommen. Bitte pr\xc3\xbcfen Sie im Einzelfall die Angaben auf der jeweiligen Produktverpackung, nur diese sind verbindlich.Das Produktdesign kann von der Abbildung abweichen.'",Berliner Str. 41-49,Rewe,Tiefkühl,2023-07-09,"Gültig ab morgen bis Samstag, 15.07.2023"
Iglo Gemüse-Ideen Italienisch,https://img.rewe-static.de/REWE28_2023/0529482/2971930-72_digital-image.png?impolicy=s-offers&imwidth=200&output-format=image/webp,,https://shop.rewe.de/productList?search=1729713,,"tiefgefroren , je 480-g-Pckg , (1 kg = 4.63)",Aktion,"2,22 €","b'ProduktbeschreibungArtikelnummer 529482Die iglo Gem\xc3\xbcse-Idee Italienisch ist eine knackige Gem\xc3\xbcsemischung, verfeinert mit mediterranen Kr\xc3\xa4utern. Das Gem\xc3\xbcse wird erntefrisch tiefgefroren, damit die vielen wichtigen Vitamine erhalten bleiben. Denn eine zubereitete Portion des italienischen Pfannengem\xc3\xbcses deckt \xc3\xbcber 50% des t\xc3\xa4glichen Vitamin A-Bedarfs. Die Gem\xc3\xbcse-Idee Italienisch l\xc3\xa4sst sich einfach und schnell in der Mikrowelle oder in der Pfanne zubereiten. Au\xc3\x9ferdem enth\xc3\xa4lt das Produkt keine Geschmacksverst\xc3\xa4rker und Farbstoff- und Aromazus\xc3\xa4tze.\n- Verfeinert mit mediterranen Kr\xc3\xa4utern\n- Ohne Zusatz von k\xc3\xbcnstlichen Aromen, Farbstoffen und Geschmacksverst\xc3\xa4rkern\n- Schnelle und einfache Zubereitung\n- Vegan\n- Tiefgefroren... mehr anzeigenZutaten & AllergeneZutaten: Gem\xc3\xbcsemischung (93%) (Brechbohnen, Paprika, Karotten, Zucchini, Zwiebel Brokkoli;in ver\xc3\xa4nderlichen Gewichtsanteilen), pflanzliche Fette und \xc3\x96le (Palmfett***,Kokosnuss\xc3\xb6l,Palmkern\xc3\xb6l***),Kr\xc3\xa4utermischung(roteZwiebel, Petersilie,Basilikum,Knoblauch,Thymian,Oregano),Gem\xc3\xbcsebr\xc3\xbche (Dextrose,Salz,Karotten,Zwiebeln,Lauch,Schalotten,Tomaten,Paprika), Wasser,Zucker,Salz,Gew\xc3\xbcrze.  Dieses Produkt enth\xc3\xa4lt zertifiziertes nachhaltiges Palmfett/ Palmkern\xc3\xb6l.N\xc3\xa4hrwerteDurchschnittliche N\xc3\xa4hrwerteUnzubereitet pro 100 gEnergie233 kJEnergie56 kcalFett2,7 gFett, davon ges\xc3\xa4ttigte Fetts\xc3\xa4uren1,8 gKohlenhydrate4,9 gKohlenhydrate, davon Zucker4,3 gBallaststoffe2,4 gEiwei\xc3\x9f1,8 gSalz0,85 gHinweiseAufbewahrungs- und Verwendungshinweis: Aufbewahrung zu Hause: *** - Fach oder Tiefk\xc3\xbchltruhe (bei minus 18\xc2\xb0 C) mindestens haltbar bis Ende: siehe links, Aufbewahrung zu Hause: ** - Fach 2 Wochen, Aufbewahrung zu Hause: * - Fach 1-3 Tage Information: Nach dem Auftauen nicht wieder einfrieren. Vor Verzehr durcherhitzen.ArtikeldetailsMarke: IgloEigenschaften: Vegan, LaktosefreiUrsprungsland: DeutschlandSorte: ItalienischKontaktKontaktname: iglo GmbHKontaktadresse: Postfach 570 521, 22774 HamburgMaximale Bestellmenge: 15 St\xc3\xbcckF\xc3\xbcr die vorstehenden Angaben wird keine Haftung \xc3\xbcbernommen. Bitte pr\xc3\xbcfen Sie im Einzelfall die Angaben auf der jeweiligen Produktverpackung, nur diese sind verbindlich.Das Produktdesign kann von der Abbildung abweichen.'",Berliner Str. 41-49,Rewe,Tiefkühl,2023-07-09,"Gültig ab morgen bis Samstag, 15.07.2023"
Elfer Unsere Besten Pommes Frites,https://img.rewe-static.de/REWE28_2023/2779885/26510239-6_digital-image.png?impolicy=s-offers&imwidth=200&output-format=image/webp,,https://shop.rewe.de/productList?search=1729713,,"tiefgefroren , je 500-g-Pckg , (1 kg = 3.18)",Aktion,"1,59 €","b'ProduktbeschreibungArtikelnummer 2779885Zutaten & AllergeneZutaten: Kartoffeln 91%, pflanzliche \xc3\x96le (Sonnenblume, Raps) in ver\xc3\xa4nderlichen Gewichtsanteilen.N\xc3\xa4hrwerteDurchschnittliche N\xc3\xa4hrwerteUnzubereitet pro 100 gEnergie987 kJEnergie235 kcalFett9 gFett, davon ges\xc3\xa4ttigte Fetts\xc3\xa4uren0,9 gKohlenhydrate33 gKohlenhydrate, davon Zucker0,4 gBallaststoffe2,7 gEiwei\xc3\x9f4,2 gSalz0,2 gHinweiseAufbewahrungs- und Verwendungshinweis: Aufbewahrung: ***Fach(-18\xc2\xb0C) siehe Datierung, **Fach(-12\xc2\xb0C) 14 Tage, *Fach(-6\xc2\xb0C) 2 TageInformation: Nach dem Auftauen nicht wieder einfrieren!ArtikeldetailsUrsprungsland: \xc3\x96sterreichKontaktKontaktname: 11er Nahrungsmittel GmbHKontaktadresse: Galinastrasse 34, 6820 Frastanz, AustriaMaximale Bestellmenge: 15 St\xc3\xbcckF\xc3\xbcr die vorstehenden Angaben wird keine Haftung \xc3\xbcbernommen. Bitte pr\xc3\xbcfen Sie im Einzelfall die Angaben auf der jeweiligen Produktverpackung, nur diese sind verbindlich.Das Produktdesign kann von der Abbildung abweichen.'",Berliner Str. 41-49,Rewe,Tiefkühl,2023-07-09,"Gültig ab morgen bis Samstag, 15.07.2023"
Block House American Burger,https://img.rewe-static.de/REWE28_2023/0560931/28787638-13_digital-image.png?impolicy=s-offers&imwidth=200&output-format=image/webp,,https://shop.rewe.de/productList?search=1729713,,"tiefgefroren , je 4 x 125-g-Pckg , (1 kg = 11.98)",Aktion,"5,99 €","b'ProduktbeschreibungArtikelnummer 560931Bestes Rindfleisch f\xc3\xbcr perfekte Burger, tiefgefroren. Zutaten & AllergeneZutaten: Rindfleisch (98%), Salz, Gew\xc3\xbcrzeAllergenhinweise: Enth\xc3\xa4lt: Keine deklarationspflichtigen Allergene enthalten.N\xc3\xa4hrwerteDurchschnittliche N\xc3\xa4hrwerteUnzubereitet pro 100 gEnergie1.101 kJEnergie265 kcalFett21,9 gFett, davon ges\xc3\xa4ttigte Fetts\xc3\xa4uren9,5 gKohlenhydrate0 gKohlenhydrate, davon Zucker0 gEiwei\xc3\x9f17,2 gSalz0,9 gHinweiseAufbewahrungs- und Verwendungshinweis: Tiefgek\xc3\xbchlt bei -18 \xc2\xb0C aufbewahren. Ware nach dem \xc3\x96ffnen innerhalb von einem Tag verbrauchen.Information: Ware nach dem \xc3\x96ffnen innerhalb von einem Tag verbrauchen. Nicht wieder einfrieren! Vor dem Verzehr vollst\xc3\xa4ndig durchgaren. Nicht zum Rohverzehr geeignet.ArtikeldetailsMarke: Block HouseUrsprungsland: DeutschlandKontaktKontaktname: Block HouseKontaktadresse: Lademannbogen 127, 22339 HamburgF\xc3\xbcr die vorstehenden Angaben wird keine Haftung \xc3\xbcbernommen. Bitte pr\xc3\xbcfen Sie im Einzelfall die Angaben auf der jeweiligen Produktverpackung, nur diese sind verbindlich.Das Produktdesign kann von der Abbildung abweichen.'",Berliner Str. 41-49,Rewe,Tiefkühl,2023-07-09,"Gültig ab morgen bis Samstag, 15.07.2023"
Langnese Viennetta Vanille,https://img.rewe-static.de/REWE28_2023/3804534/12236500-60_digital-image.png?impolicy=s-offers&imwidth=200&output-format=image/webp,,https://shop.rewe.de/productList?search=1729713,,"je 650-ml-Pckg , (1 l = 2.29)",Aktion,"1,49 €","b'ProduktbeschreibungArtikelnummer 3804534- Cremiges Vanilleeis durchzogen von hauchd\xc3\xbcnnen Knusperschichten \n - Unwiderstehlich knackig \n - Raffinierte Eiswelle \n - Einfach wiederverschlie\xc3\x9fbare Verpackung \n - Das perfekte Dessert f\xc3\xbcr gesellige Runden \n \n Ein wahrer Klassiker. Cremiges Vanilleeis durchzogen von hauchd\xc3\xbcnnen Knusperschichten. \n \n Knusper, knusper, Knusperspa\xc3\x9f \xe2\x80\x93 das ist Viennetta: Die beliebte Eiswelle mit der raffinierten Kombination aus cremigem Eis und unverwechselbar knackigen Knusperschichten. \n \n Anfang der 80er-Jahre hatte der Engl\xc3\xa4nder Kevin Hillman, Produkt-Manager bei Wall\xe2\x80\x99s (der britischen Schwester von Langnese) die Idee f\xc3\xbcr das feine Dessert. Er schenkte seiner Frau zu Weihnachten ein Kochbuch, bl\xc3\xa4tterte dann selbst darin und fand das Bild eines franz\xc3\xb6sischen Schichtenkuchens, Millefeuille genannt. Da kam ihm die Idee, dass dies auch mit Eis machbar sein k\xc3\xb6nnte. Statt Teig, Creme und Marmelade verwendete er Eis, das er mit hauchd\xc3\xbcnnen Knusperschichten durchzog. \n Seither geh\xc3\xb6rt Viennetta - das perfekte Eisdessert mit den unverwechselbaren knackigen Schichten \xe2\x80\x93 einfach dazu: zur geselligen Runde mit Freunden ebenso wie zu einem k\xc3\xb6stlichen Essen im Kreise der Familie. Die raffinierte Komposition aus cremigem Eis und knackigen Knusperschichten darf in diesen Momenten einfach nicht fehlen. \n \n Wussten Sie schon? \n - Obwohl Eis gerne mit Sonne und S\xc3\xbcden assoziiert wird, findet man dort keineswegs den h\xc3\xb6chsten j\xc3\xa4hrlichen Verbrauch bezogen auf die Einwohnerzahl. Vielmehr essen die Skandinavier das meiste Eis: Schweden f\xc3\xbchrt mit 12 l pro Kopf und Jahr die europ\xc3\xa4ische Liga an. Deutschland liegt mit rund 8 l pro Kopf in der Mitte der Rangliste, in Italien, dem \xe2\x80\x9eklassischen Eis-Land\xe2\x80\x9c, werden gut 9 l verspeist. \n - F\xc3\xbcr die Herstellung von Eis werden die Grundstoffe Milch, Pflanzen- oder Butterfett und Zucker verwendet. Zutaten wie Fr\xc3\xbcchte, N\xc3\xbcsse, Kakao, Karamell, Schokolade oder Nougat definieren und verfeinern die Geschmacksrichtungen. \n - Von wegen Kalorienbombe: Eine Portion der meisten Eisprodukte enth\xc3\xa4lt weniger Fett als die Mehrzahl der Schokoriegel. Und ein Magnum Classic enth\xc3\xa4lt etwa die gleiche Menge Zucker wie ein 150-g-Becher Fruchtjoghurt.... mehr anzeigenCremig, knackig, kultig - das neue Viennetta, jetzt noch knuspriger. Cremiges Vanilleeis durchzogen von Knusperschichten.Zutaten & AllergeneZutaten: entrahmte MILCH, Kokosfett, Glukose-Fruktose-Sirup, Zucker, Wasser, Glukosesirup, fettarmes Kakaopulver, MOLKENERZEUGNIS, Emulgatoren (Mono- und Diglyceride von Speisefetts\xc3\xa4uren, Ammoniumphosphatide), Stabilisatoren (Johannisbrotkernmehl, Guarkernmehl, Tarakernmehl, Carrageen), Aroma. Kann Soja enthalten.Allergenhinweise: Enth\xc3\xa4lt: Milch und Milcherzeugnisse (einschlie\xc3\x9flich Lactose). Kann enthalten: Soja und Sojaerzeugnisse.N\xc3\xa4hrwerteDurchschnittliche N\xc3\xa4hrwerteUnzubereitet pro 100 mlEnergie487 kJEnergie117 kcalFett6,6 gFett, davon ges\xc3\xa4ttigte Fetts\xc3\xa4uren5,8 gKohlenhydrate13 gKohlenhydrate, davon Zucker9,6 gBallaststoffe< 0,5 gEiwei\xc3\x9f1 gSalz0,04 gHinweiseAufbewahrungs- und Verwendungshinweis: Bei -18\xc2\xb0C mindestens haltbar bis Ende: siehe PackungsaufdruckArtikeldetailsMarke: LangneseUrsprungsland: DeutschlandKontaktKontaktname: Unilever DeutschlandKontaktadresse: Postfach 570 385, 22772 HamburgMaximale Bestellmenge: 15 St\xc3\xbcckF\xc3\xbcr die vorstehenden Angaben wird keine Haftung \xc3\xbcbernommen. Bitte pr\xc3\xbcfen Sie im Einzelfall die Angaben auf der jeweiligen Produktverpackung, nur diese sind verbindlich.Das Produktdesign kann von der Abbildung abweichen.'",Berliner Str. 41-49,Rewe,Tiefkühl,2023-07-09,"Gültig ab morgen bis Samstag, 15.07.2023"
Block House Block Burger,https://img.rewe-static.de/REWE28_2023/0560932/23016939-15_digital-image.png?impolicy=s-offers&imwidth=200&output-format=image/webp,,https://shop.rewe.de/productList?search=1729713,,"tiefgefroren , je 2 x 200-g-Pckg , (1 kg = 14.98)",Aktion,"5,99 €","b'ProduktbeschreibungArtikelnummer 560932Bestes Rindfleisch aus der Block House Fleischerei. Zutaten & AllergeneZutaten: Rindfleisch (98%), Salz, Gew\xc3\xbcrze.Allergenhinweise: Enth\xc3\xa4lt: Keine deklarationspflichtigen Allergene enthalten.N\xc3\xa4hrwerteDurchschnittliche N\xc3\xa4hrwerteUnzubereitet pro 100 gEnergie1.101 kJEnergie265 kcalFett21,9 gFett, davon ges\xc3\xa4ttigte Fetts\xc3\xa4uren9,5 gKohlenhydrate0 gKohlenhydrate, davon Zucker0 gEiwei\xc3\x9f17,2 gSalz0,9 gHinweiseAufbewahrungs- und Verwendungshinweis: Tiefgek\xc3\xbchlt bei -18 \xc2\xb0C aufbewahren.Information: Ware nach dem \xc3\x96ffnen innerhalb von einem Tag verbrauchen. Nicht wieder einfrieren! Vor dem Verzehr vollst\xc3\xa4ndig durchgaren. Nicht zum Rohverzehr geeignet.ArtikeldetailsMarke: Block HouseUrsprungsland: DeutschlandKontaktKontaktname: Block HouseKontaktadresse: Lademannbogen 127, 22339 HamburgMaximale Bestellmenge: 15 St\xc3\xbcckF\xc3\xbcr die vorstehenden Angaben wird keine Haftung \xc3\xbcbernommen. Bitte pr\xc3\xbcfen Sie im Einzelfall die Angaben auf der jeweiligen Produktverpackung, nur diese sind verbindlich.Das Produktdesign kann von der Abbildung abweichen.'",Berliner Str. 41-49,Rewe,Tiefkühl,2023-07-09,"Gültig ab morgen bis Samstag, 15.07.2023"
Dr. Oetker Ristorante Pizza Salame,https://img.rewe-static.de/REWE28_2023/8704774/34878457-20_digital-image.png?impolicy=s-offers&imwidth=200&output-format=image/webp,,https://shop.rewe.de/productList?search=1729713,,"tiefgefroren , je 320-g-Pckg , (1 kg = 6.22)",Knaller,"1,99 €","b'ProduktbeschreibungArtikelnummer 8704774Dr. Oetker Ristorante Pizza Salame ist belegt mit sonnengereiften Tomaten, K\xc3\xa4se, herzhafter Salami, ausgesuchten Kr\xc3\xa4utern und Gew\xc3\xbcrzen.Zubereitung:Bis zur Zubereitung gefroren aufbewahren.Backofen vorheizen: Ober-/Unterhitze: 220\xc2\xb0C, Hei\xc3\x9fluft: 200\xc2\xb0C, Gas: 4Folie entfernen, Pizza auf den Rost legen und auf mittlerer Einschubleiste 10-12 Minuten backen.Stelle sicher, dass das Produkt vor dem Verzehr vollst\xc3\xa4ndig durcherhitzt ist. Man kann die ""Ristorante Pizza Salame"" genie\xc3\x9fen, sobald der K\xc3\xa4se geschmolzen ist.Zutaten & AllergeneZutaten: WEIZENMEHL, 14% passierte Tomaten, 12% schnittfester MOZZARELLA K\xc3\x84SE, 12% Salami (Schweinefleisch, Speck, Salz, Gew\xc3\xbcrze, Dextrose, Zwiebelpulver, Knoblauchpulver, Gew\xc3\xbcrzextrakte, Stabilisator (Natriumnitrit), Antioxidationsmittel (Extrakt aus Rosmarin), Rauch), Wasser, 7,3% Tomatenkonzentrat, 4,6% EDAMER K\xc3\x84SE, Raps\xc3\xb6l, Backhefe, Salz, Zucker, Oliven\xc3\xb6l nativ extra, Oregano, Basilikum, Pfeffer, Paprika, Petersilie. Kann enthalten: SOJA, SENF.Allergenhinweise: Enth\xc3\xa4lt: Milch und Milcherzeugnisse (einschlie\xc3\x9flich Lactose). Glutenhaltiges Getreide und glutenhaltige Getreideerzeugnisse. Weizen und Weizenerzeugnisse (glutenhaltiges Getreide). Kann enthalten: Soja und Sojaerzeugnisse. Gerste und Gerstenerzeugnisse (glutenhaltiges Getreide). Roggen und Roggenerzeugnisse (glutenhaltiges Getreide). Dinkel und Dinkelerzeugnisse (glutenhaltiges Getreide). Hafer und Hafererzeugnisse (glutenhaltiges Getreide). Senf- und Senferzeugnisse.N\xc3\xa4hrwerteDurchschnittliche N\xc3\xa4hrwerteUnzubereitet pro 100 gEnergie1.093 kJEnergie261 kcalFett13 gFett, davon ges\xc3\xa4ttigte Fetts\xc3\xa4uren4,6 gKohlenhydrate25 gKohlenhydrate, davon Zucker2,9 gBallaststoffe2,3 gEiwei\xc3\x9f10 gSalz1,3 gHinweiseAufbewahrungs- und Verwendungshinweis: Nach dem Auftauen nicht wieder einfrieren. Bei -18 \xc2\xb0C lagern (***-Fach oder Tiefk\xc3\xbchltruhe).ArtikeldetailsMarke: Dr. OetkerUrsprungsland: DeutschlandKontaktKontaktname: DR. AUGUST OETKER NAHRUNGSMITTEL KGKontaktadresse: Lutterstra\xc3\x9fe 14 - 33617 BielefeldMaximale Bestellmenge: 15 St\xc3\xbcckF\xc3\xbcr die vorstehenden Angaben wird keine Haftung \xc3\xbcbernommen. Bitte pr\xc3\xbcfen Sie im Einzelfall die Angaben auf der jeweiligen Produktverpackung, nur diese sind verbindlich.Das Produktdesign kann von der Abbildung abweichen.'",Berliner Str. 41-49,Rewe,Tiefkühl,2023-07-09,"Gültig ab morgen bis Samstag, 15.07.2023"
Dr. Oetker Bistro Flammkuchen Elsässer Art,https://img.rewe-static.de/REWE28_2023/8703784/34878422-11_digital-image.png?impolicy=s-offers&imwidth=200&output-format=image/webp,,https://shop.rewe.de/productList?search=1729713,,"tiefgefroren , je 265-g-Pckg , (1 kg = 7.51)",Knaller,"1,99 €","b'ProduktbeschreibungArtikelnummer 8703784Zutaten & AllergeneZutaten: WEIZENMEHL, 27% CR\xc3\x88ME FRA\xc3\x8eCHE, 15% Rohschinken (Schweinefleisch, Salz, Maltodextrin, Dextrose, Zucker, Gew\xc3\xbcrze, Gew\xc3\xbcrzextrakte, Stabilisator (Natriumnitrit), Rauch), Wasser, 5,4% Zwiebeln, Raps\xc3\xb6l, Oliven\xc3\xb6l nativ extra, Salz, Backhefe, Raucharoma, Aroma (enth\xc3\xa4lt WEIZEN), Pfeffer, Verdickungsmittel (Johannisbrotkernmehl, Xanthan), Muskatnuss. Kann enthalten: SOJA, SENF.Allergenhinweise: Enth\xc3\xa4lt: Milch und Milcherzeugnisse (einschlie\xc3\x9flich Lactose). Weizen und Weizenerzeugnisse (glutenhaltiges Getreide). Glutenhaltiges Getreide und glutenhaltige Getreideerzeugnisse. Kann enthalten: Dinkel und Dinkelerzeugnisse (glutenhaltiges Getreide). Roggen und Roggenerzeugnisse (glutenhaltiges Getreide). Senf- und Senferzeugnisse. Soja und Sojaerzeugnisse.N\xc3\xa4hrwerteDurchschnittliche N\xc3\xa4hrwerteUnzubereitet pro 100 gEnergie1.094 kJEnergie262 kcalFett14 gFett, davon ges\xc3\xa4ttigte Fetts\xc3\xa4uren6 gKohlenhydrate25 gKohlenhydrate, davon Zucker2,3 gBallaststoffe1,4 gEiwei\xc3\x9f7,9 gSalz1,2 gHinweiseAufbewahrungs- und Verwendungshinweis: Nach dem Auftauen nicht wieder einfrieren. Bei -18 \xc2\xb0C lagern (***-Fach oder Tiefk\xc3\xbchltruhe).ArtikeldetailsMarke: Dr. OetkerUrsprungsland: DeutschlandKontaktKontaktname: DR. AUGUST OETKER NAHRUNGSMITTEL KGKontaktadresse: Lutterstra\xc3\x9fe 14 - 33617 BielefeldMaximale Bestellmenge: 15 St\xc3\xbcckF\xc3\xbcr die vorstehenden Angaben wird keine Haftung \xc3\xbcbernommen. Bitte pr\xc3\xbcfen Sie im Einzelfall die Angaben auf der jeweiligen Produktverpackung, nur diese sind verbindlich.Das Produktdesign kann von der Abbildung abweichen.'",Berliner Str. 41-49,Rewe,Tiefkühl,2023-07-09,"Gültig ab morgen bis Samstag, 15.07.2023"
Iglo Schlemmerfilet Bordelaise Classic,https://img.rewe-static.de/REWE28_2023/8030937/30477207-17_digital-image.png?impolicy=s-offers&imwidth=200&output-format=image/webp,,https://shop.rewe.de/productList?search=1729713,,"tiefgefroren , je 380-g-Pckg , (1 kg = 7.87)",Knaller,"2,99 €","b'ProduktbeschreibungArtikelnummer 8030937Zutaten & AllergeneZutaten: ALASKA SEELACHS-FILET (71%), Wasser, Raps\xc3\xb6l, Paniermehl (WEIZENMEHL, Wasser, Gew\xc3\xbcrze (Paprikapulver, Kurkuma), Salz, Hefe), Zwiebeln, Zitronensaft aus Zitronensaftkonzentrat, Petersilie, Salz, EIPULVER, St\xc3\xa4rke, Gew\xc3\xbcrze (Paprikapulver, Zwiebelpulver, Knoblauchpulver)N\xc3\xa4hrwerteDurchschnittliche N\xc3\xa4hrwerteUnzubereitet pro 100 gEnergie628 kJEnergie150 kcalFett8,7 gFett, davon ges\xc3\xa4ttigte Fetts\xc3\xa4uren0,7 gKohlenhydrate5 gKohlenhydrate, davon Zucker0,5 gBallaststoffe0,5 gEiwei\xc3\x9f13 gSalz1,2 gHinweiseAufbewahrungs- und Verwendungshinweis: Aufbewahrung zu Hause: Bei minus 18\xc2\xb0C (Tiefk\xc3\xbchltruhe oder ***-Fach) mindestens haltbar bis Ende: siehe Verpackungsaufdruck.ArtikeldetailsMarke: IgloUrsprungsland: DeutschlandKontaktKontaktname: iglo GmbHKontaktadresse: Postfach 570 521, 22774 HamburgMaximale Bestellmenge: 15 St\xc3\xbcckF\xc3\xbcr die vorstehenden Angaben wird keine Haftung \xc3\xbcbernommen. Bitte pr\xc3\xbcfen Sie im Einzelfall die Angaben auf der jeweiligen Produktverpackung, nur diese sind verbindlich.Das Produktdesign kann von der Abbildung abweichen.'",Berliner Str. 41-49,Rewe,Tiefkühl,2023-07-09,"Gültig ab morgen bis Samstag, 15.07.2023"
Iglo Filegro Ofen-Backfisch,https://img.rewe-static.de/REWE28_2023/1148717/19141120-88_digital-image.png?impolicy=s-offers&imwidth=200&output-format=image/webp,,https://shop.rewe.de/productList?search=1729713,,"tiefgefroren , je 240-g-Pckg , (1 kg = 12.46)",Knaller,"2,99 €","b'ProduktbeschreibungArtikelnummer 1148717Das iglo Filegro Traditioneller Ofen-Backfisch enth\xc3\xa4lt 100% saftiges Alaska Seelachsfilet und ist umh\xc3\xbcllt von einem lecker-knusprigen Backteig, der speziell f\xc3\xbcr die Zubereitung im Ofen entwickelt wurde. \nIglo setzt ausschlie\xc3\x9flich auf den Einsatz von MSC zertifiziertem Fisch. Daher wird der Alaska Seelachs zu 100% aus verantwortungsbewussten Quellen bezogen und durch den Einsatz modernster Produktionsmethoden wird absolute Frische und Qualit\xc3\xa4t garantiert. \n- 100% Fischfilet\n- Umh\xc3\xbcllt mit lecker-knusprigen Backteig\n- Ohne Zusatz von k\xc3\xbcnstlichen Aromen, Farbstoffen und Geschmacksverst\xc3\xa4rkern\n- Nat\xc3\xbcrliche Quelle von Omega 3\n- Tiefgefroren... mehr anzeigenZutaten & AllergeneZutaten: ALASKA SEELACHS-FILET (54%), pflanzliches \xc3\x96l, WEIZENMEHL, Paniermehl (WEIZENMEHL, Salz, Traubenzucker), Wasser, Kartoffelst\xc3\xa4rke, WEIZENST\xc3\x84RKE, Salz, Backtriebmittel: Diphosphate und Natriumcarbonate, Maismehl, Traubenzucker, MAGERMILCHPULVER.N\xc3\xa4hrwerteDurchschnittliche N\xc3\xa4hrwerteUnzubereitet pro 100 gEnergie1.046 kJEnergie251 kcalFett14,5 gFett, davon ges\xc3\xa4ttigte Fetts\xc3\xa4uren1,3 gKohlenhydrate18,1 gKohlenhydrate, davon Zucker0,4 gBallaststoffe0,6 gEiwei\xc3\x9f11,6 gSalz1,25 gHinweiseAufbewahrungs- und Verwendungshinweis:  Aufbewahrung zu Hause: *** - Fach oder Tiefk\xc3\xbchltruhe (bei minus 18\xc2\xb0 C) mindestens haltbar bis Ende: sie Packungsseite, Aufbewahrung zu Hause: ** - Fach 2 Wochen, Aufbewahrung zu Hause: * - Fach einige Tage.ArtikeldetailsMarke: IgloUrsprungsland: DeutschlandKontaktKontaktname: iglo GmbHKontaktadresse: Postfach 570 521, 22774 HamburgMaximale Bestellmenge: 15 St\xc3\xbcckF\xc3\xbcr die vorstehenden Angaben wird keine Haftung \xc3\xbcbernommen. Bitte pr\xc3\xbcfen Sie im Einzelfall die Angaben auf der jeweiligen Produktverpackung, nur diese sind verbindlich.Das Produktdesign kann von der Abbildung abweichen.'",Berliner Str. 41-49,Rewe,Tiefkühl,2023-07-09,"Gültig ab morgen bis Samstag, 15.07.2023"
Mövenpick Stracciatella Classico,https://img.rewe-static.de/REWE28_2023/8725654/35463369-11_digital-image.png?impolicy=s-offers&imwidth=200&output-format=image/webp,,https://shop.rewe.de/productList?search=1729713,,"je 900-ml-Becher , (1 l = 2.21)",Aktion,"1,99 €","b'ProduktbeschreibungArtikelnummer 8725654Cremiges Eis mit Stracciatellageschmack mit Schokoladenst\xc3\xbcckchen und einer Schokoladensauce.Zutaten & AllergeneZutaten: Entrahmte MILCH, MOLKENERZEUGNIS, Glukosesirup, Zucker, Kokosfett, Soja\xc3\xb6l, VOLLMILCHPULVER, fettarmer Kakao** (1,3 %), Kakaobutter**, Kakaomasse**, Emulgatoren (Mono- und Diglyceride von Speisefetts\xc3\xa4uren, Lecithine (SOJA)), Verdickungsmittel (Johannisbrotkernmehl, Guarkernmehl), nat\xc3\xbcrliche Aromen (enthalten MILCH), Aroma. **Rainforest Alliance-zertifiziert. Mehr Informationen unter ra.org. KANN SCHALENFR\xc3\x9cCHTE, GLUTENHALTIGE GETREIDE UND EIER ENTHALTEN. Wichtig: Kleinkinder (unter 4 Jahren) verf\xc3\xbcgen \xc3\xbcber eine verminderte Kauf\xc3\xa4higkeit und k\xc3\xb6nnten sich an kleinen St\xc3\xbcckchen verschlucken.Allergenhinweise: Milch, Molkenerzeugnis, Schlagsahne, SojaEnth\xc3\xa4lt: Milch und Milcherzeugnisse (einschlie\xc3\x9flich Lactose). Soja und Sojaerzeugnisse. Kann enthalten: Eier und Eierzeugnisse. N\xc3\xbcsse und Nusserzeugnisse. Glutenhaltiges Getreide und glutenhaltige Getreideerzeugnisse.N\xc3\xa4hrwerteDurchschnittliche N\xc3\xa4hrwerteUnzubereitet pro 100 gEnergie1.079 kJEnergie258 kcalFett15 gFett, davon ges\xc3\xa4ttigte Fetts\xc3\xa4uren9,9 gKohlenhydrate28 gKohlenhydrate, davon Zucker23 gBallaststoffe0,7 gEiwei\xc3\x9f2,9 gSalz0,09 gHinweiseAufbewahrungs- und Verwendungshinweis: Bei -18 \xc2\xb0C mindestens haltbar bis Ende: siehe VerpackungsaufdruckInformation: Wichtig: Kleinkinder (unter 4 Jahren) verf\xc3\xbcgen \xc3\xbcber eine verminderte Kauf\xc3\xa4higkeit und k\xc3\xb6nnten sich an kleinen St\xc3\xbcckchen verschlucken. Packung enth\xc3\xa4lt 9 Portionen. Portionen sollten f\xc3\xbcr Kinder entsprechend ihrem Alter angepasst werden.ArtikeldetailsMarke: M\xc3\xb6venpickUrsprungsland: DeutschlandKontaktKontaktname: FRONERI Sch\xc3\xb6ller GmbHKontaktadresse: D-90419 N\xc3\xbcrnbergMaximale Bestellmenge: 15 St\xc3\xbcckF\xc3\xbcr die vorstehenden Angaben wird keine Haftung \xc3\xbcbernommen. Bitte pr\xc3\xbcfen Sie im Einzelfall die Angaben auf der jeweiligen Produktverpackung, nur diese sind verbindlich.Das Produktdesign kann von der Abbildung abweichen.'",Berliner Str. 41-49,Rewe,Tiefkühl,2023-07-09,"Gültig ab morgen bis Samstag, 15.07.2023"
Mövenpick Salted Caramel,https://img.rewe-static.de/REWE28_2023/7713567/38472507-14_digital-image.png?impolicy=s-offers&imwidth=200&output-format=image/webp,,https://shop.rewe.de/productList?search=1729713,,"je 800-ml-Becher , (1 l = 2.49)",Aktion,"1,99 €","b'ProduktbeschreibungArtikelnummer 7713567Eis mit Vanillegeschmack, mit gesalzener Karamellsauce, Karamellst\xc3\xbcckchen und kakaobutterhaltigen Konfektst\xc3\xbcckchen mit KaramellgeschmackZutaten & AllergeneZutaten: Entrahmte MILCH, MOLKENERZEUGNIS, Glukosesirup, Zucker,pflanzliche Fette (Kokos, Shea), gezuckerte KONDENSMILCH (eingedickte VOLLMILCH, Zucker, MILCHZUCKER), gezuckerte KONDENSMAGERMILCH (eingedickte entrahmte MILCH, Zucker), Emulgatoren (Mono- und Diglyceride von Speisefetts\xc3\xa4uren, Lecithine), Verdickungsmittel (Johannisbrotkernmehl, Guarkernmehl), Kakaobutter*, Salz, VOLLMILCHPULVER, BUTTERFETT, Feuchthaltemittel (Glycerin), f\xc3\xa4rbende Frucht- und Gem\xc3\xbcsekonzentrate (schwarze Johannisbeere, Apfel, Zitrone, Karotte, Rettich), f\xc3\xa4rbendes Saflorkonzentrat, nat\xc3\xbcrliche Vanillearomen, Kakaomasse*, MILCHZUCKER, nat\xc3\xbcrliche Aromen. *Rainforest Alliance-zertifiziert. Mehr Informationen unter ra.org.KANN SCHALENFR\xc3\x9cCHTE, GLUTENHALTIGE GETREIDE, SOJA UND EIER ENTHALTEN. Wichtig: Kleinkinder (unter 4 Jahren) verf\xc3\xbcgen\xc3\xbcber eine verminderte Kauf\xc3\xa4higkeit und k\xc3\xb6nnten sich an kleinen St\xc3\xbcckchen verschlucken.Allergenhinweise: MILCH, MOLKENERZEUGNIS, KONDENSMILCH, VOLLMILCH, MILCHZUCKER, KONDENSMAGERMILCH, VOLLMILCHPULVER, BUTTERFETT.Enth\xc3\xa4lt: Milch und Milcherzeugnisse (einschlie\xc3\x9flich Lactose). Kann enthalten: Glutenhaltiges Getreide und glutenhaltige Getreideerzeugnisse. Eier und Eierzeugnisse. N\xc3\xbcsse und Nusserzeugnisse. Soja und Sojaerzeugnisse.N\xc3\xa4hrwerteDurchschnittliche N\xc3\xa4hrwerteUnzubereitet pro 100 gEnergie1.009 kJEnergie240 kcalFett9,5 gFett, davon ges\xc3\xa4ttigte Fetts\xc3\xa4uren8,2 gKohlenhydrate37 gKohlenhydrate, davon Zucker29 gBallaststoffe< 0,5 gEiwei\xc3\x9f2 gSalz0,29 gHinweiseAufbewahrungs- und Verwendungshinweis: Bei -18 \xc2\xb0C mindestens haltbar bis Ende: siehe VerpackungsaufdruckInformation: Wichtig: Kleinkinder (unter 4 Jahren) verf\xc3\xbcgen\xc3\xbcber eine verminderte Kauf\xc3\xa4higkeit und k\xc3\xb6nnten sich an kleinen St\xc3\xbcckchen verschlucken.ArtikeldetailsMarke: M\xc3\xb6venpickUrsprungsland: DeutschlandKontaktKontaktname: FRONERI Sch\xc3\xb6ller GmbHKontaktadresse: D-90419 N\xc3\xbcrnbergMaximale Bestellmenge: 15 St\xc3\xbcckF\xc3\xbcr die vorstehenden Angaben wird keine Haftung \xc3\xbcbernommen. Bitte pr\xc3\xbcfen Sie im Einzelfall die Angaben auf der jeweiligen Produktverpackung, nur diese sind verbindlich.Das Produktdesign kann von der Abbildung abweichen.'",Berliner Str. 41-49,Rewe,Tiefkühl,2023-07-09,"Gültig ab morgen bis Samstag, 15.07.2023"
Langnese Family Mix Multipackung,https://img.rewe-static.de/REWE28_2023/8900513/38330307-12_digital-image.png?impolicy=s-offers&imwidth=200&output-format=image/webp,,https://shop.rewe.de/productList?search=1729713,,"je 462-ml-Pckg , (1 l = 6.47)",Aktion,"2,99 €","b'ProduktbeschreibungArtikelnummer 8900513Ein Mix, der das Beste von Langnese zusammen bringt und f\xc3\xbcr jeden in der Familie etwas bietet. Der Family Mix besteht aus Flutschfinger (1x), Capri (2x), Magnum Mini Classic (2x), Cuja Mara Split (1x) und Nogger (1x).Zutaten & AllergeneZutaten: Langnese Family Mix - Capri Zutaten: Orangensaft aus Orangensaftkonzentrat (53%), Trinkwasser, Zucker, Glukose-Fruktose-Sirup, S\xc3\xa4ureregulator (Citronens\xc3\xa4ure), Stabilisatoren (Guarkernmehl, Tarakernmehl, Johannisbrotkernmehl), Farbstoff (Carotin), nat\xc3\xbcrliche Orangenaromen. Kann Milch und Soja enthalten. Langnese Family Mix - Cuja Mara Split Zutaten: Orangensaft aus Orangensaftkonzentrat (24%), entrahmte MILCH (21%), Passionsfruchtsaft aus Passionsfruchtsaftkonzentrat (15%), Trinkwasser, Zucker, Kokosfett, Glukosesirup, Glukose-Fruktose-Sirup, MOLKENERZEUGNIS, Fruktose, Stabilisatoren (Guarkernmehl, Johannisbrotkernmehl, Tarakernmehl), Farbstoff (Carotin), Emulgator (Mono- und Diglyceride von Speisefetts\xc3\xa4uren), nat\xc3\xbcrliches Vanillearoma\xc2\xb9, S\xc3\xa4ureregulator (Citronens\xc3\xa4ure). Kann Mandel, Ei, Haselnuss, Soja und Weizen enthalten. \xc2\xb9Rainforest Alliance-zertifiziert. Langnese Family Mix - Flutschfinger Zutaten: Trinkwasser, Zucker, Orangensaft aus Orangensaftkonzentrat (10%), Glukose-Fruktose-Sirup, Erdbeersaft aus Erdbeersaftkonzentrat (4,5%), Glukosesirup, Fruktose, Zitronensaft aus Zitronensaftkonzentrat (0,6%), S\xc3\xa4ureregulator (Citronens\xc3\xa4ure), Stabilisatoren (Johannisbrotkernmehl, Tarakernmehl, Guarkernmehl), Schwarze-Karotte-Konzentrat, F\xc3\xa4rberdistelkonzentrat, Farbstoffe (Paprikaextrakt, Kurkumin, Chlorophylle), Aromen. Kann Haselnuss, Milch, Soja und Weizen enthalten. Langnese Family Mix - Magnum Mini Classic Zutaten: Entrahmte MILCH, Zucker, Kakaobutter\xc2\xb9, Kakaomasse\xc2\xb9, Trinkwasser, Kokosfett, Glukosesirup, VOLLMILCHPULVER, Glukose-Fruktose-Sirup, MOLKENERZEUGNIS, BUTTERFETT, Emulgatoren (E471, Lecithine (SOJA), E476), vermahlene Vanilleschoten, Stabilisatoren (Johannisbrotkernmehl, Guarkernmehl, Carrageen), nat\xc3\xbcrliches Vanillearoma\xc2\xb9 (mit MILCH), Aroma, Farbstoff (Carotin). Kann Mandeln enthalten.\xc2\xb9Rainforest Alliance-zertifiziert. Langnese Family Mix - Nogger Zutaten: entrahmte MILCH, Kokosfett, Zucker, Glukose-Fruktose-Sirup, Trinkwasser, Glukosesirup, HASELNUSS-St\xc3\xbcckchen, fettarmer Kakao\xc2\xb9 (3%), WEIZENMEHL, MOLKENERZEUGNIS, MAGERMILCH-Pulver oder -Konzentrat, Stabilisatoren (Guarkernmehl, Johannisbrotkernmehl, Tarakernmehl), Emulgatoren (Mono- und Diglyceride von Speisefetts\xc3\xa4uren, Ammoniumphosphatide), Speisesalz, Backtriebmittel (Ammoniumcarbonate), nat\xc3\xbcrliches Vanillearoma\xc2\xb9. Kann Pistazie und Soja enthalten. \xc2\xb9Rainforest Alliance-zertifiziert.Allergenhinweise: Enth\xc3\xa4lt: Milch und Milcherzeugnisse (einschlie\xc3\x9flich Lactose). N\xc3\xbcsse und Nusserzeugnisse. Soja und Sojaerzeugnisse. Haselnuss und Haselnusserzeugnisse. Weizen und Weizenerzeugnisse (glutenhaltiges Getreide). Kann enthalten: Eier und Eierzeugnisse. Glutenhaltiges Getreide und glutenhaltige Getreideerzeugnisse.N\xc3\xa4hrwerteDurchschnittliche N\xc3\xa4hrwerteUnzubereitet pro 100 mlEnergie413 kJEnergie98 kcalFett< 0,5 gFett, davon ges\xc3\xa4ttigte Fetts\xc3\xa4uren< 0,1 gKohlenhydrate23 gKohlenhydrate, davon Zucker22 gEiwei\xc3\x9f< 0,5 gSalz< 0,01 gHinweiseAufbewahrungs- und Verwendungshinweis: Bei -18\xc2\xb0C mindestens haltbar bis Ende: siehe PackungsaufdruckArtikeldetailsMarke: LangneseUrsprungsland: UngarnKontaktKontaktname: Unilever DeutschlandKontaktadresse: Postfach 570 385, 22772 HamburgMaximale Bestellmenge: 15 St\xc3\xbcckF\xc3\xbcr die vorstehenden Angaben wird keine Haftung \xc3\xbcbernommen. Bitte pr\xc3\xbcfen Sie im Einzelfall die Angaben auf der jeweiligen Produktverpackung, nur diese sind verbindlich.Das Produktdesign kann von der Abbildung abweichen.'",Berliner Str. 41-49,Rewe,Tiefkühl,2023-07-09,"Gültig ab morgen bis Samstag, 15.07.2023"
Leicht & Cross Knusper Rustica,https://img.rewe-static.de/REWE28_2023/8186660/28377819-16_digital-image.png?impolicy=s-offers&imwidth=200&output-format=image/webp,,https://shop.rewe.de/productList?search=1729713,,"versch. Sorten , je 130-g-Pckg , (1 kg = 7.62)",Aktion,"0,99 €","b'ProduktbeschreibungArtikelnummer 8186660Mein KnusperRustica Dreikorn: \xc3\x9cberzeugt mit einem besonders kr\xc3\xa4ftigen Geschmack von Roggen, Dinkel und Buchweizen \xe2\x80\x93 eine Kombination mit Biss.Zutaten & AllergeneZutaten: ROGGENVOLLKORNMEHL, ROGGENMEHL, DINKELWEIZENMEHL, Reismehl, ROGGENMALZMEHL, Zucker, Sonnenblumen\xc3\xb6l, Salz. Zur Herstellung von 100g des Produktes werden 40,5g Roggenvollkornmehl, 40g Roggenmehl, 11g Dinkelweizenmehl, 6g Reismehl und 5g Roggenmalzmehl verwendet. Kann Spuren enthalten von: SOJA, MILCH, EI, SESAM.Allergenhinweise: Enth\xc3\xa4lt: Roggen und Roggenerzeugnisse (glutenhaltiges Getreide). Dinkel und Dinkelerzeugnisse (glutenhaltiges Getreide). Kann enthalten: Soja und Sojaerzeugnisse. Milch und Milcherzeugnisse (einschlie\xc3\x9flich Lactose). Eier und Eierzeugnisse. Sesamsamen und Sesamsamenerzeugnisse.N\xc3\xa4hrwerteDurchschnittliche N\xc3\xa4hrwerteUnzubereitet pro 100 gEnergie1.554 kJEnergie367 kcalFett3 gFett, davon ges\xc3\xa4ttigte Fetts\xc3\xa4uren0,4 gKohlenhydrate72 gKohlenhydrate, davon Zucker3,7 gBallaststoffe8 gEiwei\xc3\x9f9,1 gSalz1,2 gHinweiseAufbewahrungs- und Verwendungshinweis: Nach dem \xc3\x96ffnen LEICHT&CROSS-Knusperbrot trocken aufbewahren und innerhalb weniger Tage verzehren. Vor W\xc3\xa4rme sch\xc3\xbctzen. Trocken lagern.Mindestens haltbar bis: siehe BodenArtikeldetailsMarke: Leicht & CrossEigenschaften: Vegan, Vegetarisch, LaktosefreiUrsprungsland: DeutschlandKontaktKontaktname: Griesson - de BeukelaerKontaktadresse: D-56751 PolchMaximale Bestellmenge: 15 St\xc3\xbcckF\xc3\xbcr die vorstehenden Angaben wird keine Haftung \xc3\xbcbernommen. Bitte pr\xc3\xbcfen Sie im Einzelfall die Angaben auf der jeweiligen Produktverpackung, nur diese sind verbindlich.Das Produktdesign kann von der Abbildung abweichen.'",Berliner Str. 41-49,Rewe,Frühstück,2023-07-09,"Gültig ab morgen bis Samstag, 15.07.2023"
Schwiizer Schüümli,https://img.rewe-static.de/REWE28_2023/2035261/21894441-26_digital-image.png?impolicy=s-offers&imwidth=200&output-format=image/webp,,https://shop.rewe.de/productList?search=1729713,,"ganze Bohnen, versch. Sorten , je 1000-g-Btl",Aktion,"10,99 €","b'ProduktbeschreibungArtikelnummer 2035261- SCHWIIZER SCH\xc3\x9c\xc3\x9cMLI CREMA: Unsere ger\xc3\xb6steten Kaffeebohnen sind 100% edle Arabicas und \xc3\xbcberzeugen durch einen aromatischen Geschmack - ein echter Genuss f\xc3\xbcr die Sinne \n- UMWELTFREUNDLICH: Unserer Bohnenkaffee ist UTZ-zertifiziert. Wir setzten uns f\xc3\xbcr eine verantwortungsbewusste, umweltfreundliche Kaffeeproduktion ein \n- DETAIL: R\xc3\xb6stkaffee in ganzen Bohnen - Verpackung 1 kg - Intensit\xc3\xa4t 3 von 5 - 100 Prozent Arabica - Empfohlene Tassengr\xc3\xb6sse: 40 ml Espresso \n- KOMPABILIT\xc3\x84T: Ideal f\xc3\xbcr Vollautomaten mit integriertem Mahlwerk, Espresso-Kolbenmaschine und italienische Mocca-Kannen \n- SCHWEIZER PREMIUMKAFFEE: Unsere Leidenschaft sind hochwertige Kaffeeprodukte. Wir beschaffen, veredeln und verpacken Kaffee seit 1954... mehr anzeigenHinweiseInformation: Unter Schutzatmosph\xc3\xa4re verpackt.ArtikeldetailsUrsprungsland: SchweizKontaktKontaktname: SCG Swiss Consumer Goods GmbHKontaktadresse: D-64625 BensheimF\xc3\xbcr die vorstehenden Angaben wird keine Haftung \xc3\xbcbernommen. Bitte pr\xc3\xbcfen Sie im Einzelfall die Angaben auf der jeweiligen Produktverpackung, nur diese sind verbindlich.Das Produktdesign kann von der Abbildung abweichen.'",Berliner Str. 41-49,Rewe,Frühstück,2023-07-09,"Gültig ab morgen bis Samstag, 15.07.2023"
Jacobs Auslese oder Meisterröstung,https://img.rewe-static.de/REWE28_2023/7055901/26484398-13_digital-image.png?impolicy=s-offers&imwidth=200&output-format=image/webp,,https://shop.rewe.de/productList?search=1729713,,"versch. Sorten, gemahlener Bohnenkaffee , je 500-g-Pckg , (1 kg = 7.98)",Aktion,"3,99 €","b'ProduktbeschreibungArtikelnummer 7055901Die aromatische Komposition ausgew\xc3\xa4hlter Kaffeebohnen, ger\xc3\xb6stet in unserem besonders schonenden R\xc3\xb6stverfahren, garantiert den unverwechselbaren Geschmack unserer Auslese von Jacobs klassisch. Die aromatische Komposition ausgew\xc3\xa4hlter Kaffeebohnen, ger\xc3\xb6stet in unserem besonders schonenden R\xc3\xb6stverfahren, garantiert den unverwechselbaren Geschmack unserer Auslese von Jacobs klassisch.Zutaten & AllergeneAllergenhinweise: Enth\xc3\xa4lt: Keine deklarationspflichtigen Allergene enthalten.HinweiseAufbewahrungs- und Verwendungshinweis: Ge\xc3\xb6ffnete Packung gut verschlossen, k\xc3\xbchl und trocken aufbewahren.ArtikeldetailsMarke: JacobsUrsprungsland: DeutschlandKontaktKontaktname: JACOBS DOUWE EGBERTSKontaktadresse: Oosterdoksstraat 80, 1011 DK Amsterdam, The NetherlandsMaximale Bestellmenge: 15 St\xc3\xbcckF\xc3\xbcr die vorstehenden Angaben wird keine Haftung \xc3\xbcbernommen. Bitte pr\xc3\xbcfen Sie im Einzelfall die Angaben auf der jeweiligen Produktverpackung, nur diese sind verbindlich.Das Produktdesign kann von der Abbildung abweichen.'",Berliner Str. 41-49,Rewe,Frühstück,2023-07-09,"Gültig ab morgen bis Samstag, 15.07.2023"
Milka Haselnusscreme,https://img.rewe-static.de/REWE28_2023/8424980/30781039-8_digital-image.png?impolicy=s-offers&imwidth=200&output-format=image/webp,,https://shop.rewe.de/productList?search=1729713,,"je 350-g-Glas , (1 kg = 5.69)",Aktion,"1,99 €","b'ProduktbeschreibungArtikelnummer 8424980Zutaten & AllergeneZutaten: Zucker, Raps\xc3\xb6l (25%), S\xc3\xbcssmolkenpulver (aus MILCH), HASELNUSSMASSE (5%), fettarmes Kakaopulver, MAGERMILCHPULVER, Kakaobutter, Sonnenblumen\xc3\xb6l, Emulgator (Lecithine), Speisesalz, Aromen. KANN ENTHALTEN: ANDERE N\xc3\x9cSSE, WEIZEN UND ERDNUSS.Allergenhinweise: MILCH, HASELNUSSMASSE, MAGERMILCHPULVEREnth\xc3\xa4lt: Haselnuss und Haselnusserzeugnisse. Milch und Milcherzeugnisse (einschlie\xc3\x9flich Lactose). N\xc3\xbcsse und Nusserzeugnisse. Kann enthalten: Weizen und Weizenerzeugnisse (glutenhaltiges Getreide). Erdn\xc3\xbcsse und Erdnusserzeugnisse. Glutenhaltiges Getreide und glutenhaltige Getreideerzeugnisse.N\xc3\xa4hrwerteDurchschnittliche N\xc3\xa4hrwerteUnzubereitet pro 100 gEnergie2.316 kJEnergie555 kcalFett34 gFett, davon ges\xc3\xa4ttigte Fetts\xc3\xa4uren4,6 gKohlenhydrate58 gKohlenhydrate, davon Zucker57 gBallaststoffe2,1 gEiwei\xc3\x9f3,8 gSalz0,18 gHinweiseAufbewahrungs- und Verwendungshinweis: Trocken lagern und vor W\xc3\xa4rme sch\xc3\xbctzen. Optimale Aufbewahrung zwischen 15\xc2\xb0C und 20\xc2\xb0CArtikeldetailsMarke: MilkaUrsprungsland: BelgienKontaktKontaktname: Mondelez Deutschland GmbHKontaktadresse: D-28078 BremenMaximale Bestellmenge: 15 St\xc3\xbcckF\xc3\xbcr die vorstehenden Angaben wird keine Haftung \xc3\xbcbernommen. Bitte pr\xc3\xbcfen Sie im Einzelfall die Angaben auf der jeweiligen Produktverpackung, nur diese sind verbindlich.Das Produktdesign kann von der Abbildung abweichen.'",Berliner Str. 41-49,Rewe,Frühstück,2023-07-09,"Gültig ab morgen bis Samstag, 15.07.2023"
Mövenpick Gourmet Fruchtaufstrich,https://img.rewe-static.de/REWE28_2023/5074088/8198980-23_digital-image.png?impolicy=s-offers&imwidth=200&output-format=image/webp,,https://shop.rewe.de/productList?search=1729713,,"versch. Sorten , je 250-g-Glas , (1 kg = 7.96)",Aktion,"1,99 €","b'ProduktbeschreibungArtikelnummer 5074088Ohne Zusatz von Aromen\r\nBester M\xc3\xb6venpick Geschmack\r\nerlesene Fr\xc3\xbcchteZutaten & AllergeneZutaten: Schwarze Johannisbeeren, Zucker, Verdickungsmittel: Pektin, S\xc3\xa4uerungsmittel: Citronens\xc3\xa4ure.N\xc3\xa4hrwerteDurchschnittliche N\xc3\xa4hrwerteUnzubereitet pro 100 gEnergie858 kJEnergie202 kcalFett0,1 gFett, davon ges\xc3\xa4ttigte Fetts\xc3\xa4uren0 gKohlenhydrate46,5 gKohlenhydrate, davon Zucker46,5 gBallaststoffe4,1 gEiwei\xc3\x9f0,7 gSalz0,02 gHinweiseAufbewahrungs- und Verwendungshinweis: Nach dem \xc3\x96ffnen im K\xc3\xbchlschrank aufbewahren.Information: Hergestellt aus 55g Fr\xc3\xbcchten je 100g.ArtikeldetailsMarke: M\xc3\xb6venpickUrsprungsland: DeutschlandSorte: Schwarze JohannisbeereKontaktKontaktname: Schwartauer Werke GmbH & Co KGaAKontaktadresse: 23608 Bad SchwartauMaximale Bestellmenge: 15 St\xc3\xbcckF\xc3\xbcr die vorstehenden Angaben wird keine Haftung \xc3\xbcbernommen. Bitte pr\xc3\xbcfen Sie im Einzelfall die Angaben auf der jeweiligen Produktverpackung, nur diese sind verbindlich.Das Produktdesign kann von der Abbildung abweichen.'",Berliner Str. 41-49,Rewe,Frühstück,2023-07-09,"Gültig ab morgen bis Samstag, 15.07.2023"
Suchard Express oder Kaba Kakao,https://img.rewe-static.de/REWE28_2023/8908126/39431257-7_digital-image.png?impolicy=s-offers&imwidth=200&output-format=image/webp,,https://shop.rewe.de/productList?search=1729713,,"je 400-g-Btl , (1 kg = 4.98)",Aktion,"1,99 €","b'ProduktbeschreibungArtikelnummer 8908126Zutaten & AllergeneZutaten: Zucker, mageres Kakaopulver (18 %), Traubenzucker (15 %), Emulgator (SOJAlecithine), Salz, nat\xc3\xbcrliches Aroma.Allergenhinweise: Enth\xc3\xa4lt: Soja und Sojaerzeugnisse.N\xc3\xa4hrwerteDurchschnittliche N\xc3\xa4hrwerteUnzubereitet pro 100 gEnergie1.625 kJEnergie384 kcalFett3 gFett, davon ges\xc3\xa4ttigte Fetts\xc3\xa4uren1,4 gKohlenhydrate82 gKohlenhydrate, davon Zucker79 gBallaststoffe5,7 gEiwei\xc3\x9f4 gSalz0,34 gHinweiseAufbewahrungs- und Verwendungshinweis: Mindestens haltbar bis: Siehe Boden.Trocken lagern und vor W\xc3\xa4rme sch\xc3\xbctzen.ArtikeldetailsMarke: SuchardUrsprungsland: FrankreichKontaktKontaktname: Carambar and Co.Kontaktadresse: 9 rue Maurice Mallet , 92130 Issy-les-Moulineaux - FranceMaximale Bestellmenge: 15 St\xc3\xbcckF\xc3\xbcr die vorstehenden Angaben wird keine Haftung \xc3\xbcbernommen. Bitte pr\xc3\xbcfen Sie im Einzelfall die Angaben auf der jeweiligen Produktverpackung, nur diese sind verbindlich.Das Produktdesign kann von der Abbildung abweichen.'",Berliner Str. 41-49,Rewe,Frühstück,2023-07-09,"Gültig ab morgen bis Samstag, 15.07.2023"
"Partykranz
            2",https://img.rewe-static.de/REWE28_2023/0544566/26767044-10_digital-image.png?impolicy=s-offers&imwidth=200&output-format=image/webp,,https://shop.rewe.de/productList?search=1729713,,"je 400-g-St , (1 kg = 4.98)",Aktion,"1,99 €","b'ProduktbeschreibungArtikelnummer 544566Zutaten: WEIZENMEHL, Wasser, SESAM, Mohn, Hefe, BUCHWEIZEN, Leinsamen, Salz, Raps\xc3\xb6l. \n\nEnth\xc3\xa4lt: GLUTEN, SESAM. Kann Spuren von EIER, SOJA, MILCH, SCHALENFR\xc3\x9cCHTE enthalten. \n\nN\xc3\xa4hrwerte je 100g:\nEnergie: 1320KJ\nEnergie: 313kcal\nFett: 7g\nFett, davon ges\xc3\xa4ttigte Fetts\xc3\xa4uren: 0,9g\nKohlenhydrate: 50,1g\nKohlenhydrate, davon Zucker: 1,8g\nEiwei\xc3\x9f: 10,6g\nSalz: 1,1g ArtikeldetailsMarke: EntrupF\xc3\xbcr die vorstehenden Angaben wird keine Haftung \xc3\xbcbernommen. Bitte pr\xc3\xbcfen Sie im Einzelfall die Angaben auf der jeweiligen Produktverpackung, nur diese sind verbindlich.Das Produktdesign kann von der Abbildung abweichen.'",Berliner Str. 41-49,Rewe,Frühstück,2023-07-09,"Gültig ab morgen bis Samstag, 15.07.2023"
Corny Müsliriegel Schoko,https://img.rewe-static.de/REWE28_2023/0544800/1238460-61_digital-image.png?impolicy=s-offers&imwidth=200&output-format=image/webp,,https://shop.rewe.de/productList?search=1729713,,"je 6 x 25-g-Riegel-Pckg , (1 kg = 8.60)",Knaller,"1,29 €","b'ProduktbeschreibungArtikelnummer 544800Ohne Farbstoffe\r\nOhne Zusatz von Konservierungsstoffen*. *lt. Gesetz\r\nMit 10% Vollkorn\r\n24% MilchschokoladeZutaten & AllergeneZutaten: MILCHSCHOKOLADE 24% (Zucker, Kakaomasse, Kakaobutter, MAGERMILCHPULVER, BUTTERFETT, Emulgator Lecithine), Getreidecrispies (WEIZENMEHL, Zucker, Reismehl, Maismehl, GERSTENMALZEXTRAKT, Salz, Karamellzuckersirup), Glukosesirup, Glukose-Fruktose-Sirup, Vollkorngetreideflocken 10% (HAFER-, WEIZEN-, GERSTEN-), ger\xc3\xb6stete ERDN\xc3\x9cSSE, Zucker, Kokosfett, Cornflakes (Mais, Salz, GERSTENMALZEXTRAKT), Honig 1%, nat\xc3\xbcrliches Aroma, Salz, Karamellzuckersirup, Emulgator LecithineAllergenhinweise: Enth\xc3\xa4lt: Glutenhaltiges Getreide und glutenhaltige Getreideerzeugnisse. Erdn\xc3\xbcsse und Erdnusserzeugnisse. Milch und Milcherzeugnisse (einschlie\xc3\x9flich Lactose). Kann enthalten: Haselnuss und Haselnusserzeugnisse. Mandeln und Mandelerzeugnisse.N\xc3\xa4hrwerteDurchschnittliche N\xc3\xa4hrwerteUnzubereitet pro 100 gEnergie1.914 kJEnergie456 kcalFett17,5 gFett, davon ges\xc3\xa4ttigte Fetts\xc3\xa4uren10,2 gKohlenhydrate66,6 gKohlenhydrate, davon Zucker34,1 gBallaststoffe3,3 gEiwei\xc3\x9f6,3 gSalz0,51 gHinweiseAufbewahrungs- und Verwendungshinweis: Vor W\xc3\xa4rme sch\xc3\xbctzen. K\xc3\xbchl und trocken lagern.ArtikeldetailsMarke: CORNYUrsprungsland: DeutschlandSorte: SchokoKontaktKontaktname: Schwartauer Werke GmbH & Co. KGaAKontaktadresse: 23608 Bad SchwartauMaximale Bestellmenge: 15 St\xc3\xbcckF\xc3\xbcr die vorstehenden Angaben wird keine Haftung \xc3\xbcbernommen. Bitte pr\xc3\xbcfen Sie im Einzelfall die Angaben auf der jeweiligen Produktverpackung, nur diese sind verbindlich.Das Produktdesign kann von der Abbildung abweichen.'",Berliner Str. 41-49,Rewe,Frühstück,2023-07-09,"Gültig ab morgen bis Samstag, 15.07.2023"
Corny Müsliriegel Milch Classic,https://img.rewe-static.de/REWE28_2023/0544828/22736757-25_digital-image.png?impolicy=s-offers&imwidth=200&output-format=image/webp,,https://shop.rewe.de/productList?search=1729713,,"je 4 x 30-g-Riegel-Pckg , (1 kg = 10.75)",Knaller,"1,29 €","b'ProduktbeschreibungArtikelnummer 544828Ohne Zusatz von Konservierungsstoffen.* *lt. Gesetz\r\nOhne Farbstoffe\r\nCremig Lecker\r\nCream up your crunchZutaten & AllergeneZutaten: Kakaohaltige Getreidecrispies 17% (Reismehl, WEIZENMEHL, fettarmes Kakaopulver, VOLLMILCHPULVER 2%, Zucker, Maismehl, Salz), Cornflakes 15% (Mais, Zucker, Salz, GERSTENMALZEXTRAKT), Kokosfett, Glukosesirup, Glukose-Fruktose-Sirup, Oligofruktose, Traubenzucker, VOLLKORNHAFERFLOCKEN 5%, Honig 5%, Zucker, Palm\xc3\xb6l, VOLLMILCHPULVER 3%, MAGERMILCHPULVER 3%, Stabilisator Glycerin, Karamellzuckersirup, Salz, Emulgator Lecithine, nat\xc3\xbcrliche Aromen.Allergenhinweise: Enth\xc3\xa4lt: Glutenhaltiges Getreide und glutenhaltige Getreideerzeugnisse. Milch und Milcherzeugnisse (einschlie\xc3\x9flich Lactose). Kann enthalten: N\xc3\xbcsse und Nusserzeugnisse. Erdn\xc3\xbcsse und Erdnusserzeugnisse.N\xc3\xa4hrwerteDurchschnittliche N\xc3\xa4hrwerteUnzubereitet pro 100 gEnergie1.882 kJEnergie449 kcalFett19,1 gFett, davon ges\xc3\xa4ttigte Fetts\xc3\xa4uren16,1 gKohlenhydrate60,5 gKohlenhydrate, davon Zucker30,3 gBallaststoffe6,4 gEiwei\xc3\x9f5,8 gSalz0,74 gHinweiseAufbewahrungs- und Verwendungshinweis: Vor W\xc3\xa4rme sch\xc3\xbctzen. K\xc3\xbchl und trocken lagern.ArtikeldetailsMarke: CORNYUrsprungsland: DeutschlandKontaktKontaktname: Schwartauer Werke GmbH & Co. KGaAKontaktadresse: 23608 Bad SchwartauMaximale Bestellmenge: 15 St\xc3\xbcckF\xc3\xbcr die vorstehenden Angaben wird keine Haftung \xc3\xbcbernommen. Bitte pr\xc3\xbcfen Sie im Einzelfall die Angaben auf der jeweiligen Produktverpackung, nur diese sind verbindlich.Das Produktdesign kann von der Abbildung abweichen.'",Berliner Str. 41-49,Rewe,Frühstück,2023-07-09,"Gültig ab morgen bis Samstag, 15.07.2023"
Lavazza Caffè Crema Classico oder Crema e Aroma,https://img.rewe-static.de/REWE28_2023/0293182/30798874-10_digital-image.png?impolicy=s-offers&imwidth=200&output-format=image/webp,,https://shop.rewe.de/productList?search=1729713,,"ganze Bohnen , je 1000-g-Btl",Knaller,"9,99 €","b'ProduktbeschreibungArtikelnummer 293182Eine sehr vielseitige Mischung aus Arabica und Robusta Bohnen. HinweiseAufbewahrungs- und Verwendungshinweis: trocken lagern.ArtikeldetailsMarke: LavazzaUrsprungsland: ItalienKontaktKontaktname: LUIGI LAVAZZA S.p.A.Kontaktadresse: C. SO NOVARA, 59- 10154 TORINO - ITALIAMaximale Bestellmenge: 15 St\xc3\xbcckF\xc3\xbcr die vorstehenden Angaben wird keine Haftung \xc3\xbcbernommen. Bitte pr\xc3\xbcfen Sie im Einzelfall die Angaben auf der jeweiligen Produktverpackung, nur diese sind verbindlich.Das Produktdesign kann von der Abbildung abweichen.'",Berliner Str. 41-49,Rewe,Frühstück,2023-07-09,"Gültig ab morgen bis Samstag, 15.07.2023"
Jacobs Tassimokapseln Cappuccino,https://img.rewe-static.de/REWE28_2023/1398796/20366868-22_digital-image.png?impolicy=s-offers&imwidth=200&output-format=image/webp,,https://shop.rewe.de/productList?search=1729713,,"je 260-g-Pckg , (1 kg = 15.35)",Aktion,"3,99 €","b'ProduktbeschreibungArtikelnummer 1398796K\xc3\xb6stlich cremiger Cappuccino von Tassimo mit dem Jacobs Verw\xc3\xb6hnaroma. Eine Kombination aus intensivem Espresso mit feinem Schaum. \nIhr Lieblingsgetr\xc3\xa4nk - vollautomatisch mit nur einem Knopfdruck zubereitet. \n1 Getr\xc3\xa4nk = 190 ml. Der Tassimo Cappuccino Classico von Jacobs ist eine Kombination aus intensivem Espresso und einer Milchschaumschicht. Eine speziell hergestellte Mischung aus perfekt ger\xc3\xb6steten Espressobohnen, um den authentischen Cappuccino-Geschmack zu kreieren. Genie\xc3\x9fe die Kombination aus intensivem Espresso und feinem Schaum mit dem k\xc3\xb6stlichen Jacobs Cappuccino.Zutaten & AllergeneZutaten: Ultrafiltriertes VOLLMILCHKONZENTRAT (60%), gemahlener R\xc3\xb6stkaffee (20%), Zucker (11%), Wasser, Salz, S\xc3\xa4ureregulator (E339).Allergenhinweise: VOLLMILCHKONZENTRATEnth\xc3\xa4lt: Milch und Milcherzeugnisse (einschlie\xc3\x9flich Lactose).N\xc3\xa4hrwerteDurchschnittliche N\xc3\xa4hrwerteZubereitet pro 100 mlEnergie105 kJEnergie25 kcalFett1,3 gFett, davon ges\xc3\xa4ttigte Fetts\xc3\xa4uren0,9 gKohlenhydrate2,2 gKohlenhydrate, davon Zucker2,2 gBallaststoffe0 gEiwei\xc3\x9f1,1 gSalz0,1 gHinweiseAufbewahrungs- und Verwendungshinweis: Trocken, dunkel lagern und vor W\xc3\xa4rme sch\xc3\xbctzen.Information: unter Schutzatmosph\xc3\xa4re verpacktArtikeldetailsMarke: TassimoUrsprungsland: DeutschlandKontaktKontaktname: JACOBS DOUWE EGBERTSKontaktadresse: Oosterdoksstraat 80, 1011 DK Amsterdam, The NetherlandsMaximale Bestellmenge: 15 St\xc3\xbcckF\xc3\xbcr die vorstehenden Angaben wird keine Haftung \xc3\xbcbernommen. Bitte pr\xc3\xbcfen Sie im Einzelfall die Angaben auf der jeweiligen Produktverpackung, nur diese sind verbindlich.Das Produktdesign kann von der Abbildung abweichen.'",Berliner Str. 41-49,Rewe,Frühstück,2023-07-09,"Gültig ab morgen bis Samstag, 15.07.2023"
Jacobs Tassimokapseln Caffè Crema XL,https://img.rewe-static.de/REWE28_2023/1398793/20366870-34_digital-image.png?impolicy=s-offers&imwidth=200&output-format=image/webp,,https://shop.rewe.de/productList?search=1729713,,"je 132,8-g-Pckg , (1 kg = 30.05)",Aktion,"3,99 €","b'ProduktbeschreibungArtikelnummer 1398793Mit der praktischen XL-Becherportion h\xc3\xa4lt der Kaffeegenuss des Tassimo Jacobs Caff\xc3\xa8 Crema Classico XL noch l\xc3\xa4nger an. Erleben Sie den vollmundigen Geschmack des Jacobs Verw\xc3\xb6hnaromas und die samtige, goldene Crema. \nIhr Lieblingsgetr\xc3\xa4nk - vollautomatisch mit nur einem Knopfdruck zubereitet. \n1 Getr\xc3\xa4nk = 215 ml. Mit der praktischen XL-Becherportion h\xc3\xa4lt der Kaffeegenuss des TASSIMO Jacobs Caff\xc3\xa8 Crema classico XL noch l\xc3\xa4nger an. Erleben Sie den vollmundigen Geschmack des Jacobs Verw\xc3\xb6hnaromas und die samtige, goldene Crema. \nIhr Lieblingsgetr\xc3\xa4nk - vollautomatisch mit nur einem Knopfdruck zubereitet. \n1 Getr\xc3\xa4nk = 215 mlZutaten & AllergeneAllergenhinweise: Enth\xc3\xa4lt: Keine deklarationspflichtigen Allergene enthalten.HinweiseAufbewahrungs- und Verwendungshinweis: Trocken lagern und vor W\xc3\xa4rme sch\xc3\xbctzen.Information: unter Schutzatmosph\xc3\xa4re verpacktArtikeldetailsMarke: TassimoUrsprungsland: DeutschlandSorte: ClassicoKontaktKontaktname: JACOBS DOUWE EGBERTSKontaktadresse: Oosterdoksstraat 80, 1011 DK Amsterdam, The NetherlandsMaximale Bestellmenge: 15 St\xc3\xbcckF\xc3\xbcr die vorstehenden Angaben wird keine Haftung \xc3\xbcbernommen. Bitte pr\xc3\xbcfen Sie im Einzelfall die Angaben auf der jeweiligen Produktverpackung, nur diese sind verbindlich.Das Produktdesign kann von der Abbildung abweichen.'",Berliner Str. 41-49,Rewe,Frühstück,2023-07-09,"Gültig ab morgen bis Samstag, 15.07.2023"
Wasa Milch & Joghurtknäcke,https://img.rewe-static.de/REWE28_2023/7909062/33278373-9_digital-image.png?impolicy=s-offers&imwidth=200&output-format=image/webp,,https://shop.rewe.de/productList?search=1729713,,"je 230-g-Pckg , (1 kg = 8.65)",Aktion,"1,99 €","b'ProduktbeschreibungArtikelnummer 7909062Zutaten & AllergeneZutaten: ROGGENVOLLKORNMEHL (105 g**), entrahmte MILCH (16 g**), JOGHURTPULVER, MOLKENPULVER, Salz. Kann Spuren von SESAMSAMEN enthalten. Die hervorgehobenen Zutaten k\xc3\xb6nnen bei Personen mit Allergien und Unvertr\xc3\xa4glichkeiten Reaktionen verursachen. . **in g pro 100 g ProduktAllergenhinweise: Enth\xc3\xa4lt: Glutenhaltiges Getreide und glutenhaltige Getreideerzeugnisse. Roggen und Roggenerzeugnisse (glutenhaltiges Getreide). Milch und Milcherzeugnisse (einschlie\xc3\x9flich Lactose). Kann enthalten: Sesamsamen und Sesamsamenerzeugnisse.N\xc3\xa4hrwerteDurchschnittliche N\xc3\xa4hrwerteUnzubereitet pro 100 gEnergie1.424 kJEnergie338 kcalFett2 gFett, davon ges\xc3\xa4ttigte Fetts\xc3\xa4uren0,3 gKohlenhydrate60,5 gKohlenhydrate, davon Zucker3,5 gBallaststoffe20 gEiwei\xc3\x9f9,5 gSalz1,15 gHinweiseAufbewahrungs- und Verwendungshinweis: Trocken und vor Licht gesch\xc3\xbctzt aufbewahren.ArtikeldetailsMarke: WasaUrsprungsland: DeutschlandKontaktKontaktname: Barilla Deutschland GmbH, Bereich WasaKontaktadresse: Wasastra\xc3\x9fe 10, D-29229 CelleMaximale Bestellmenge: 15 St\xc3\xbcckF\xc3\xbcr die vorstehenden Angaben wird keine Haftung \xc3\xbcbernommen. Bitte pr\xc3\xbcfen Sie im Einzelfall die Angaben auf der jeweiligen Produktverpackung, nur diese sind verbindlich.Das Produktdesign kann von der Abbildung abweichen.'",Berliner Str. 41-49,Rewe,Frühstück,2023-07-09,"Gültig ab morgen bis Samstag, 15.07.2023"
Wasa Knäckebrot Rustikal,https://img.rewe-static.de/REWE28_2023/1995073/674470-38_digital-image.png?impolicy=s-offers&imwidth=200&output-format=image/webp,,https://shop.rewe.de/productList?search=1729713,,"je 275-g-Pckg , (1 kg = 7.24)",Aktion,"1,99 €","b'ProduktbeschreibungArtikelnummer 1995073Zutaten & AllergeneZutaten: ROGGENVOLLKORNMEHL, ROGGENKLEIE, Salz, Hefe. DIE HERVORGEHOBENEN ZUTATEN K\xc3\x96NNEN BEI PERSONEN MIT ALLERGIEN UND UNVERTR\xc3\x84GLICHKEITEN REAKTIONEN VERURSACHEN.Allergenhinweise: Enth\xc3\xa4lt: Glutenhaltiges Getreide und glutenhaltige Getreideerzeugnisse. Roggen und Roggenerzeugnisse (glutenhaltiges Getreide).N\xc3\xa4hrwerteDurchschnittliche N\xc3\xa4hrwerteUnzubereitet pro 100 gEnergie1.377 kJEnergie327 kcalFett1,5 gFett, davon ges\xc3\xa4ttigte Fetts\xc3\xa4uren0,4 gKohlenhydrate59,3 gKohlenhydrate, davon Zucker1,5 gBallaststoffe20 gEiwei\xc3\x9f9 gSalz1,25 gHinweiseAufbewahrungs- und Verwendungshinweis: Trocken und vor Licht gesch\xc3\xbctzt aufbewahrenArtikeldetailsMarke: WasaUrsprungsland: SchwedenKontaktKontaktname: Barilla Deutschland GmbH, Bereich WasaKontaktadresse: Wasastra\xc3\x9fe 10, D-29229 CelleMaximale Bestellmenge: 15 St\xc3\xbcckF\xc3\xbcr die vorstehenden Angaben wird keine Haftung \xc3\xbcbernommen. Bitte pr\xc3\xbcfen Sie im Einzelfall die Angaben auf der jeweiligen Produktverpackung, nur diese sind verbindlich.Das Produktdesign kann von der Abbildung abweichen.'",Berliner Str. 41-49,Rewe,Frühstück,2023-07-09,"Gültig ab morgen bis Samstag, 15.07.2023"
Mestemacher Wraps,https://img.rewe-static.de/REWE28_2023/8722477/35581003-6_digital-image.png?impolicy=s-offers&imwidth=200&output-format=image/webp,,https://shop.rewe.de/productList?search=1729713,,"versch. Sorten , je 300-g-Pckg , (1 kg = 7.30)",Aktion,"2,19 €","b'ProduktbeschreibungArtikelnummer 8722477Man nehme italienisches Temperament, ein Originalrezept und kaltgepresstes Oliven\xc3\xb6l. Diese Zutaten machen unsere Wraps zu etwas ganz Besonderem!Zutaten & AllergeneZutaten: DINKELMEHL*1), Wasser, natives Oliven\xc3\xb6l extra* (5 %), Sonnenblumen\xc3\xb6l*, Meersalz, nat\xc3\xbcrliches Rosmarinaroma. * aus biologischem Landbau 1)Mit Dinkelmehl aus der EU. Kann Spuren von SOJA und SENF enthalten.Allergenhinweise: Enth\xc3\xa4lt: Glutenhaltiges Getreide und glutenhaltige Getreideerzeugnisse. Dinkel und Dinkelerzeugnisse (glutenhaltiges Getreide). Kann enthalten: Soja und Sojaerzeugnisse. Senf- und Senferzeugnisse.N\xc3\xa4hrwerteDurchschnittliche N\xc3\xa4hrwerteUnzubereitet pro 100 gEnergie1.280 kJEnergie304 kcalFett8,6 gFett, davon ges\xc3\xa4ttigte Fetts\xc3\xa4uren1,1 gKohlenhydrate45,7 gKohlenhydrate, davon Zucker1 gBallaststoffe3,1 gEiwei\xc3\x9f9,5 gSalz1,1 gHinweiseAufbewahrungs- und Verwendungshinweis: K\xc3\xbchl und trocken lagern.ArtikeldetailsMarkeMestemacherEigenschaftenVegan, BioUrsprungslandItalienServiervorschlagNach Belieben f\xc3\xbcllen, z.B. mit Salat oder Geschnetzeltem.\xc3\x96ko KontrollstelleIT-BIO-007Ort der ErzeugungEU-LandwirtschaftKontaktKontaktname: Mestemacher GmbHKontaktadresse: Postfach 2451 - 33254 G\xc3\xbcterslohF\xc3\xbcr die vorstehenden Angaben wird keine Haftung \xc3\xbcbernommen. Bitte pr\xc3\xbcfen Sie im Einzelfall die Angaben auf der jeweiligen Produktverpackung, nur diese sind verbindlich.Das Produktdesign kann von der Abbildung abweichen.'",Berliner Str. 41-49,Rewe,Frühstück,2023-07-09,"Gültig ab morgen bis Samstag, 15.07.2023"
Lavazza Crema e Gusto oder Espresso,https://img.rewe-static.de/REWE28_2023/7713584/29141056-8_digital-image.png?impolicy=s-offers&imwidth=200&output-format=image/webp,,https://shop.rewe.de/productList?search=1729713,,"versch. Sorten , je 250-g-Pckg , (1 kg = 13.96)",Aktion,"3,49 €","b'ProduktbeschreibungArtikelnummer 7713584Die Mischung besteht aus einer Auswahl hochwertiger, rassiger Arabicas (30 %) und Robustas (70 %) und ist ideal f\xc3\xbcr all diejenigen geeignet, die jeden Augenblick des Tages ein intensives Geschmackserlebnis genie\xce\xb2en m\xc3\xb6chten. HinweiseAufbewahrungs- und Verwendungshinweis: trocken lagern.ArtikeldetailsMarke: LavazzaUrsprungsland: ItalienSorte: Crema e GustoKontaktKontaktname: LUIGI LAVAZZA S.p.A.Kontaktadresse: C. SO NOVARA, 59- 10154 TORINO - ITALIAMaximale Bestellmenge: 15 St\xc3\xbcckF\xc3\xbcr die vorstehenden Angaben wird keine Haftung \xc3\xbcbernommen. Bitte pr\xc3\xbcfen Sie im Einzelfall die Angaben auf der jeweiligen Produktverpackung, nur diese sind verbindlich.Das Produktdesign kann von der Abbildung abweichen.'",Berliner Str. 41-49,Rewe,Frühstück,2023-07-09,"Gültig ab morgen bis Samstag, 15.07.2023"
Heinz Mayonnaise,https://img.rewe-static.de/REWE28_2023/8280030/29291195-23_digital-image.png?impolicy=s-offers&imwidth=200&output-format=image/webp,,https://shop.rewe.de/productList?search=1729713,,"je 495-ml-Fl , (1 l = 4.02)",Aktion,"1,99 €","b'ProduktbeschreibungArtikelnummer 8280030Das Original: Die k\xc3\xb6stliche Heinz Mayonnaise \xc3\xbcberzeugt mit ihrem vollmundigen Geschmack und erg\xc3\xa4nzt die unterschiedlichsten Gerichte um eine cremige Note. Die leckere Mayonnaise von Heinz ist aus hochwertigsten Zutaten sowie Eiern aus Freilandhaltung hergestellt und sorgt so f\xc3\xbcr einen besonders frischen Geschmack. Ob zu Kartoffelprodukten, Sandwiches oder als Basis f\xc3\xbcr Salatdressings - ihre feine W\xc3\xbcrze macht die Mayonnaise von Heinz zu einem einmalig cremigen Genuss. Dank der praktischen Dosier\xc3\xb6ffnung ist schnelles und sauberes Dosieren ganz einfach - so wird die gro\xc3\x9fe Squeezeflasche zum Must-have auf jeder Grillparty. Ohne k\xc3\xbcnstliche Farbstoffe und Aromen / Einfache Dosierung / Ideal f\xc3\xbcr Burger, Pommes u. v. m.... mehr anzeigenEcht etwas Besonderes: Eine frisch schmeckende und lecker cremige Mayonnaise, hergestellt aus hochwertigsten Zutaten \xe2\x80\xa6und Eiern aus Freilandhaltung.Zutaten & AllergeneZutaten: Raps\xc3\xb6l 68%, Wasser, pasteurisiertes EIGELB\xe2\x80\xa0 5%, Branntweinessig\xe2\x80\xa0\xe2\x80\xa0, Zucker, St\xc3\xa4rke, Salz, SENFSAMEN, Gew\xc3\xbcrze, Antioxidationsmittel (Calcium-Dinatrium-EDTA). \xe2\x80\xa0Von Eiern aus Freilandhaltung. \xe2\x80\xa0\xe2\x80\xa0\xc3\x96sterreich: Weingeistessig.Allergenhinweise: Enth\xc3\xa4lt: Eier und Eierzeugnisse. Senf- und Senferzeugnisse.N\xc3\xa4hrwerteDurchschnittliche N\xc3\xa4hrwerteUnzubereitet pro 100 gEnergie2.650 kJEnergie644 kcalFett70 gFett, davon ges\xc3\xa4ttigte Fetts\xc3\xa4uren6,7 gKohlenhydrate3 gKohlenhydrate, davon Zucker1,5 gEiwei\xc3\x9f0,8 gSalz1 gHinweiseAufbewahrungs- und Verwendungshinweis: Nach dem \xc3\x96ffnen gek\xc3\xbchlt aufbewahren.ArtikeldetailsMarke: HeinzUrsprungsland: NiederlandeKontaktKontaktname: H. J. Heinz GmbHKontaktadresse: Postfach 14 05 55, 40075 D\xc3\xbcsseldorf, DeutschlandF\xc3\xbcr die vorstehenden Angaben wird keine Haftung \xc3\xbcbernommen. Bitte pr\xc3\xbcfen Sie im Einzelfall die Angaben auf der jeweiligen Produktverpackung, nur diese sind verbindlich.Das Produktdesign kann von der Abbildung abweichen.'",Berliner Str. 41-49,Rewe,Kochen & Backen,2023-07-09,"Gültig ab morgen bis Samstag, 15.07.2023"
Appel Heringsfilets,https://img.rewe-static.de/REWE28_2023/8648160/33102496-7_digital-image.png?impolicy=s-offers&imwidth=200&output-format=image/webp,,https://shop.rewe.de/productList?search=1729713,,"versch. Sorten , je 200-g-Dose , (1 kg = 5.95)",Aktion,"1,19 €","b'ProduktbeschreibungArtikelnummer 8648160Zutaten & AllergeneZutaten: HERINGSFILETS (60%), Tomatenmark (14%), Wasser, Raps\xc3\xb6l, Zucker, Branntweinessig, Verdickungsmittel: Guarkernmehl; Speisesalz, modifizierte St\xc3\xa4rke, Gew\xc3\xbcrze.Allergenhinweise: Enth\xc3\xa4lt: Fisch und Fischerzeugnisse.N\xc3\xa4hrwerteDurchschnittliche N\xc3\xa4hrwerteUnzubereitet pro 100 gEnergie906 kJEnergie218 kcalFett16,1 gFett, davon ges\xc3\xa4ttigte Fetts\xc3\xa4uren2,7 gKohlenhydrate5,2 gKohlenhydrate, davon Zucker4,5 gEiwei\xc3\x9f12 gSalz0,98 gArtikeldetailsMarke: AppelNettof\xc3\xbcllmenge: 200 GUrsprungsland: DeutschlandKontaktKontaktname: Appel Feinkost GmbH & Co. KGKontaktadresse: D-27472 CuxhavenMaximale Bestellmenge: 15 St\xc3\xbcckF\xc3\xbcr die vorstehenden Angaben wird keine Haftung \xc3\xbcbernommen. Bitte pr\xc3\xbcfen Sie im Einzelfall die Angaben auf der jeweiligen Produktverpackung, nur diese sind verbindlich.Das Produktdesign kann von der Abbildung abweichen.'",Berliner Str. 41-49,Rewe,Kochen & Backen,2023-07-09,"Gültig ab morgen bis Samstag, 15.07.2023"
Händlmaier Mittelscharfer Senf,https://img.rewe-static.de/REWE28_2023/8231117/8151880-12_digital-image.png?impolicy=s-offers&imwidth=200&output-format=image/webp,,https://shop.rewe.de/productList?search=1729713,,"je 250-ml-Glas , (1 l = 3.96)",Aktion,"0,99 €","b""ProduktbeschreibungArtikelnummer 8231117Zutaten & AllergeneZutaten: Wasser, SENFSAATEN, Branntweinessig, Speisesalz, Zucker, Gew\xc3\xbcrze, EstragonextraktAllergenhinweise: Enth\xc3\xa4lt: Senf- und Senferzeugnisse.N\xc3\xa4hrwerteDurchschnittliche N\xc3\xa4hrwerteUnzubereitet pro 100 mlEnergie377 kJEnergie90 kcalFett4,9 gFett, davon ges\xc3\xa4ttigte Fetts\xc3\xa4uren0,4 gKohlenhydrate3,4 gKohlenhydrate, davon Zucker2,7 gEiwei\xc3\x9f6 gSalz2,9 gHinweiseAufbewahrungs- und Verwendungshinweis: Nach dem \xc3\xb6ffnen k\xc3\xbchl lagen.ArtikeldetailsMarke: H\xc3\xa4ndlmaier'sUrsprungsland: DeutschlandPackungsgr\xc3\xb6\xc3\x9fe: 250mlKontaktKontaktname: Luise H\xc3\xa4ndlmaier GmbHKontaktadresse: Eschenbacher Stra\xc3\x9fe 2 93057 RegensburgF\xc3\xbcr die vorstehenden Angaben wird keine Haftung \xc3\xbcbernommen. Bitte pr\xc3\xbcfen Sie im Einzelfall die Angaben auf der jeweiligen Produktverpackung, nur diese sind verbindlich.Das Produktdesign kann von der Abbildung abweichen.""",Berliner Str. 41-49,Rewe,Kochen & Backen,2023-07-09,"Gültig ab morgen bis Samstag, 15.07.2023"
Händlmaier Mittelscharfer Senf,https://img.rewe-static.de/REWE28_2023/8231176/3047510-6_digital-image.png?impolicy=s-offers&imwidth=200&output-format=image/webp,,https://shop.rewe.de/productList?search=1729713,,"je 200-ml-Tube , (1 l = 4.95)",Aktion,"0,99 €","b""ProduktbeschreibungArtikelnummer 8231176Zutaten & AllergeneZutaten: Wasser, SENFSAATEN, Branntweinessig, Speisesalz, Zucker, Gew\xc3\xbcrze, Estragonextrakt.Allergenhinweise: Enth\xc3\xa4lt: Senf- und Senferzeugnisse.N\xc3\xa4hrwerteDurchschnittliche N\xc3\xa4hrwerteUnzubereitet pro 100 mlEnergie377 kJEnergie90 kcalFett4,9 gFett, davon ges\xc3\xa4ttigte Fetts\xc3\xa4uren0,4 gKohlenhydrate3,4 gKohlenhydrate, davon Zucker2,7 gEiwei\xc3\x9f6 gSalz2,9 gHinweiseAufbewahrungs- und Verwendungshinweis: Nach dem \xc3\x96ffnen k\xc3\xbchl lagern.ArtikeldetailsMarke: H\xc3\xa4ndlmaier'sUrsprungsland: DeutschlandPackungsgr\xc3\xb6\xc3\x9fe: 200mlKontaktKontaktname: Luise H\xc3\xa4ndlmaier GmbHKontaktadresse: Eschenbacher Str. 293057 RegensburgF\xc3\xbcr die vorstehenden Angaben wird keine Haftung \xc3\xbcbernommen. Bitte pr\xc3\xbcfen Sie im Einzelfall die Angaben auf der jeweiligen Produktverpackung, nur diese sind verbindlich.Das Produktdesign kann von der Abbildung abweichen.""",Berliner Str. 41-49,Rewe,Kochen & Backen,2023-07-09,"Gültig ab morgen bis Samstag, 15.07.2023"
Kölln Schoko Müsli,https://img.rewe-static.de/REWE28_2023/7894490/1202580-76_digital-image.png?impolicy=s-offers&imwidth=200&output-format=image/webp,,https://shop.rewe.de/productList?search=1729713,,"je 2000-g-Pckg , (1 kg = 3.25)",Aktion,"6,49 €","b'ProduktbeschreibungArtikelnummer 7894490K\xc3\xb6lln M\xc3\xbcsli f\xc3\xbcr Schoko-Freunde\r\nErn\xc3\xa4hrungsexperten sind sich einig. Das allmorgendliche Fr\xc3\xbchst\xc3\xbcck ist wichtig, denn ein Auff\xc3\xbcllen der \xe2\x80\x9eReserven\xe2\x80\x9c bildet jetzt die Grundlage f\xc3\xbcr den Start in den Tag. Dar\xc3\xbcber hinaus bietet die Zeit am Fr\xc3\xbchst\xc3\xbcckstisch eine besondere Gelegenheit, sich auf die kommenden Stunden einzustimmen.\r\nNicht zuf\xc3\xa4llig machte Dr. Bircher-Benner den Hafer zur Grundlage f\xc3\xbcr seine ber\xc3\xbchmte \xe2\x80\x9eErfindung\xe2\x80\x9c: das M\xc3\xbcsli. Denn Hafer ist mit seinem nussigen Geschmack das ideale Fr\xc3\xbchst\xc3\xbccksgetreide. K\xc3\xb6lln M\xc3\xbcslis basieren auf K\xc3\xb6llnflocken und weisen dadurch immer einen nennenswerten Gehalt an Vollkorn-Hafer auf. Ob gleich am Morgen oder zwischendurch, ob schokoladig, mit N\xc3\xbcssen oder in Kombination mit Fr\xc3\xbcchten \xe2\x80\x93 K\xc3\xb6lln bietet vielerlei M\xc3\xb6glichkeiten f\xc3\xbcr ein \xe2\x80\x9eGute-Laune-Fr\xc3\xbchst\xc3\xbcck\xe2\x80\x9c.\r\n\r\nK\xc3\xb6lln Schoko Hafer-M\xc3\xbcsli - das Original ! - einfach schokoladig lecker!\r\nEnde der 1970er Jahre nahmen wir das beliebte Fr\xc3\xbchst\xc3\xbcck \xe2\x80\x9eK\xc3\xb6llnflocken mit Kakao und Milch\xe2\x80\x9c auf \xe2\x80\x93 und erfanden so das Schoko M\xc3\xbcsli. Eine Kombination aus Bl\xc3\xbctenzarten K\xc3\xb6llnflocken, Echten K\xc3\xb6lln Kernigen, K\xc3\xb6lln Schokofleks und Haselnusskrokant. Diese M\xc3\xbcsli-Spezialit\xc3\xa4t erh\xc3\xa4lt ihre besondere Note durch einen Anteil von 20 % Vollmilch- und Zartbitterschokolade. Bis heute hat kein anderes K\xc3\xb6lln M\xc3\xbcsli hat so viele Fans wie das Original!Zutaten & AllergeneZutaten: Vollkorn-HAFERflocken (58 %), Zucker, Kakaomasse*, Vollkorn-HAFERmehl (4 %), Karamellsirup, WEIZENmehl, VollMILCHpulver, Kakaobutter*, gehackte HASELNUSSKERNE, fettarmes Kakaopulver*, S\xc3\xbc\xc3\x9fMOLKEnpulver, Maisst\xc3\xa4rke, GERSTEnmalzextrakt, Invertzuckersirup, Speisesalz, Emulgator Lecithine. *Rainforest Alliance-zertifiziert  Hinweis f\xc3\xbcr Allergiker Kann weitere Schalenfr\xc3\xbcchte enthalten.Allergenhinweise: Enth\xc3\xa4lt: Glutenhaltiges Getreide und glutenhaltige Getreideerzeugnisse. Milch und Milcherzeugnisse (einschlie\xc3\x9flich Lactose). Haselnuss und Haselnusserzeugnisse. Hafer und Hafererzeugnisse (glutenhaltiges Getreide). Gerste und Gerstenerzeugnisse (glutenhaltiges Getreide). Weizen und Weizenerzeugnisse (glutenhaltiges Getreide). Kann enthalten: N\xc3\xbcsse und Nusserzeugnisse.N\xc3\xa4hrwerteDurchschnittliche N\xc3\xa4hrwerteUnzubereitet pro 100 gEnergie1.705 kJEnergie406 kcalFett11 gFett, davon ges\xc3\xa4ttigte Fetts\xc3\xa4uren4,7 gKohlenhydrate61 gKohlenhydrate, davon Zucker22 gBallaststoffe9,1 gEiwei\xc3\x9f11 gSalz0,25 gThiamin0,24 mgPhosphor322 mgMagnesium127 mgEisen4,6 mgZink2,3 mgHinweiseAufbewahrungs- und Verwendungshinweis: Vor W\xc3\xa4rme gesch\xc3\xbctzt und trocken lagern. Beutel nach dem \xc3\x96ffnen wieder gut verschlie\xc3\x9fen.Information: F\xc3\xbcllstand technisch bedingt.ArtikeldetailsMarke: K\xc3\xb6llnUrsprungsland: DeutschlandKontaktKontaktname: Peter K\xc3\xb6lln GmbH & Co. KGaAKontaktadresse: Westerstra\xc3\x9fe 22-24 25336 Elmshorn, DeutschlandMaximale Bestellmenge: 15 St\xc3\xbcckF\xc3\xbcr die vorstehenden Angaben wird keine Haftung \xc3\xbcbernommen. Bitte pr\xc3\xbcfen Sie im Einzelfall die Angaben auf der jeweiligen Produktverpackung, nur diese sind verbindlich.Das Produktdesign kann von der Abbildung abweichen.'",Berliner Str. 41-49,Rewe,Kochen & Backen,2023-07-09,"Gültig ab morgen bis Samstag, 15.07.2023"
Heinz Tomato Ketchup,https://img.rewe-static.de/REWE28_2023/7817568/23317171-10_digital-image.png?impolicy=s-offers&imwidth=200&output-format=image/webp,,https://shop.rewe.de/productList?search=1729713,,"je 500-ml-Fl , (1 l = 3.98)",Aktion,"1,99 €","b'ProduktbeschreibungArtikelnummer 7817568Tradition seit 1889: Der k\xc3\xb6stliche Tomatenketchup von Heinz \xc3\xbcberzeugt seit Generationen mit seinem einzigartigen, intensiven Geschmack und sorgt f\xc3\xbcr puren Genuss. Nach traditionellem Originalrezept: In Heinz Ketchup steckt der unverwechselbare Geschmack sonnengereifter Tomaten und feiner W\xc3\xbcrze, der sich bei jedem Essen im Mund entfaltet. Ob zu Pommes Frites, saftigen Spie\xc3\x9fen oder k\xc3\xb6stlichen Meatballs, der Klassiker von Heinz verfeinert zahlreiche Snacks und Gerichte mit einer fruchtig-w\xc3\xbcrzigen Note. Durch der praktischen Dosier\xc3\xb6ffnung ist schnelles und sauberes Dosieren ganz einfach - so wird die gro\xc3\x9fe Kopfsteher-Squeezeflasche zum Must-have auf jeder Grillparty. Ohne Konservierungsstoffe und Verdickungsmittel / Nur mit nat\xc3\xbcrlichen Aromen / Ideal f\xc3\xbcr W\xc3\xbcrstchen, Pommes, Gem\xc3\xbcse u. v. m.... mehr anzeigenDer tomatig-fruchtige Klassiker mit der feinen W\xc3\xbcrze nach traditionellem Originalrezept.Zutaten & AllergeneZutaten: Tomaten (148 g pro 100 g Tomaten Ketchup), Branntweinessig*, Zucker, Salz, Gew\xc3\xbcrz- und Kr\xc3\xa4uterextrakte (enth\xc3\xa4lt SELLERIE), Gew\xc3\xbcrz. *\xc3\x96sterreich: Weingeistessig.Allergenhinweise: Enth\xc3\xa4lt: Sellerie und Sellerieerzeugnisse.N\xc3\xa4hrwerteDurchschnittliche N\xc3\xa4hrwerteUnzubereitet pro 100 gEnergie435 kJEnergie102 kcalFett0,1 gFett, davon ges\xc3\xa4ttigte Fetts\xc3\xa4uren< 0,1 gKohlenhydrate23,2 gKohlenhydrate, davon Zucker22,2 gEiwei\xc3\x9f1,2 gSalz1,8 gHinweiseAufbewahrungs- und Verwendungshinweis: Nach dem \xc3\x96ffnen gek\xc3\xbchlt aufbewahren.ArtikeldetailsMarke: HeinzUrsprungsland: NiederlandeKontaktKontaktname: H.J. Heinz GmbHKontaktadresse: Postfach 14 05 55, 40075 D\xc3\xbcsseldorf, DeutschlandF\xc3\xbcr die vorstehenden Angaben wird keine Haftung \xc3\xbcbernommen. Bitte pr\xc3\xbcfen Sie im Einzelfall die Angaben auf der jeweiligen Produktverpackung, nur diese sind verbindlich.Das Produktdesign kann von der Abbildung abweichen.'",Berliner Str. 41-49,Rewe,Kochen & Backen,2023-07-09,"Gültig ab morgen bis Samstag, 15.07.2023"
REWE Beste Wahl Thymian,https://img.rewe-static.de/REWE28_2023/8414795/31134576-11_digital-image.png?impolicy=s-offers&imwidth=200&output-format=image/webp,,https://shop.rewe.de/productList?search=1729713,,"gerebelt , je 16-g-Glas , (1 kg = 86.88)",Aktion,"1,39 €","b""ProduktbeschreibungArtikelnummer 8414795Zutaten & AllergeneZutaten:  Kann Spuren von Gluten, Senf und Sellerie enthalten.HinweiseAufbewahrungshinweise: Trocken und k\xc3\xbchl lagern. Vor Licht sch\xc3\xbctzen.Verwendungshinweise: Trocken lagern. Vor W\xc3\xa4rme sch\xc3\xbctzen.ArtikeldetailsMarke: REWE Beste WahlUrsprungsland: BelgienKontaktKontaktname: ISFI SPICES S.A.Kontaktadresse: 20, avenue de l'industrie, 1420 Braine- l`Alleud, BelgienMaximale Bestellmenge: 15 St\xc3\xbcckF\xc3\xbcr die vorstehenden Angaben wird keine Haftung \xc3\xbcbernommen. Bitte pr\xc3\xbcfen Sie im Einzelfall die Angaben auf der jeweiligen Produktverpackung, nur diese sind verbindlich.Das Produktdesign kann von der Abbildung abweichen.""",Berliner Str. 41-49,Rewe,Kochen & Backen,2023-07-09,"Gültig ab morgen bis Samstag, 15.07.2023"
REWE Beste Wahl Oregano,https://img.rewe-static.de/REWE28_2023/8013483/31140217-20_digital-image.png?impolicy=s-offers&imwidth=200&output-format=image/webp,,https://shop.rewe.de/productList?search=1729713,,"gerebelt , je 11-g-Glas , (1 kg = 126.36)",Aktion,"1,39 €","b""ProduktbeschreibungArtikelnummer 8013483Zutaten & AllergeneZutaten: Oregano, gerebelt   Kann Spuren von Gluten, Soja, Schalenfr\xc3\xbcchten, Erdn\xc3\xbcssen, Senf, Sellerie und Sesam enthalten.HinweiseAufbewahrungshinweise: Trocken lagern. Vor W\xc3\xa4rme sch\xc3\xbctzen.Verwendungshinweise: Trocken lagern. Vor W\xc3\xa4rme sch\xc3\xbctzen.ArtikeldetailsMarke: REWE Beste WahlKontaktKontaktname: ISFI SPICES S.A.Kontaktadresse: 20, avenue de l'industrie, 1420 Braine- l`Alleud, BelgienMaximale Bestellmenge: 15 St\xc3\xbcckF\xc3\xbcr die vorstehenden Angaben wird keine Haftung \xc3\xbcbernommen. Bitte pr\xc3\xbcfen Sie im Einzelfall die Angaben auf der jeweiligen Produktverpackung, nur diese sind verbindlich.Das Produktdesign kann von der Abbildung abweichen.""",Berliner Str. 41-49,Rewe,Kochen & Backen,2023-07-09,"Gültig ab morgen bis Samstag, 15.07.2023"
REWE Beste Wahl Spaghetti oder Linguine,https://img.rewe-static.de/REWE28_2023/2632428/24971043-33_digital-image.png?impolicy=s-offers&imwidth=200&output-format=image/webp,,https://shop.rewe.de/productList?search=1729713,,"je 500-g-Btl , (1 kg = 1.98)",Aktion,"0,99 €","b'ProduktbeschreibungArtikelnummer 2632428Zutaten & AllergeneZutaten: HARTWEIZENGRIESS  Kann Spuren von Soja enthalten.Allergenhinweise: Glutenhaltiges Getreide (Weizen, Gerste, Roggen, Hafer, Dinkel, Kamut oder Hybridst\xc3\xa4mme)N\xc3\xa4hrwerteDurchschnittliche N\xc3\xa4hrwertepro 100 gEnergie1.550 kJEnergie366 kcalFett1,3 gFett, davon ges\xc3\xa4ttigte Fetts\xc3\xa4uren0,2 gKohlenhydrate73 gKohlenhydrate, davon Zucker3 gEiwei\xc3\x9f14 gSalz< 0,01 gHinweiseVerwendungshinweise: Trocken lagern. Vor W\xc3\xa4rme sch\xc3\xbctzen.ArtikeldetailsMarke: REWE Beste WahlUrsprungsland: ItalienKontaktKontaktname: Pastificio Antonio Pallante S. R. LKontaktadresse: Stabilimento e direzione SS 87 km22, Capodrise (Ce), 81020, ItalienMaximale Bestellmenge: 15 St\xc3\xbcckF\xc3\xbcr die vorstehenden Angaben wird keine Haftung \xc3\xbcbernommen. Bitte pr\xc3\xbcfen Sie im Einzelfall die Angaben auf der jeweiligen Produktverpackung, nur diese sind verbindlich.Das Produktdesign kann von der Abbildung abweichen.'",Berliner Str. 41-49,Rewe,Kochen & Backen,2023-07-09,"Gültig ab morgen bis Samstag, 15.07.2023"
REWE Beste Wahl Italienisches Natives Olivenöl Extra,https://img.rewe-static.de/REWE28_2023/8425181/31525366-13_digital-image.png?impolicy=s-offers&imwidth=200&output-format=image/webp,,https://shop.rewe.de/productList?search=1729713,,"je 500-ml-Fl , (1 l = 9.98)",Aktion,"4,99 €","b'ProduktbeschreibungArtikelnummer 8425181Zutaten & AllergeneZutaten: keineN\xc3\xa4hrwerteDurchschnittliche N\xc3\xa4hrwertepro 100 mlEnergie3.378 kJEnergie822 kcalFett91,3 gFett, davon ges\xc3\xa4ttigte Fetts\xc3\xa4uren12 gKohlenhydrate0 gKohlenhydrate, davon Zucker0 gEiwei\xc3\x9f0 gSalz0 gHinweiseAufbewahrungshinweise: Bei Lagerung unter 6 \xc2\xb0C kann sich eine Eintr\xc3\xbcbung bzw. Flockenbildung ergeben. Das ist ein normaler Vorgang und das \xc3\x96l wird bei Raumtemperatur und durch Sch\xc3\xbctteln wieder klar. K\xc3\xbchl und lichtgesch\xc3\xbctzt aufbewahren.ArtikeldetailsMarke: REWE Beste WahlUrsprungsland: ItalienKontaktKontaktname: BLM Prod.- und Vertriebsges. mbH & Co. KKontaktadresse: G; Neue Str. 21, 21244 Buchholz, DeutschlandMaximale Bestellmenge: 15 St\xc3\xbcckF\xc3\xbcr die vorstehenden Angaben wird keine Haftung \xc3\xbcbernommen. Bitte pr\xc3\xbcfen Sie im Einzelfall die Angaben auf der jeweiligen Produktverpackung, nur diese sind verbindlich.Das Produktdesign kann von der Abbildung abweichen.'",Berliner Str. 41-49,Rewe,Kochen & Backen,2023-07-09,"Gültig ab morgen bis Samstag, 15.07.2023"
Develey Feinkost Sauce,https://img.rewe-static.de/REWE28_2023/2103004/21963541-38_digital-image.png?impolicy=s-offers&imwidth=200&output-format=image/webp,,https://shop.rewe.de/productList?search=1729713,,"versch. Sorten , je 250-ml-Fl , (1 l = 5.16)",Aktion,"1,29 €","b'ProduktbeschreibungArtikelnummer 2103004Zutaten & AllergeneZutaten: Glucose-Fructose-Sirup, Fruchtmark (Aprikose, Pfirsich), Trinkwasser, Zucker, Branntweinessig, modifizierte Maisst\xc3\xa4rke, SOJASAUCE (Wasser, SOJABOHNEN, WEIZEN, Salz), Salz, Raps\xc3\xb6l, Ananassaftkonzentrat, Verdickungsmittel (Xanthan), Gew\xc3\xbcrze (mit SELLERIE), nat\xc3\xbcrliches Aroma.Allergenhinweise: Enth\xc3\xa4lt: Weizen und Weizenerzeugnisse (glutenhaltiges Getreide). Glutenhaltiges Getreide und glutenhaltige Getreideerzeugnisse. Soja und Sojaerzeugnisse. Sellerie und Sellerieerzeugnisse.N\xc3\xa4hrwerteDurchschnittliche N\xc3\xa4hrwerteUnzubereitet pro 100 mlEnergie864 kJEnergie204 kcalFett1,3 gFett, davon ges\xc3\xa4ttigte Fetts\xc3\xa4uren0,1 gKohlenhydrate45,9 gKohlenhydrate, davon Zucker40,5 gBallaststoffe0,8 gEiwei\xc3\x9f0,6 gSalz1,7 gArtikeldetailsMarke: DeveleyUrsprungsland: DeutschlandKontaktKontaktname: Develey Senf & Feinkost GmbHKontaktadresse: D-82001 Unterhaching/M\xc3\xbcnchenF\xc3\xbcr die vorstehenden Angaben wird keine Haftung \xc3\xbcbernommen. Bitte pr\xc3\xbcfen Sie im Einzelfall die Angaben auf der jeweiligen Produktverpackung, nur diese sind verbindlich.Das Produktdesign kann von der Abbildung abweichen.'",Berliner Str. 41-49,Rewe,Kochen & Backen,2023-07-09,"Gültig ab morgen bis Samstag, 15.07.2023"
REWE Beste Wahl Risottoreis,https://img.rewe-static.de/REWE28_2023/1421084/24233250-25_digital-image.png?impolicy=s-offers&imwidth=200&output-format=image/webp,,https://shop.rewe.de/productList?search=1729713,,"je 500-g-Btl , (1 kg = 2.98)",Aktion,"1,49 €","b'ProduktbeschreibungArtikelnummer 1421084REWE Beste Wahl Risotto Reis ist ein ausgesuchter Langkornreis, der sich besonders gut f\xc3\xbcr Risottogerichte, Paellas und andere mediterrane Gerichte eignet.\n\nHergestellt f\xc3\xbcr: REWE Markt GmbH, D-50603 K\xc3\xb6ln. N\xc3\xa4hrwerteDurchschnittliche N\xc3\xa4hrwertepro 100 gEnergie1.405 kJEnergie331 kcalFett1,3 gFett, davon ges\xc3\xa4ttigte Fetts\xc3\xa4uren0,4 gKohlenhydrate72 gKohlenhydrate, davon Zucker0,3 gEiwei\xc3\x9f6,9 gSalz< 0 gHinweiseVerwendungshinweise: Trocken und k\xc3\xbchl lagern. Vor Licht sch\xc3\xbctzen.ArtikeldetailsMarke: REWE Beste WahlNettof\xc3\xbcllmenge: 0 GRKontaktKontaktname: Riso Scotti S.P.A.Kontaktadresse: via Angelo Scotti n. 2, 27100 PaviaMaximale Bestellmenge: 15 St\xc3\xbcckF\xc3\xbcr die vorstehenden Angaben wird keine Haftung \xc3\xbcbernommen. Bitte pr\xc3\xbcfen Sie im Einzelfall die Angaben auf der jeweiligen Produktverpackung, nur diese sind verbindlich.Das Produktdesign kann von der Abbildung abweichen.'",Berliner Str. 41-49,Rewe,Kochen & Backen,2023-07-09,"Gültig ab morgen bis Samstag, 15.07.2023"
REWE Beste Wahl Snack Tomaten,https://img.rewe-static.de/REWE28_2023/8353795/30453551-16_digital-image.png?impolicy=s-offers&imwidth=200&output-format=image/webp,,https://shop.rewe.de/productList?search=1729713,,"je 150-g-Pckg , (1 kg = 10.60)",Aktion,"1,59 €","b'ProduktbeschreibungArtikelnummer 8353795Zutaten & AllergeneZutaten: Halbgetrocknete Tomaten 96%, Meersalz 3%, S\xc3\xa4uerungsmittel (Citronens\xc3\xa4ure, Essigs\xc3\xa4ure). Zusatzstoffe: E 260, E 330N\xc3\xa4hrwerteDurchschnittliche N\xc3\xa4hrwertepro 100 gEnergie423 kJEnergie100 kcalFett0,8 gFett, davon ges\xc3\xa4ttigte Fetts\xc3\xa4uren0,3 gKohlenhydrate14,2 gKohlenhydrate, davon Zucker12,1 gEiwei\xc3\x9f6,2 gSalz3 gHinweiseAufbewahrungshinweise: Nach dem \xc3\x96ffnen k\xc3\xbchl und trocken lagern und innerhalb von 2 Wochen verzehren.Verwendungshinweise: Trocken lagern. Vor W\xc3\xa4rme sch\xc3\xbctzen.ArtikeldetailsMarke: REWE Beste WahlNettof\xc3\xbcllmenge: 150 GUrsprungsland: GriechenlandKontaktKontaktname: K. Iraklidis & S\xc3\xb6hne A.G.Kontaktadresse: Industriestr. 1, Korinos Pierias, 60062, GriechenlandMaximale Bestellmenge: 15 St\xc3\xbcckF\xc3\xbcr die vorstehenden Angaben wird keine Haftung \xc3\xbcbernommen. Bitte pr\xc3\xbcfen Sie im Einzelfall die Angaben auf der jeweiligen Produktverpackung, nur diese sind verbindlich.Das Produktdesign kann von der Abbildung abweichen.'",Berliner Str. 41-49,Rewe,Kochen & Backen,2023-07-09,"Gültig ab morgen bis Samstag, 15.07.2023"
REWE Beste Wahl Geschälte Tomaten,https://img.rewe-static.de/REWE28_2023/1044599/22190183-28_digital-image.png?impolicy=s-offers&imwidth=200&output-format=image/webp,,https://shop.rewe.de/productList?search=1729713,,"in Tomatensaft , je 400-g-Dose , (1 kg = 3.29) , 240-g-Abtropfgew.",Aktion,"0,79 €","b'ProduktbeschreibungArtikelnummer 1044599Hergestellt f\xc3\xbcr: REWE Markt GmbH, D-50603 K\xc3\xb6ln. Zutaten & AllergeneZutaten: Tomaten, Tomatensaft.  N\xc3\xa4hrwerteDurchschnittliche N\xc3\xa4hrwertepro 100 gEnergie95 kJEnergie22 kcalFett0,1 gFett, davon ges\xc3\xa4ttigte Fetts\xc3\xa4uren< 0,1 gKohlenhydrate3,4 gKohlenhydrate, davon Zucker3,4 gEiwei\xc3\x9f1,2 gSalz0,1 gHinweiseAufbewahrungshinweise: Nach dem \xc3\x96ffnen in einen nicht-metallischen Beh\xc3\xa4lter umf\xc3\xbcllen, gek\xc3\xbchlt lagern und innerhalb weniger Tage verzehren.Verwendungshinweise: Trocken lagern, bei RaumtemperaturArtikeldetailsMarke: REWE Beste WahlNettof\xc3\xbcllmenge: 400 GUrsprungsland: ItalienAbtropfgewicht: 240 gKontaktKontaktname: LA FORMICA s.r.l.Kontaktadresse: Via Orta Longa trav. sa R. Lancia55, Scafati, 84018, ItalienMaximale Bestellmenge: 15 St\xc3\xbcckF\xc3\xbcr die vorstehenden Angaben wird keine Haftung \xc3\xbcbernommen. Bitte pr\xc3\xbcfen Sie im Einzelfall die Angaben auf der jeweiligen Produktverpackung, nur diese sind verbindlich.Das Produktdesign kann von der Abbildung abweichen.'",Berliner Str. 41-49,Rewe,Kochen & Backen,2023-07-09,"Gültig ab morgen bis Samstag, 15.07.2023"
Ben’s Original Express Reis,https://img.rewe-static.de/REWE28_2023/8922362/38852794-8_digital-image.png?impolicy=s-offers&imwidth=200&output-format=image/webp,,https://shop.rewe.de/productList?search=1729713,,"versch. Sorten , je 220-g-Pckg , (1 kg = 5.41)",Knaller,"1,19 €","b""ProduktbeschreibungArtikelnummer 8922362Schonend dampfgegarter Spitzen-Langkornreis mit Tomaten und Kr\xc3\xa4utern im 220g Beutel f\xc3\xbcr 1 bis 2 Personen. BEN'S ORIGINAL\xe2\x84\xa2 Reis kann im Frischebeutel, ohne weiteres Gef\xc3\xa4\xc3\x9f, einfach und bequem in 2 Minuten in der Mikrowelle erhitzt werden.Zutaten & AllergeneZutaten: dampfgegarter, parboiled Langkornreis (86%), doppelt konzentriertes Tomatenmark (5.9%), Sonnenblumen\xc3\xb6l, Tomatenpulver (2.5%), Basilikum, nat\xc3\xbcrliches Aroma, Salz, Zucker, Hefeextrakt, Zwiebelpulver, Kr\xc3\xa4uter, S\xc3\xa4uerungsmittel (Citronens\xc3\xa4ure), Knoblauchpulver, Gew\xc3\xbcrze.Allergenhinweise: Enth\xc3\xa4lt: Keine deklarationspflichtigen Allergene enthalten.N\xc3\xa4hrwerteDurchschnittliche N\xc3\xa4hrwerteUnzubereitet pro 100 gEnergie713 kJEnergie169 kcalFett3,3 gFett, davon ges\xc3\xa4ttigte Fetts\xc3\xa4uren0,2 gKohlenhydrate30 gKohlenhydrate, davon Zucker2,5 gBallaststoffe1,4 gEiwei\xc3\x9f3,8 gSalz0,55 gHinweiseAufbewahrungs- und Verwendungshinweis: Trocken und bei Zimmertemperatur lagern. Ge\xc3\xb6ffnet 3 Tage im K\xc3\xbchlschrank haltbar.Information: Unter Schutzatmosph\xc3\xa4re verpackt.ArtikeldetailsMarke: Ben's OriginalUrsprungsland: GrossbritannienKontaktKontaktname: Mars GmbHKontaktadresse: Postfach 1280, 27281 Verden (Aller)Maximale Bestellmenge: 15 St\xc3\xbcckF\xc3\xbcr die vorstehenden Angaben wird keine Haftung \xc3\xbcbernommen. Bitte pr\xc3\xbcfen Sie im Einzelfall die Angaben auf der jeweiligen Produktverpackung, nur diese sind verbindlich.Das Produktdesign kann von der Abbildung abweichen.""",Berliner Str. 41-49,Rewe,Kochen & Backen,2023-07-09,"Gültig ab morgen bis Samstag, 15.07.2023"
Barilla Pasta,https://img.rewe-static.de/REWE28_2023/6653839/20768970-25_digital-image.png?impolicy=s-offers&imwidth=200&output-format=image/webp,,https://shop.rewe.de/productList?search=1729713,,"versch. Ausformungen , je 500-g-Pckg , (1 kg = 1.90)",Knaller,"0,95 €","b'ProduktbeschreibungArtikelnummer 6653839Fusilli erschienen in ihrer heutigen Form zuerst in S\xc3\xbcditalien und sind urspr\xc3\xbcnglich der Idee entsprungen, Spaghetti auf einer Stricknadel aufzuwickeln. Erst sp\xc3\xa4ter, bedingt durch die unterschiedlichen geschmacklichen Gewohnheiten in den verschiedenen italienischen Regionen, entstanden Fusilli als eigenst\xc3\xa4ndige Sorte. Im Rahmen des Sortiments von Barilla - Italiens beliebtester Pasta - wurde die Pastasorte Fusilli neu interpretiert und erhielt ihre charakteristische Spiralform, die f\xc3\xbcr die Tradition von Mittel- und Norditalien typisch ist.... mehr anzeigenZutaten & AllergeneZutaten: HARTWEIZENGRIESS, Wasser. Kann Spuren von Sojabohnen enthalten.Allergenhinweise: Enth\xc3\xa4lt: Weizen und Weizenerzeugnisse (glutenhaltiges Getreide). Glutenhaltiges Getreide und glutenhaltige Getreideerzeugnisse. Kann enthalten: Soja und Sojaerzeugnisse.N\xc3\xa4hrwerteDurchschnittliche N\xc3\xa4hrwerteUnzubereitet pro 100 gEnergie1.521 kJEnergie359 kcalFett2 gFett, davon ges\xc3\xa4ttigte Fetts\xc3\xa4uren0,5 gKohlenhydrate71,2 gKohlenhydrate, davon Zucker3,5 gBallaststoffe3 gEiwei\xc3\x9f12,5 gSalz0,013 gHinweiseAufbewahrungs- und Verwendungshinweis: Trocken und vor W\xc3\xa4rme gesch\xc3\xbctzt lagern.ArtikeldetailsMarke: BarillaUrsprungsland: ItalienKontaktKontaktname: Barilla G. e R. Fratelli - Societ\xc3\xa0 per AzioniKontaktadresse: Via Mantova 166, Parma - ItalyF\xc3\xbcr die vorstehenden Angaben wird keine Haftung \xc3\xbcbernommen. Bitte pr\xc3\xbcfen Sie im Einzelfall die Angaben auf der jeweiligen Produktverpackung, nur diese sind verbindlich.Das Produktdesign kann von der Abbildung abweichen.'",Berliner Str. 41-49,Rewe,Kochen & Backen,2023-07-09,"Gültig ab morgen bis Samstag, 15.07.2023"
Knorr Salat Krönung,https://img.rewe-static.de/REWE28_2023/7177137/27325102-22_digital-image.png?impolicy=s-offers&imwidth=200&output-format=image/webp,,https://shop.rewe.de/productList?search=1729713,,"versch. Sorten , je 5er-Pckg",Aktion,"0,69 €","b""ProduktbeschreibungArtikelnummer 7177137- Mit Knorr Salatkr\xc3\xb6nung Vinaigrette Dill-Kr\xc3\xa4uter einfach und schnell ein leckeres Salatdressing zaubern \n - Mit Kr\xc3\xa4utern aus nachhaltigem Anbau \n - Raffinierter und fein abgestimmmter Dill-Geschmack \n - Ohne Farbstoffe und geschmacksverst\xc3\xa4rkende Zusatzstoffe \n - Einfache Zubereitung: Etwas Wasser und \xc3\x96l mit Knorr Salatkr\xc3\xb6nung verr\xc3\xbchren, fertig! \n - Gelingt im Handumdrehen Knorr Salatkr\xc3\xb6nung Dill-Kr\xc3\xa4uter ist f\xc3\xbcr alle Fans des w\xc3\xbcrzigen Dill-Geschmacks die richtige Wahl. Die Mischung aus Dill und aromatischen Gew\xc3\xbcrzen eignet sich besonders gut f\xc3\xbcr jede Art von Gurkensalat. \n\nZubereitung \xe2\x80\x93 so einfach geht's: 3 EL Wasser und 3 EL Oliven\xc3\xb6l mit Knorr Salatkr\xc3\xb6nung verr\xc3\xbchren. Das Salatdressing zum Lieblingssalat geben. Fertig!\n\nMit den vielen Variationen der Knorr Salatkr\xc3\xb6nung das perfekte Zusammenspiel von Kr\xc3\xa4utern erleben. Die w\xc3\xbcrzigen Gartenkr\xc3\xa4uter verleihen Salaten mit wenigen Handgriffen einen feinen, aromatischen Geschmack. Knorr Salatdressings und Vinaigrettes bereitet man ganz einfach zu: Entweder selbst anr\xc3\xbchren oder \xe2\x80\x93 f\xc3\xbcr einen noch schnelleren Salatgenuss \xe2\x80\x93 zu servierfertigen Salatkr\xc3\xb6nungen in der Flasche greifen. Anschlie\xc3\x9fend nur noch das Dressing zum Lieblingssalat geben \xe2\x80\x93 und die Salatkr\xc3\xb6nung genie\xc3\x9fen!\n\nSind schon die vielen weiteren Produkte von Knorr bekannt? Dank der Fix-Produkte, So\xc3\x9fen, Fertiggerichten, Suppen, Salatdressings, Br\xc3\xbchen und Bouillons gelingt jedes Gericht garantiert mit wenigen Handgriffen. Schnell und einfach erhalten so authentische Mahlzeiten ihren typischen Geschmack \xe2\x80\x93 egal, ob abwechslungsreiche vegetarische oder vegane K\xc3\xbcche, herzhafte Fleischgerichte oder leckere Gem\xc3\xbcsevariationen. Dabei ist es die Komposition ausgew\xc3\xa4hlter hochwertiger Zutaten, die jedes Knorr Produkt besonders macht. Knorr verarbeitet nur sorgf\xc3\xa4ltig schonend getrocknete Zutaten, denn das Trocknen ist eine der \xc3\xa4ltesten Methoden, um Lebensmittel nat\xc3\xbcrlich haltbar zu machen. Da der Geschmack und die Hauptn\xc3\xa4hrstoffe der frischen Zutaten weitgehend erhalten bleiben, passen Lebensmittel aus getrockneten Zutaten perfekt in unseren stressigen Alltag. Essen mit Knorr ist unkompliziert und sorgt dar\xc3\xbcber hinaus f\xc3\xbcr ein gutes Gef\xc3\xbchl: 95 Prozent unserer Gem\xc3\xbcse und Kr\xc3\xa4uter stammen heute schon aus nachhaltigem Anbau. Denn wir bei Knorr glauben, dass die Verwendung nachhaltig angebauter und beschaffter Zutaten einen gro\xc3\x9fen Unterschied f\xc3\xbcr den Geschmack unserer Produkte, das Wohlbefinden der Landwirte und die Zukunft des Planeten macht. Knorr. Gutes, einfach lecker!\n\n*Nat\xc3\xbcrliche Zutaten sind mit einem Sternchen in der Zutatenliste gekennzeichnetZutaten & AllergeneZutaten: Zucker\xc2\xb9, jodiertes Speisesalz, St\xc3\xa4rke\xc2\xb9, 8,3% Kr\xc3\xa4uter (5% Dill\xc2\xb9\xc2\xb2, Petersilie\xc2\xb9\xc2\xb2, Schnittlauch\xc2\xb9\xc2\xb2), S\xc3\xa4ureregulator Natriumdiacetat3, S\xc3\xa4uerungsmittel Citronens\xc3\xa4ure, Zitrusfaser\xc2\xb9, MILCHZUCKER, Maiskeim\xc3\xb6l\xc2\xb9, 1,6% gemahlene SENFK\xc3\x96RNER\xc2\xb9, 0,9% Zwiebeln, Pfeffer\xc2\xb9, Zitronensaftpulver\xc2\xb9, Speisesalz, Aromen. Kann Ei, Sellerie, Soja, glutenhaltige Getreide enthalten. \xc2\xb9Nat\xc3\xbcrliche Zutaten sind mit einem Sternchen gekennzeichnet. \xc2\xb2aus nachhaltigem Anbau. 3Salz der Essigs\xc3\xa4ure.Allergenhinweise: Enth\xc3\xa4lt: Milchzucker (Laktose).N\xc3\xa4hrwerteDurchschnittliche N\xc3\xa4hrwerteZubereitet pro 100 mlEnergie1.775 kJEnergie424 kcalFett45 gFett, davon ges\xc3\xa4ttigte Fetts\xc3\xa4uren4,1 gKohlenhydrate4,9 gKohlenhydrate, davon Zucker3,7 gBallaststoffe0,7 gEiwei\xc3\x9f< 0,5 gSalz2,1 gArtikeldetailsMarke: KnorrUrsprungsland: DeutschlandKontaktKontaktname: Unilever DeutschlandKontaktadresse: Postfach 570 550, 22774 HamburgMaximale Bestellmenge: 15 St\xc3\xbcckF\xc3\xbcr die vorstehenden Angaben wird keine Haftung \xc3\xbcbernommen. Bitte pr\xc3\xbcfen Sie im Einzelfall die Angaben auf der jeweiligen Produktverpackung, nur diese sind verbindlich.Das Produktdesign kann von der Abbildung abweichen.""",Berliner Str. 41-49,Rewe,Kochen & Backen,2023-07-09,"Gültig ab morgen bis Samstag, 15.07.2023"
Knorr Feinschmecker Suppe,https://img.rewe-static.de/REWE28_2023/8184772/28407667-16_digital-image.png?impolicy=s-offers&imwidth=200&output-format=image/webp,,https://shop.rewe.de/productList?search=1729713,,"versch. Sorten, ausreichend für 500 ml , je Btl",Aktion,"0,79 €","b'ProduktbeschreibungArtikelnummer 8184772- Knorr Feinschmecker Spargel Cremesuppe aus wei\xc3\x9fem Spargel - das schmeckt nach Fr\xc3\xbchling \n - Besonders cremig und mit vielen leckeren Spargelst\xc3\xbcckchen \n - Mit nachhaltig angebautem Spargel \n - Schnelle und einfache Zubereitung \n - Nat\xc3\xbcrlich ohne geschmacksverst\xc3\xa4rkende Zusatzstoffe, Konservierungsstoffe und Farbstoffe \n - Inhalt reicht f\xc3\xbcr 500 ml (2 Teller) Probieren Sie die Knorr Feinschmecker Spargel Cremesuppe: besonders cremige Spargelsuppe aus wei\xc3\x9fem Spargel - das schmeckt nach Fr\xc3\xbchling! Mit nachhaltig angebautem Spargel.\n\nZubereitung:\nBeutelinhalt mit einem Schneebesen in 0,5 l (500 ml) kochendes Wasser einr\xc3\xbchren. 5Minuten k\xc3\xb6cheln lassen. Ab und zu umr\xc3\xbchren.\n\nSuppen f\xc3\xbcr Feinschmecker: Die Knorr Feinschmecker Suppen bieten f\xc3\xbcr jeden Geschmack das passende Gericht und sind im Handumdrehen angerichtet. Sanft getrocknetes Gem\xc3\xbcse, Kr\xc3\xa4uter und Gew\xc3\xbcrze zeichnen die schnell zubereiteten Suppen aus. Die besonders cremigen Feinschmecker Suppen gelingen garantiert und begeistern die ganze Familie.\n\nKennen Sie schon die vielen weiteren Produkte von Knorr? Dank unserer Fix-Produkte, Br\xc3\xbchen, Saucen, Fertiggerichten, Suppen und Salatdressings gelingt jedes Gericht garantiert mit wenigen Handgriffen. Schnell und einfach erhalten so authentische Mahlzeiten ihren typischen Geschmack \xe2\x80\x93 egal, ob abwechslungsreiche vegetarische oder vegane K\xc3\xbcche, herzhafte Fleischgerichte oder leckere Gem\xc3\xbcsevariationen. Dabei ist es die Komposition ausgew\xc3\xa4hlter hochwertiger Zutaten, die jedes Knorr Produkt besonders macht. Knorr verarbeitet nur sorgf\xc3\xa4ltig schonend getrocknete Zutaten, denn das Trocknen ist eine der \xc3\xa4ltesten Methoden, um Lebensmittel nat\xc3\xbcrlich haltbar zu machen. Da der Geschmack und die N\xc3\xa4hrstoffe der frischen Zutaten weitgehend erhalten bleiben, passen Lebensmittel aus getrockneten Zutaten perfekt in unseren stressigen Alltag. Essen mit Knorr ist unkompliziert und sorgt dar\xc3\xbcber hinaus f\xc3\xbcr ein gutes Gef\xc3\xbchl: \xc3\x9cber 90 Prozent der Zutaten kommen heute schon aus nachhaltigem Anbau. Denn wir bei Knorr glauben, dass die Verwendung nachhaltig angebauter und beschaffter Zutaten einen gro\xc3\x9fen Unterschied f\xc3\xbcr den Geschmack unserer Produkte, das Wohlbefinden der Landwirte und die Zukunft des Planeten macht. Knorr \xe2\x80\x93 Geschmack mit gutem Gef\xc3\xbchl.Zutaten & AllergeneZutaten: Mehl (WEIZEN, Reis), Palm\xc3\xb6l, St\xc3\xa4rke, 10% wei\xc3\x9fer Spargel\xc2\xb2 (Pulver, St\xc3\xbccke), jodiertes Speisesalz, Hefeextrakt, Zucker, Speisesalz, Glukosesirup, MILCHEIWEISS, Zitronensaftpulver, Aromen, Kurkuma, Petersilienwurzel\xc2\xb2, Lorbeerbl\xc3\xa4tter. Kann Ei, Sellerie, Senf, Soja, andere glutenhaltige Getreide enthalten. \xc2\xb2 Aus nachhaltigem Anbau.Allergenhinweise: Enth\xc3\xa4lt: Weizen und Weizenerzeugnisse (glutenhaltiges Getreide).N\xc3\xa4hrwerteDurchschnittliche N\xc3\xa4hrwerteZubereitet pro 100 mlEnergie182 kJEnergie44 kcalFett2,2 gFett, davon ges\xc3\xa4ttigte Fetts\xc3\xa4uren1,4 gKohlenhydrate4,6 gKohlenhydrate, davon Zucker0,7 gBallaststoffe< 0,5 gEiwei\xc3\x9f1,1 gSalz0,81 gArtikeldetailsMarke: KnorrEigenschaften: VegetarischUrsprungsland: PolenKontaktKontaktname: Unilever DeutschlandKontaktadresse: Postfach 570 550, 22774 HamburgMaximale Bestellmenge: 15 St\xc3\xbcckF\xc3\xbcr die vorstehenden Angaben wird keine Haftung \xc3\xbcbernommen. Bitte pr\xc3\xbcfen Sie im Einzelfall die Angaben auf der jeweiligen Produktverpackung, nur diese sind verbindlich.Das Produktdesign kann von der Abbildung abweichen.'",Berliner Str. 41-49,Rewe,Kochen & Backen,2023-07-09,"Gültig ab morgen bis Samstag, 15.07.2023"
Barilla Pesto Basilico Vegan,https://img.rewe-static.de/REWE28_2023/3263361/26586190-10_digital-image.png?impolicy=s-offers&imwidth=200&output-format=image/webp,,https://shop.rewe.de/productList?search=1729713,,"je 195-g-Glas , (1 kg = 10.21)",Aktion,"1,99 €","b'ProduktbeschreibungArtikelnummer 3263361Zutaten & AllergeneZutaten: Basilikum 35,6%, pflanzliche \xc3\x96le (Olive, Sonnenblume), CASHEWKERNE, Glukosesirup, Wasser, modifizierte Maisst\xc3\xa4rke, Salz, nat\xc3\xbcrliche Aromen, natives Oliven\xc3\xb6l extra, Zucker, S\xc3\xa4ureregulator Milchs\xc3\xa4ure. Kann Spuren von anderen Schalenfr\xc3\xbcchten (Hartschalenobst) enthalten.Allergenhinweise: Enth\xc3\xa4lt: Kaschunuss und Kaschunusserzeugnisse. Kann enthalten: N\xc3\xbcsse und Nusserzeugnisse.N\xc3\xa4hrwerteDurchschnittliche N\xc3\xa4hrwerteUnzubereitet pro 100 gEnergie1.780 kJEnergie431 kcalFett41 gFett, davon ges\xc3\xa4ttigte Fetts\xc3\xa4uren5,5 gKohlenhydrate12 gKohlenhydrate, davon Zucker3,3 gBallaststoffe2 gEiwei\xc3\x9f2,5 gSalz3 gHinweiseAufbewahrungs- und Verwendungshinweis: Nach dem \xc3\x96ffnen gek\xc3\xbchlt 5 Tage haltbar.ArtikeldetailsMarke: BarillaEigenschaften: Vegan, Vegetarisch, LaktosefreiUrsprungsland: ItalienKontaktKontaktname: Barilla G. e R. Fratelli - Societ\xc3\xa0 per AzioniKontaktadresse: Via Mantova 166, Parma - ItalyMaximale Bestellmenge: 15 St\xc3\xbcckF\xc3\xbcr die vorstehenden Angaben wird keine Haftung \xc3\xbcbernommen. Bitte pr\xc3\xbcfen Sie im Einzelfall die Angaben auf der jeweiligen Produktverpackung, nur diese sind verbindlich.Das Produktdesign kann von der Abbildung abweichen.'",Berliner Str. 41-49,Rewe,Kochen & Backen,2023-07-09,"Gültig ab morgen bis Samstag, 15.07.2023"
Barilla Pesto alla Genovese,https://img.rewe-static.de/REWE28_2023/4840313/35802412-13_digital-image.png?impolicy=s-offers&imwidth=200&output-format=image/webp,,https://shop.rewe.de/productList?search=1729713,,"je 190-g-Glas , (1 kg = 10.47)",Aktion,"1,99 €","b'ProduktbeschreibungArtikelnummer 4840313Zutaten & AllergeneZutaten: pflanzliche \xc3\x96le (Olive, Sonnenblume), frisches Basilikum 30%, CASHEWKERNE, Parmigiano Reggiano g.U. K\xc3\xa4se 5% (MILCH), Maisfaser, Molkepulver (MILCH), Salz, MILCHeiweiss, natives Oliven\xc3\xb6l extra, Zucker, Basilikumextrakt, nat\xc3\xbcrliche Aromen (MILCH), S\xc3\xa4ureregulator: Milchs\xc3\xa4ure, Knoblauch. Kann Spuren von anderen Schalenfr\xc3\xbcchten (Hartschalenobst) enthalten.Allergenhinweise: Enth\xc3\xa4lt: Milch und Milcherzeugnisse (einschlie\xc3\x9flich Lactose). N\xc3\xbcsse und Nusserzeugnisse. Kaschunuss und Kaschunusserzeugnisse.N\xc3\xa4hrwerteDurchschnittliche N\xc3\xa4hrwerteUnzubereitet pro 100 gEnergie1.989 kJEnergie482 kcalFett46 gFett, davon ges\xc3\xa4ttigte Fetts\xc3\xa4uren7,1 gKohlenhydrate9,8 gKohlenhydrate, davon Zucker5,5 gBallaststoffe5 gEiwei\xc3\x9f4,7 gSalz3,25 gHinweiseAufbewahrungs- und Verwendungshinweis: Nach dem \xc3\x96ffnen gek\xc3\xbchlt 5 Tage haltbar.ArtikeldetailsMarke: BarillaUrsprungsland: ItalienKontaktKontaktname: Barilla G. e R. Fratelli S.p.A.Kontaktadresse: Via Mantova 166, Parma - ItalyMaximale Bestellmenge: 15 St\xc3\xbcckF\xc3\xbcr die vorstehenden Angaben wird keine Haftung \xc3\xbcbernommen. Bitte pr\xc3\xbcfen Sie im Einzelfall die Angaben auf der jeweiligen Produktverpackung, nur diese sind verbindlich.Das Produktdesign kann von der Abbildung abweichen.'",Berliner Str. 41-49,Rewe,Kochen & Backen,2023-07-09,"Gültig ab morgen bis Samstag, 15.07.2023"
Knorr Feinschmecker 3 Pfeffer Sauce,https://img.rewe-static.de/REWE28_2023/3665399/1159810-80_digital-image.png?impolicy=s-offers&imwidth=200&output-format=image/webp,,https://shop.rewe.de/productList?search=1729713,,"je 40-g-Btl , (1 kg = 17.25)",Aktion,"0,69 €","b'ProduktbeschreibungArtikelnummer 3665399- wunderbar cremig mit feiner Pfeffernote \n - mit gr\xc3\xbcnen, schwarzen und wei\xc3\x9fen Pfefferk\xc3\xb6rnern \n - nat\xc3\xbcrlich ohne geschmacksverst\xc3\xa4rkende Zusatzstoffe und Farbstoffe \n - ohne Konservierungsstoffe (lt. Gesetz) \n - schnelle und einfache Zubereitung Knorr Feinschmecker 3 Pfeffer Sauce ist eine fein abgestimmte Saucenkomposition mit einem angenehm w\xc3\xbcrzigen Geschmack und gr\xc3\xbcnem, schwarzen und rosa Pfeffer. Diese w\xc3\xbcrzige Pfeffersauce passt ideal zu allem Kurzgebratenem und auch perfekt z.B. zu Gerichten mit Pilzen und Blumenkohl. Die Sauce ist nat\xc3\xbcrlich ohne geschmacksverst\xc3\xa4rkende Zusatzstoffe, ohne Farbstoffe und ohne Konservierungsstoffe lt. Gesetz. \n\nKnorr Feinschmecker 3 Pfeffer Sauce:\n1) Beutelinhalt mit dem Schneebesen in 250 ml kaltes Wasser einr\xc3\xbchren. Unter R\xc3\xbchren aufkochen.\n2) Bei schwacher Hitze 1 Minute kochen. Gelegentlich umr\xc3\xbchren.\nMit Sahne verfeinern f\xc3\xbcr einen noch cremigeren Geschmack - Genuss pur!\n\nSaucen f\xc3\xbcr Feinschmecker: Die Knorr Feinschmecker Saucen bieten f\xc3\xbcr jeden Geschmack die passende Variante: Sauce Hollandaise zu Spargel oder Gem\xc3\xbcse, Bratensauce f\xc3\xbcr Bratengerichte, 3 Pfeffer Sauce zu Steak und Kurzgebratenem, Pfefferso\xc3\x9fe oder Dillsauce f\xc3\xbcr Fischgerichte. Im Handumdrehen zubereitet verfeinern die Saucen jedes Gericht und begeistern somit die ganze Familie.\n\nSind schon die vielen weiteren Produkte von Knorr bekannt? Dank der Fix-Produkte, So\xc3\x9fen, Fertiggerichten, Suppen, Salatdressings, Br\xc3\xbchen und Bouillons gelingt jedes Gericht garantiert mit wenigen Handgriffen. Schnell und einfach erhalten so authentische Mahlzeiten ihren typischen Geschmack \xe2\x80\x93 egal, ob abwechslungsreiche vegetarische oder vegane K\xc3\xbcche, herzhafte Fleischgerichte oder leckere Gem\xc3\xbcsevariationen. Dabei ist es die Komposition ausgew\xc3\xa4hlter hochwertiger Zutaten, die jedes Knorr Produkt besonders macht. Knorr verarbeitet nur sorgf\xc3\xa4ltig schonend getrocknete Zutaten, denn das Trocknen ist eine der \xc3\xa4ltesten Methoden, um Lebensmittel nat\xc3\xbcrlich haltbar zu machen. Da der Geschmack und die Hauptn\xc3\xa4hrstoffe der frischen Zutaten weitgehend erhalten bleiben, passen Lebensmittel aus getrockneten Zutaten perfekt in unseren stressigen Alltag. Essen mit Knorr ist unkompliziert und sorgt dar\xc3\xbcber hinaus f\xc3\xbcr ein gutes Gef\xc3\xbchl: 95 Prozent unserer Gem\xc3\xbcse und Kr\xc3\xa4uter stammen heute schon aus nachhaltigem Anbau. Denn wir bei Knorr glauben, dass die Verwendung nachhaltig angebauter und beschaffter Zutaten einen gro\xc3\x9fen Unterschied f\xc3\xbcr den Geschmack unserer Produkte, das Wohlbefinden der Landwirte und die Zukunft des Planeten macht. Knorr. Gutes, nat\xc3\xbcrlich lecker.Zutaten & AllergeneZutaten: Palm\xc3\xb6l, St\xc3\xa4rke, WEIZENMEHL, Maltodextrin, Aromen, Glukosesirup, jodiertes Speisesalz, 3% Pfeffermischung (gr\xc3\xbcner Pfeffer, schwarzer Pfeffer, rosa Pfeffer) Kochsalzersatz3, MILCHEIWEISS, Zucker, Karamellzuckersirup, W\xc3\xbcrze, Hefeextrakt, Speisesalz, Schnittlauch2. Kann Sellerie, Ei, Senf, andere glutenhaltige Getreide, Soja enthalten. 2aus nachhaltigem Anbau. 3gewonnen aus nat\xc3\xbcrlichen Kaliummineralien.Allergenhinweise: Enth\xc3\xa4lt: Weizen und Weizenerzeugnisse (glutenhaltiges Getreide).N\xc3\xa4hrwerteDurchschnittliche N\xc3\xa4hrwerteZubereitet pro 100 mlEnergie325 kJEnergie78 kcalFett4,5 gFett, davon ges\xc3\xa4ttigte Fetts\xc3\xa4uren2,8 gKohlenhydrate8,3 gKohlenhydrate, davon Zucker0,6 gBallaststoffe< 0,5 gEiwei\xc3\x9f0,9 gSalz0,99 gArtikeldetailsMarke: KnorrUrsprungsland: DeutschlandKontaktKontaktname: Unilever DeutschlandKontaktadresse: Postfach 570 550, 22774 HamburgMaximale Bestellmenge: 15 St\xc3\xbcckF\xc3\xbcr die vorstehenden Angaben wird keine Haftung \xc3\xbcbernommen. Bitte pr\xc3\xbcfen Sie im Einzelfall die Angaben auf der jeweiligen Produktverpackung, nur diese sind verbindlich.Das Produktdesign kann von der Abbildung abweichen.'",Berliner Str. 41-49,Rewe,Kochen & Backen,2023-07-09,"Gültig ab morgen bis Samstag, 15.07.2023"
Knorr Feinschmecker Sauce Hollandaise Klassisch,https://img.rewe-static.de/REWE28_2023/4615263/14092570-53_digital-image.png?impolicy=s-offers&imwidth=200&output-format=image/webp,,https://shop.rewe.de/productList?search=1729713,,"je 35-g-Btl , (1 kg = 19.71)",Aktion,"0,69 €","b'ProduktbeschreibungArtikelnummer 4615263- wird mit feiner Butter zum besonderen Genuss f\xc3\xbcr jeden Feinschmecker \n - klassische Saucen-Rezeptur \n - nat\xc3\xbcrlich ohne geschmacksverst\xc3\xa4rkende Zusatzstoffe und Farbstoffe \n - ohne Konservierungsstoffe (lt. Gesetz) \n - schnelle und einfache Zubereitung Mit der Knorr Feinschmecker Sauce Hollandaise klassisch wird das Spargelessen zum unvergesslichen Erlebnis. Der beliebte Klassiker zur Spargelsaison ist ein zart-cremiger Saucengenuss mit feinem Geschmack und passt neben Spargel hervorragend zu Brokkoli und Fisch. Durch die Zugabe von Butter wird die helle Sauce zu einem besonderen Genuss f\xc3\xbcr jeden Feinschmecker. Die So\xc3\x9fe ist vegetarisch und nat\xc3\xbcrlich ohne geschmacksverst\xc3\xa4rkende Zusatzstoffe und ohne Farbstoffe.\n\nZubereitung:\n1) Beutelinhalt mit dem Schneebesen in 125 ml kaltes Wasser einr\xc3\xbchren. Unter R\xc3\xbchren aufkochen.\n2) Bei schwacher Hitze 125 g gew\xc3\xbcrfelte Butter darunter schlagen, bis sie geschmolzen ist.\nMit Sahne verfeinern f\xc3\xbcr einen noch cremigeren Geschmack - Genuss pur!\n\nSaucen f\xc3\xbcr Feinschmecker: Die Knorr Feinschmecker Saucen bieten f\xc3\xbcr jeden Geschmack die passende Variante: Sauce Hollandaise zu Spargel oder Gem\xc3\xbcse, Pfeffersauce zu Steak und Kurzgebratenem oder Dillsauce f\xc3\xbcr Fischgerichte. Im Handumdrehen zubereitet verfeinern die Saucen jedes Gericht und begeistern somit die ganze Familie. Mmmhh, lecker!\n\nSind schon die vielen weiteren Produkte von Knorr bekannt? Dank der Fix-Produkte, Saucen, Fertiggerichte, Suppen, Salatdressings, Br\xc3\xbchen und Bouillons gelingt jedes Gericht garantiert mit wenigen Handgriffen. Schnell und einfach erhalten authentische Mahlzeiten so ihren typischen Geschmack \xe2\x80\x93 egal, ob abwechslungsreiche vegetarische oder vegane K\xc3\xbcche, herzhafte Fleischgerichte oder leckere Gem\xc3\xbcsevariationen. Dabei ist es die Komposition ausgew\xc3\xa4hlter hochwertiger Zutaten, die jedes Knorr Produkt besonders macht. Knorr verarbeitet nur sorgf\xc3\xa4ltig schonend getrocknete Zutaten, denn das Trocknen ist eine der \xc3\xa4ltesten Methoden, um Lebensmittel nat\xc3\xbcrlich haltbar zu machen. Da der Geschmack und die Hauptn\xc3\xa4hrstoffe der frischen Zutaten weitgehend erhalten bleiben, passen Lebensmittel aus getrockneten Zutaten perfekt in unseren stressigen Alltag. Essen mit Knorr ist unkompliziert und sorgt dar\xc3\xbcber hinaus f\xc3\xbcr ein gutes Gef\xc3\xbchl: 95 Prozent unserer Gem\xc3\xbcse und Kr\xc3\xa4uter stammen heute schon aus nachhaltigem Anbau. Denn wir bei Knorr glauben, dass die Verwendung nachhaltig angebauter und beschaffter Zutaten einen gro\xc3\x9fen Unterschied f\xc3\xbcr den Geschmack unserer Produkte, das Wohlbefinden der Landwirte und die Zukunft des Planeten macht. \nKnorr. Gutes, einfach lecker.Zutaten & AllergeneZutaten: St\xc3\xa4rke, Palm\xc3\xb6l, Maltodextrin, 12% EIGELBPULVER, jodiertes Speisesalz, MILCHEIWEISS, Hefeextrakt, Glukosesirup, Zucker, Zitronensaftpulver, MILCHZUCKER, WEIZENMEHL, Kochsalzersatz\xc2\xb2, Speisesalz, Wei\xc3\x9fweinextrakt, nat\xc3\xbcrliches Aroma, Kurkuma. Kann Sellerie, Senf, andere glutenhaltige Getreide, Soja enthalten. \xc2\xb2gewonnen aus nat\xc3\xbcrlichen Kaliummineralien.Allergenhinweise: Enth\xc3\xa4lt: Milchzucker (Laktose). Weizen und Weizenerzeugnisse (glutenhaltiges Getreide).N\xc3\xa4hrwerteDurchschnittliche N\xc3\xa4hrwerteZubereitet pro 100 mlEnergie1.784 kJEnergie427 kcalFett44 gFett, davon ges\xc3\xa4ttigte Fetts\xc3\xa4uren28 gKohlenhydrate7 gKohlenhydrate, davon Zucker1,3 gBallaststoffe< 0,5 gEiwei\xc3\x9f1,6 gSalz0,95 gArtikeldetailsMarke: KnorrEigenschaften: VegetarischUrsprungsland: DeutschlandSorte: KlassischKontaktKontaktname: Unilever DeutschlandKontaktadresse: Postfach 570 550, 22774 HamburgMaximale Bestellmenge: 15 St\xc3\xbcckF\xc3\xbcr die vorstehenden Angaben wird keine Haftung \xc3\xbcbernommen. Bitte pr\xc3\xbcfen Sie im Einzelfall die Angaben auf der jeweiligen Produktverpackung, nur diese sind verbindlich.Das Produktdesign kann von der Abbildung abweichen.'",Berliner Str. 41-49,Rewe,Kochen & Backen,2023-07-09,"Gültig ab morgen bis Samstag, 15.07.2023"
Pfanni Kartoffel Püree,https://img.rewe-static.de/REWE28_2023/0184764/20324257-50_digital-image.png?impolicy=s-offers&imwidth=200&output-format=image/webp,,https://shop.rewe.de/productList?search=1729713,,"das Lockere , je 240-g-Pckg , (1 kg = 4.13)",Aktion,"0,99 €","b'ProduktbeschreibungArtikelnummer 184764- 3 x 3 Portionen Pfanni Kartoffelp\xc3\xbcree der Klassiker besonders locker im praktischen Portionsbeutel. \n - Besonders lockeres P\xc3\xbcree mit Vollmilch und Rama. \n - Schnelle und einfache Zubereitung. \n - Aus 100% deutschen, nachhaltig angebauten, Kartoffeln. \n - Ideal zu Fisch, Fleisch und Gem\xc3\xbcse. Ein P\xc3\xbcree, das auf der Zunge zergeht. So fein sind die Flocken, die f\xc3\xbcr dieses P\xc3\xbcree verwendet werden. Da ist schon die Zubereitung ein wahres Gedicht: Flocken in hei\xc3\x9fes Wasser rieseln lassen, Milch zugeben, umr\xc3\xbchren und ein St\xc3\xbcck Rama auf der cremig-lockeren Decke zerflie\xc3\x9fen lassen. Fast zu sch\xc3\xb6n, um wahr zu sein!\nDie Pfanni Kartoffelp\xc3\xbcrees gelingen immer ausgezeichnet und schmecken wie handgemacht. Dies liegt insbesondere an den deutschen Kartoffeln, die von unseren Vertragsbauern nachhaltig angebaut und schonend zu P\xc3\xbcree verarbeitet werden. Das ist Qualit\xc3\xa4t die man schmeckt!\nDas Kartoffelp\xc3\xbcree \xe2\x80\x9eDAS LOCKERE\xe2\x80\x9c zeichnet sich durch seine zarten Kartoffelflocken aus, die mit Hilfe von 150 ml Vollmilch und etwas Rama zu einem cremigen Kartoffelp\xc3\xbcree verschmelzen. Das lockere P\xc3\xbcree ist bei den Kleinen besonders beliebt, l\xc3\xa4sst aber auch die Gro\xc3\x9fen in Kindheitserinnerungen schwelgen. \nEinfache und schnelle Zubereitung: 1.Aufkochen: 350 ml Wasser mit einem halben Teel\xc3\xb6ffel Salz (2 g) und 10 g Rama aufkochen. 2. Abk\xc3\xbchlen: Topf vom Herd nehmen und 150 ml kalte Vollmilch dazugeben. 3.Anr\xc3\xbchren: Die P\xc3\xbcreeflocken mit einem Kochl\xc3\xb6ffel kurz einr\xc3\xbchren. 4.Anrichten: Das P\xc3\xbcree 1 \xe2\x80\x93 2 Minuten ruhen lassen und vor dem Servieren noch kurz umr\xc3\xbchren. Guten Appetit!\nUnser Beitrag f\xc3\xbcr Nachhaltigkeit: Pfanni Kartoffeln werden von unseren Vertragsbauern nachhaltig angebaut und f\xc3\xbcr den optimalen N\xc3\xa4hrstoffgehalt und Geschmack nur saisongerecht geerntet. 100% deutsche Kartoffeln aus nachhaltiger Landwirtschaft \xe2\x80\x93 f\xc3\xbcr den besonders leckeren Pfanni Geschmack.Zutaten & AllergeneZutaten: 99% Kartoffeln\xc2\xb2, Emulgator Mono- und Diglyceride von Speisefetts\xc3\xa4uren, Stabilisator Diphosphat, Aromen, Antioxidationsmittel NATRIUMMETABISULFIT. Kann Spuren von Milch enthalten. \xc2\xb2aus nachhaltigem AnbauN\xc3\xa4hrwerteDurchschnittliche N\xc3\xa4hrwerteZubereitet pro 100 gEnergie257 kJEnergie61 kcalFett1,2 gFett, davon ges\xc3\xa4ttigte Fetts\xc3\xa4uren0,6 gKohlenhydrate10 gKohlenhydrate, davon Zucker1,7 gBallaststoffe1,4 gEiwei\xc3\x9f2,1 gSalz0,4 gHinweiseAufbewahrungs- und Verwendungshinweis: Nach \xc3\x96ffnung ist der Packungsinhalt im wieder verschlossenen Beutel k\xc3\xbchl und trocken mindestens 3 Wochen haltbar.Information: Unter Schutzatmosph\xc3\xa4re verpackt.ArtikeldetailsMarke: PfanniUrsprungsland: DeutschlandKontaktKontaktname: Unilever DeutschlandKontaktadresse: Postfach 570 307, 22772 HamburgMaximale Bestellmenge: 15 St\xc3\xbcckF\xc3\xbcr die vorstehenden Angaben wird keine Haftung \xc3\xbcbernommen. Bitte pr\xc3\xbcfen Sie im Einzelfall die Angaben auf der jeweiligen Produktverpackung, nur diese sind verbindlich.Das Produktdesign kann von der Abbildung abweichen.'",Berliner Str. 41-49,Rewe,Kochen & Backen,2023-07-09,"Gültig ab morgen bis Samstag, 15.07.2023"
Pfanni Kartoffel Püree,https://img.rewe-static.de/REWE28_2023/8004013/1775000-84_digital-image.png?impolicy=s-offers&imwidth=200&output-format=image/webp,,https://shop.rewe.de/productList?search=1729713,,"das Komplette , je 283,5-g-Pckg , (1 kg = 3.49)",Aktion,"0,99 €","b'ProduktbeschreibungArtikelnummer 8004013- 3 x 3 Portionen Pfanni Kartoffelp\xc3\xbcree mit entrahmter Milch Komplett im praktischen Portionsbeutel. \n - Kartoffelp\xc3\xbcree mit entrahmter Milch einfach mit Wasser mischen \xe2\x80\x93 fertig ist der Genuss! \n - Schnelle und einfache Zubereitung. \n - Aus 100% deutschen, nachhaltig angebauten, Kartoffeln. \n - Ideal zu Fisch, Fleisch und Gem\xc3\xbcse. Das Kartoffel P\xc3\xbcree Das Komplette mit entrahmter Milch zeichnet sich durch seine schnelle Zubereitung aus. Einfach T\xc3\xbcte aufrei\xc3\x9fen und die feinen Kartoffelflocken in hei\xc3\x9fes Wasser einr\xc3\xbchren. Die Milch ist da schon drin \xe2\x80\x93 und der gute Geschmack sowieso. Das Kartoffelp\xc3\xbcree mit entrahmter Milch ist bei den Kleinen besonders beliebt, l\xc3\xa4sst aber auch die Gro\xc3\x9fen in Kindheitserinnerungen schwelgen. Denn wer mag den allseits beliebten Kartoffelbrei nicht? Es ist ein zeitloses Kartoffelgericht, das einfach jedem schmeckt \xe2\x80\x93 egal wann.                                                     \n\nDie Pfanni Kartoffelp\xc3\xbcrees gelingen immer ausgezeichnet und schmecken wie handgemacht. Dies liegt insbesondere daran, dass jede einzelne Kartoffel f\xc3\xbcr dieses Kartoffelp\xc3\xbcree aus Deutschland kommt und nachhaltig angebaut ist. Das ist Qualit\xc3\xa4t, die man schmeckt!  \n                                                                                                                                                                                                                                                                                                             \nBesonders genial ist die einfache und schnelle Zubereitung, mit der man in Windeseile ein leckeres Kartoffelp\xc3\xbcree zaubern kann: 1. Aufkochen: 400 ml Wasser aufkochen. 2. Abk\xc3\xbchlen: Den Topf vom Herd nehmen und 100 ml kaltes Wasser einr\xc3\xbchren. 3. Anr\xc3\xbchren: Die P\xc3\xbcreeflocken mit einem Kochl\xc3\xb6ffel einr\xc3\xbchren. 4. Anrichten: Nach 1 - 2 Minuten noch mal durchr\xc3\xbchren und servieren. Guten Appetit!\n                                                                                                                                                                                                                                                                                                  Unser Beitrag f\xc3\xbcr Nachhaltigkeit: Pfanni Kartoffeln werden von unseren Vertragsbauern nachhaltig angebaut und f\xc3\xbcr den optimalen N\xc3\xa4hrstoffgehalt und Geschmack nur saisongerecht geerntet. 100% deutsche Kartoffeln aus nachhaltiger Landwirtschaft \xe2\x80\x93 f\xc3\xbcr den besonders leckeren Pfanni Geschmack.Zutaten & AllergeneZutaten: 85% Kartoffeln\xc2\xb2, Palm\xc3\xb6l, 4,3% MAGERMILCHPULVER, Speisesalz, Glukosesirup, Emulgator Mono- und Diglyceride von Speisefetts\xc3\xa4uren, MILCHEIWEISS, Aromen. \xc2\xb2aus nachhaltigem AnbauN\xc3\xa4hrwerteDurchschnittliche N\xc3\xa4hrwerteZubereitet pro 100 gEnergie238 kJEnergie57 kcalFett1 gFett, davon ges\xc3\xa4ttigte Fetts\xc3\xa4uren0,6 gKohlenhydrate11 gKohlenhydrate, davon Zucker0,8 gBallaststoffe1,4 gEiwei\xc3\x9f1,5 gSalz0,53 gHinweiseAufbewahrungs- und Verwendungshinweis: Nach \xc3\x96ffnung ist der Packungsinhalt im wieder verschlossenen Beutel k\xc3\xbchl und trocken mindestens 3 Wochen haltbar.Information: Unter Schutzatmosph\xc3\xa4re verpackt.ArtikeldetailsMarke: PfanniEigenschaften: VegetarischUrsprungsland: DeutschlandKontaktKontaktname: Unilever DeutschlandKontaktadresse: Postfach 570 307, 22772 HamburgMaximale Bestellmenge: 15 St\xc3\xbcckF\xc3\xbcr die vorstehenden Angaben wird keine Haftung \xc3\xbcbernommen. Bitte pr\xc3\xbcfen Sie im Einzelfall die Angaben auf der jeweiligen Produktverpackung, nur diese sind verbindlich.Das Produktdesign kann von der Abbildung abweichen.'",Berliner Str. 41-49,Rewe,Kochen & Backen,2023-07-09,"Gültig ab morgen bis Samstag, 15.07.2023"
Knorr Tomaten Ketchup,https://img.rewe-static.de/REWE28_2023/2360602/23631618-17_digital-image.png?impolicy=s-offers&imwidth=200&output-format=image/webp,,https://shop.rewe.de/productList?search=1729713,,"je 430-ml-Fl , (1 l = 3.47)",Aktion,"1,49 €","b'ProduktbeschreibungArtikelnummer 2360602\xe2\x80\xa2 Knorr Tomaten Ketchup mit 100% nat\xc3\xbcrlichen Zutaten \n\xe2\x80\xa2 Ketchup aus nachhaltig angebauten Tomaten \n\xe2\x80\xa2 Ketchup ohne Konservierungsstoffe und ohne Geschmacksverst\xc3\xa4rker \n\xe2\x80\xa2 Das Knorr Tomaten Ketchup ist f\xc3\xbcr Veganer geeignet \n\xe2\x80\xa2 Tomaten-Ketchup ohne Farbstoffe (lt. Gesetz) \n\xe2\x80\xa2 Grillsauce in der praktischen 430 ml Squeeze-Flasche von Knorr f\xc3\xbcr besonders einfaches Dosieren Der Knorr Tomaten Ketchup mit 100% nat\xc3\xbcrlichen Zutaten erh\xc3\xa4lt seinen besonderen fruchtigen Geschmack von sonnengereiften Tomaten und schmeckt als Grillsauce einfach lecker zu Fleisch, W\xc3\xbcrstchen, Pommes Frites, Hotdogs, Reis-, Nudel- sowie Eiergerichten und ist auch f\xc3\xbcr die vegane oder vegetarische Ern\xc3\xa4hrung geeignet. In der praktischen Squeezer-Flasche l\xc3\xa4sst sich der Tomatenketchup auch besonders einfach dosieren und ist besonders lecker. \n\nDank unserer Fix-Produkte, Br\xc3\xbchen, So\xc3\x9fen, Fertiggerichten, Suppen und Salatdressings gelingt jedes Gericht garantiert mit wenigen Handgriffen. Schnell und einfach erhalten so authentische Mahlzeiten ihren typischen Geschmack \xe2\x80\x93 egal, ob abwechslungsreiche vegetarische oder vegane K\xc3\xbcche, herzhafte Fleischgerichte oder leckere Gem\xc3\xbcsevariationen. Dabei ist es die Komposition ausgew\xc3\xa4hlter hochwertiger Zutaten, die jedes Knorr Produkt besonders macht. \n\nKnorr verarbeitet nur sorgf\xc3\xa4ltig schonend getrocknete Zutaten, denn das Trocknen ist eine der \xc3\xa4ltesten Methoden, um Lebensmittel nat\xc3\xbcrlich haltbar zu machen. Da der Geschmack und die N\xc3\xa4hrstoffe der frischen Zutaten weitgehend erhalten bleiben, passen Lebensmittel aus getrockneten Zutaten perfekt in unseren stressigen Alltag. Essen mit Knorr ist unkompliziert und sorgt dar\xc3\xbcber hinaus f\xc3\xbcr ein gutes Gef\xc3\xbchl: \xc3\x9cber 90 Prozent der Zutaten kommen heute schon aus nachhaltigem Anbau. Denn wir bei Knorr glauben, dass die Verwendung nachhaltig angebauter und beschaffter Zutaten einen gro\xc3\x9fen Unterschied f\xc3\xbcr den Geschmack unserer Produkte, das Wohlbefinden der Landwirte und die Zukunft des Planeten macht. Knorr \xe2\x80\x93 Geschmack mit gutem Gef\xc3\xbchl.Zutaten & AllergeneZutaten: 72% Tomatenmark1, Zucker, Branntweinessig, Speisesalz, nat\xc3\xbcrliche Aromen. 1 aus nachhaltig angebauten TomatenN\xc3\xa4hrwerteDurchschnittliche N\xc3\xa4hrwerteUnzubereitet pro 100 mlEnergie399 kJEnergie94 kcalFett0,5 gFett, davon ges\xc3\xa4ttigte Fetts\xc3\xa4uren< 0,1 gKohlenhydrate21 gKohlenhydrate, davon Zucker20 gBallaststoffe0,7 gEiwei\xc3\x9f1,4 gSalz1,9 gHinweiseAufbewahrungs- und Verwendungshinweis: Nach dem \xc3\x96ffnen im K\xc3\xbchlschrank aufbewahren.ArtikeldetailsMarke: KnorrUrsprungsland: PolenSorte: Tomaten-KetchupKontaktKontaktname: Unilever DeutschlandKontaktadresse: Postfach 570 550, 22774 HamburgMaximale Bestellmenge: 15 St\xc3\xbcckF\xc3\xbcr die vorstehenden Angaben wird keine Haftung \xc3\xbcbernommen. Bitte pr\xc3\xbcfen Sie im Einzelfall die Angaben auf der jeweiligen Produktverpackung, nur diese sind verbindlich.Das Produktdesign kann von der Abbildung abweichen.'",Berliner Str. 41-49,Rewe,Kochen & Backen,2023-07-09,"Gültig ab morgen bis Samstag, 15.07.2023"
Barilla Collezione Farfalle,https://img.rewe-static.de/REWE28_2023/7905005/32879874-15_digital-image.png?impolicy=s-offers&imwidth=200&output-format=image/webp,,https://shop.rewe.de/productList?search=1729713,,"je 500-g-Pckg , (1 kg = 3.58)",Aktion,"1,79 €","b'ProduktbeschreibungArtikelnummer 7905005Zutaten & AllergeneZutaten: HARTWEIZENGRIESS, Wasser. Kann Spuren von Sojabohnen enthalten.Allergenhinweise: Enth\xc3\xa4lt: Weizen und Weizenerzeugnisse (glutenhaltiges Getreide). Glutenhaltiges Getreide und glutenhaltige Getreideerzeugnisse. Kann enthalten: Soja und Sojaerzeugnisse.N\xc3\xa4hrwerteDurchschnittliche N\xc3\xa4hrwerteUnzubereitet pro 100 gEnergie1.521 kJEnergie359 kcalFett2 gFett, davon ges\xc3\xa4ttigte Fetts\xc3\xa4uren0,5 gKohlenhydrate71,2 gKohlenhydrate, davon Zucker3,5 gBallaststoffe3 gEiwei\xc3\x9f12,5 gSalz0,013 gHinweiseAufbewahrungs- und Verwendungshinweis: Trocken, vor Licht und W\xc3\xa4rme gesch\xc3\xbctzt lagern.ArtikeldetailsMarke: BarillaUrsprungsland: ItalienKontaktKontaktname: Barilla G. e R. Fratelli S.p.A.Kontaktadresse: Via Mantova 166, Parma - ItalyMaximale Bestellmenge: 15 St\xc3\xbcckF\xc3\xbcr die vorstehenden Angaben wird keine Haftung \xc3\xbcbernommen. Bitte pr\xc3\xbcfen Sie im Einzelfall die Angaben auf der jeweiligen Produktverpackung, nur diese sind verbindlich.Das Produktdesign kann von der Abbildung abweichen.'",Berliner Str. 41-49,Rewe,Kochen & Backen,2023-07-09,"Gültig ab morgen bis Samstag, 15.07.2023"
Ben’s Original Süß-Sauer Sauce,https://img.rewe-static.de/REWE28_2023/2675781/2505550-79_digital-image.png?impolicy=s-offers&imwidth=200&output-format=image/webp,,https://shop.rewe.de/productList?search=1729713,,"versch. Sorten , je 400-g-Glas , (1 kg = 3.73)",Aktion,"1,49 €","b""ProduktbeschreibungArtikelnummer 2675781BEN'S ORIGINAL\xe2\x84\xa2 S\xc3\xbc\xc3\x9f-Sauer: Eine Sauce, die nur sorgf\xc3\xa4ltig ausgew\xc3\xa4hlte Zutaten und keine k\xc3\xbcnstlichen Farb-, Konservierungs- und Aromastoffe enth\xc3\xa4lt.Zutaten & AllergeneZutaten: Wasser, Tomaten (13%), Zucker, Zwiebeln (10%), Ananas (9.3%), Karotten (8.2%), Branntweinessig, Modifizierte Maisst\xc3\xa4rke, Gr\xc3\xbcner Paprika (2.6%), Roter Paprika (2.6%), Salz, Farbstoff (Paprikaextrakt), Gew\xc3\xbcrze.Allergenhinweise: Enth\xc3\xa4lt: Keine deklarationspflichtigen Allergene enthalten.N\xc3\xa4hrwerteDurchschnittliche N\xc3\xa4hrwerteUnzubereitet pro 100 gEnergie310 kJEnergie73 kcalFett< 0,5 gFett, davon ges\xc3\xa4ttigte Fetts\xc3\xa4uren< 0,1 gKohlenhydrate17 gKohlenhydrate, davon Zucker13 gBallaststoffe0,8 gEiwei\xc3\x9f< 0,5 gSalz0,42 gHinweiseAufbewahrungs- und Verwendungshinweis: Nach dem \xc3\x96ffnen im K\xc3\xbchlschrank 3 Tage haltbar.ArtikeldetailsMarke: Ben's OriginalUrsprungsland: NiederlandeSorte: Extra AnanasKontaktKontaktname: Mars GmbHKontaktadresse: Postfach 1280, 27281 Verden (Aller)Maximale Bestellmenge: 15 St\xc3\xbcckF\xc3\xbcr die vorstehenden Angaben wird keine Haftung \xc3\xbcbernommen. Bitte pr\xc3\xbcfen Sie im Einzelfall die Angaben auf der jeweiligen Produktverpackung, nur diese sind verbindlich.Das Produktdesign kann von der Abbildung abweichen.""",Berliner Str. 41-49,Rewe,Kochen & Backen,2023-07-09,"Gültig ab morgen bis Samstag, 15.07.2023"
REWE Beste Wahl Balsamico Creme,https://img.rewe-static.de/REWE28_2023/0888363/23928271-32_digital-image.png?impolicy=s-offers&imwidth=200&output-format=image/webp,,https://shop.rewe.de/productList?search=1729713,,"je 250-ml-Fl , (1 l = 7.16)",Aktion,"1,79 €","b'ProduktbeschreibungArtikelnummer 888363Ihr au\xc3\x9fergew\xc3\xb6hnlicher Geschmack ist ideal zur Verfeinerung von Salaten, Gem\xc3\xbcse und Fleisch geeinigt.\n\nHergestellt f\xc3\xbcr: REWE Markt GmbH, D-50603 K\xc3\xb6ln. Zutaten & AllergeneZutaten: Traubenmostkonzentrat, Aceto Balsamico di Modena IGP 39% (Traubenmostkonzentrat, Weinessig, Farbstoff Ammonsulfit-Zuckerkul\xc3\xb6r, Antioxidationsmittel KALIUMMETABISULFIT), Weinessig, Verdickungsmittel (Guarkernmehl, Xanthan). Zusatzstoffe: E 150d, E 224, E 412, E 415Allergenhinweise: Schwefeldioxid und Sulfite in einer Konzentration von mehr als 10 mg/kg oder 10 mg/l, als SO2 angegebenN\xc3\xa4hrwerteDurchschnittliche N\xc3\xa4hrwertepro 100 mlEnergie938 kJEnergie220 kcalFett0 gFett, davon ges\xc3\xa4ttigte Fetts\xc3\xa4uren0 gKohlenhydrate52,5 gKohlenhydrate, davon Zucker43,5 gEiwei\xc3\x9f0,5 gSalz1,14 gHinweiseAufbewahrungshinweise: Nach dem \xc3\x96ffnen im K\xc3\xbchlschrank aufbewahren.Verwendungshinweise: Trocken lagern. Vor W\xc3\xa4rme sch\xc3\xbctzen.ArtikeldetailsMarke: REWE Beste WahlUrsprungsland: ItalienKontaktKontaktname: Drogheria e Alimentari Deutschland GmbHKontaktadresse: H\xc3\xbcttenstrasse 87, 87600 Kaufbeuren, DeutschlandMaximale Bestellmenge: 15 St\xc3\xbcckF\xc3\xbcr die vorstehenden Angaben wird keine Haftung \xc3\xbcbernommen. Bitte pr\xc3\xbcfen Sie im Einzelfall die Angaben auf der jeweiligen Produktverpackung, nur diese sind verbindlich.Das Produktdesign kann von der Abbildung abweichen.'",Berliner Str. 41-49,Rewe,Kochen & Backen,2023-07-09,"Gültig ab morgen bis Samstag, 15.07.2023"
Knorr Schlemmersauce,https://img.rewe-static.de/REWE28_2023/4584171/9206200-73_digital-image.png?impolicy=s-offers&imwidth=200&output-format=image/webp,,https://shop.rewe.de/productList?search=1729713,,"versch. Sorten , je 250-ml-Fl , (1 l = 3.96)",Aktion,"0,99 €","b'ProduktbeschreibungArtikelnummer 4584171- feine Knoblauchsauce \n - mit Zwiebelst\xc3\xbcckchen und Joghurt verfeinert \n - ideale Erg\xc3\xa4nzung zu Scampi, Salaten und verschiedenen Grillgerichten \n - ohne k\xc3\xbcnstliche Farbstoffe \n - ohne Geschmacksverst\xc3\xa4rker und Konservierungsstoffe \n \n Die herrlich cremige Knorr Knoblauch Sauce ist mit Zwiebelst\xc3\xbcckchen und Joghurt verfeinert und geh\xc3\xb6rt f\xc3\xbcr Liebhaber der herzhaften Knolle zu einem geselligen Grillabend dazu. Diese Sauce ist die ideale Erg\xc3\xa4nzung zu Scampi, Salaten, Folienkartoffeln, Maiskolben und verschiedenen Grillgerichten. Die Knorr Grillsauce in der Glasflasche passt au\xc3\x9ferdem als Dip hervorragend zu Fondue oder Raclette. Zubereitung: Vor Gebrauch sch\xc3\xbctteln. Knorr Grillsaucen sind Deutschlands beliebteste Grillsaucen (auf Basis verkaufter Saucen): Ganz gleich, ob zu saftigen Steaks, W\xc3\xbcrstchen, Fisch oder Gem\xc3\xbcse \xe2\x80\x93 mit den unterschiedlichsten Varianten von Knoblauch bis Curry hat Knorr die passende Grillsauce immer servierfertig und griffbereit. Die abwechslungsreichen Grillsaucen in der charakteristischen Knorr-Glasflasche schmecken der ganzen Familie. Auch die Knorr Grillsaucen im praktischen Squeezer bieten au\xc3\x9fergew\xc3\xb6hnliche Geschmacksrichtungen und sind ein besonderer Genuss bei jeder Grillparty. In der praktischen und leichten Kopfsteherflasche aus Kunststoff sind die Grillsaucen besonders gut und sauber zu dosieren und somit ideal f\xc3\xbcr unterwegs und sofort einsetzbar. So einfach bringt man Abwechslung auf\xe2\x80\x98s Grillgut! Kennen Sie schon die vielen weiteren Produkte von Knorr? Dank unserer Fix-Produkte, Br\xc3\xbchen, Saucen, Fertiggerichten, Suppen und Salatdressings gelingt jedes Gericht garantiert mit wenigen Handgriffen. Schnell und einfach erhalten so authentische Mahlzeiten ihren typischen Geschmack \xe2\x80\x93 egal, ob abwechslungsreiche vegetarische oder vegane K\xc3\xbcche, herzhafte Fleischgerichte oder leckere Gem\xc3\xbcsevariationen. Dabei ist es die Komposition ausgew\xc3\xa4hlter hochwertiger Zutaten, die jedes Knorr Produkt besonders macht. Knorr verarbeitet nur sorgf\xc3\xa4ltig schonend getrocknete Zutaten, denn das Trocknen ist eine der \xc3\xa4ltesten Methoden, um Lebensmittel nat\xc3\xbcrlich haltbar zu machen. Da der Geschmack und die N\xc3\xa4hrstoffe der frischen Zutaten weitgehend erhalten bleiben, passen Lebensmittel aus getrockneten Zutaten perfekt in unseren stressigen Alltag. Essen mit Knorr ist unkompliziert und sorgt dar\xc3\xbcber hinaus f\xc3\xbcr ein gutes Gef\xc3\xbchl: \xc3\x9cber 90 Prozent der Zutaten kommen heute schon aus nachhaltigem Anbau. Denn wir bei Knorr glauben, dass die Verwendung nachhaltig angebauter und beschaffter Zutaten einen gro\xc3\x9fen Unterschied f\xc3\xbcr den Geschmack unserer Produkte, das WohlbeFinden der Landwirte und die Zukunft des Planeten macht. Knorr \xe2\x80\x93 Geschmack mit gutem Gef\xc3\xbchl.... mehr anzeigenDie cremige Knorr Knoblauch Sauce mit mildem Geschmack schmeckt ausgezeichnet zu Scampi, Salaten und verschiedenen Grillgerichten. Eine herrlich cremige Knoblauch Sauce von Knorr, verfeinert mit Zwiebelst\xc3\xbcckchen und Joghurt. Mit dieser leckeren W\xc3\xbcrzsauce kann die Grillparty beginnen. Der Knorr Grillsaucen-Klassiker in der Glasflasche ist ein unverzichtbarer Begleiter in der Grillsaison. \n\nKnorr Saucen inspirieren sowohl Kochk\xc3\xbcnstler als auch alle, die gerne Neues entdecken und in die Welt der exotischen Gen\xc3\xbcsse eintauchen m\xc3\xb6chten. Das Sortiment an Knorr Grillsaucen bietet etwas f\xc3\xbcr jeden Geschmack und jede Gelegenheit. Etwa eine Grillparty mit Familie und Freuden \xe2\x80\x93 doch ohne Grillsaucen keine richtige Grillparty. \n\nDie Knorr Saucen sind ideal f\xc3\xbcr allerlei gebratene oder gegrillte Fleischsorten, verschiedene Fische oder diverse Meeresfr\xc3\xbcchte. Die Devise lautet: selbst ausprobieren und jedes Gericht zu einem kulinarischen Fest mit guter Stimmung verwandeln. Millionen zufriedener Verbraucher vertrauen bereits auf Knorr und greifen immer \xc3\xb6fter nach dem Produkt. Die handliche Flasche der Grillsauce ist leicht dosierbar und daher perfekt f\xc3\xbcr unterwegs. Dank gesunder Zutaten und einer hohen Qualit\xc3\xa4t werden Knorr Saucen zunehmend auch f\xc3\xbcr die abwechslungsreiche vegetarische und vegane K\xc3\xbcche empfohlen. \n\nAufbewahrungs- und Verwendungshinweise: Vor Gebrauch sch\xc3\xbctteln. Nach dem \xc3\x96ffnen im K\xc3\xbchlschrank aufbewahren. \n\nSind schon die vielen weiteren Produkte von Knorr bekannt? Dank der Fix-Produkte, So\xc3\x9fen, Fertiggerichte, Suppen, Salatdressings, Br\xc3\xbchen und Bouillons gelingt jedes Gericht garantiert mit wenigen Handgriffen. Schnell und einfach erhalten authentische Mahlzeiten so ihren typischen Geschmack \xe2\x80\x93 egal, ob abwechslungsreiche vegetarische oder vegane K\xc3\xbcche, herzhafte Fleischgerichte oder leckere Gem\xc3\xbcsevariationen. Dabei ist es die Komposition ausgew\xc3\xa4hlter hochwertiger Zutaten, die jedes Knorr Produkt besonders macht. Knorr verarbeitet nur sorgf\xc3\xa4ltig schonend getrocknete Zutaten, denn das Trocknen ist eine der \xc3\xa4ltesten Methoden, um Lebensmittel nat\xc3\xbcrlich haltbar zu machen. Da der Geschmack und die Hauptn\xc3\xa4hrstoffe der frischen Zutaten weitgehend erhalten bleiben, passen Lebensmittel aus getrockneten Zutaten perfekt in unseren stressigen Alltag. Essen mit Knorr ist unkompliziert und sorgt dar\xc3\xbcber hinaus f\xc3\xbcr ein gutes Gef\xc3\xbchl: 95 Prozent unserer Gem\xc3\xbcse und Kr\xc3\xa4uter stammen heute schon aus nachhaltigem Anbau. Denn wir bei Knorr glauben, dass die Verwendung nachhaltig angebauter und beschaffter Zutaten einen gro\xc3\x9fen Unterschied f\xc3\xbcr den Geschmack unserer Produkte, das Wohlbefinden der Landwirte und die Zukunft des Planeten macht. Knorr. Gutes, nat\xc3\xbcrlich lecker!Zutaten & AllergeneZutaten: Trinkwasser, Raps\xc3\xb6l, MAGERMILCHJOGHURT, Zucker, modifizierte St\xc3\xa4rke, Branntweinessig, Zwiebeln, SELLERIE, EIGELB, Speisesalz, 1,2 % Knoblauch, Gew\xc3\xbcrze (mit SENFSAAT), Zitronensaftkonzentrat, Aromen, Petersilie.N\xc3\xa4hrwerteDurchschnittliche N\xc3\xa4hrwerteUnzubereitet pro 100 mlEnergie1.044 kJEnergie249 kcalFett21 gFett, davon ges\xc3\xa4ttigte Fetts\xc3\xa4uren1,9 gKohlenhydrate12 gKohlenhydrate, davon Zucker9,1 gBallaststoffe< 0,5 gEiwei\xc3\x9f1 gSalz1,6 gHinweiseAufbewahrungs- und Verwendungshinweis: Nach dem \xc3\x96ffnen im K\xc3\xbchlschrank aufbewahren.ArtikeldetailsMarke: KnorrUrsprungsland: DeutschlandKontaktKontaktname: Unilever DeutschlandKontaktadresse: Postfach 570 550, 22774 HamburgMaximale Bestellmenge: 15 St\xc3\xbcckF\xc3\xbcr die vorstehenden Angaben wird keine Haftung \xc3\xbcbernommen. Bitte pr\xc3\xbcfen Sie im Einzelfall die Angaben auf der jeweiligen Produktverpackung, nur diese sind verbindlich.Das Produktdesign kann von der Abbildung abweichen.'",Berliner Str. 41-49,Rewe,Kochen & Backen,2023-07-09,"Gültig ab morgen bis Samstag, 15.07.2023"
Hela Gewürzketchup Curry,https://img.rewe-static.de/REWE28_2023/4908848/630290-90_digital-image.png?impolicy=s-offers&imwidth=200&output-format=image/webp,,https://shop.rewe.de/productList?search=1729713,,"versch. Sorten , je 800-ml-Fl , (1 l = 2.86)",Aktion,"2,29 €","b'ProduktbeschreibungArtikelnummer 4908848Mit der originalen Hela W\xc3\xbcrzung\r\nUnser scharf-s\xc3\xbc\xc3\x9flicher Gew\xc3\xbcrz Ketchup Curry scharf ist die ideale Erg\xc3\xa4nzung f\xc3\xbcr all unsere Fans, die es gern etwas pikanter m\xc3\xb6gen.Zutaten & AllergeneZutaten: Tomatensaft, Zucker, Dextrose, Kochsalz, Curry (SENFMEHL, Pfeffer, Paprika, Chili, Nelken, Gew\xc3\xbcrze), Branntweinessig, modifizierte Maisst\xc3\xa4rke, S\xc3\xa4uerungsmittel: Citronens\xc3\xa4ure, Verdickungsmittel: (Guarkernmehl, Johannisbrotkernmehl), Kr\xc3\xa4uter (enth\xc3\xa4lt SELLERIE), S\xc3\xa4ureregulator: Natriumlactat, Geschmacksverst\xc3\xa4rker: Mononatriumglutamat.Allergenhinweise: Enth\xc3\xa4lt: Senf- und Senferzeugnisse. Sellerie und Sellerieerzeugnisse.N\xc3\xa4hrwerteDurchschnittliche N\xc3\xa4hrwerteUnzubereitet pro 100 gEnergie573 kJEnergie137 kcalFett0,3 gFett, davon ges\xc3\xa4ttigte Fetts\xc3\xa4uren0,1 gKohlenhydrate30,8 gKohlenhydrate, davon Zucker29,4 gEiwei\xc3\x9f0,8 gSalz2,2 gHinweiseAufbewahrungs- und Verwendungshinweis: Nach erster \xc3\x96ffnung bitte im K\xc3\xbchlschrank lagern und kurzfristig verzehren!ArtikeldetailsMarke: HelaUrsprungsland: DeutschlandPackungsgr\xc3\xb6\xc3\x9fe: 800mlKontaktKontaktname: Hela Gew\xc3\xbcrzwerk Hermann Laue GmbHKontaktadresse: D-22923 AhrensburgMaximale Bestellmenge: 15 St\xc3\xbcckF\xc3\xbcr die vorstehenden Angaben wird keine Haftung \xc3\xbcbernommen. Bitte pr\xc3\xbcfen Sie im Einzelfall die Angaben auf der jeweiligen Produktverpackung, nur diese sind verbindlich.Das Produktdesign kann von der Abbildung abweichen.'",Berliner Str. 41-49,Rewe,Kochen & Backen,2023-07-09,"Gültig ab morgen bis Samstag, 15.07.2023"
Barilla Spaghetti Al Bronzo,https://img.rewe-static.de/REWE28_2023/8745035/37803714-8_digital-image.png?impolicy=s-offers&imwidth=200&output-format=image/webp,,https://shop.rewe.de/productList?search=1729713,,"je 400-g-Pckg , (1 kg = 4.48)",Aktion,"1,79 €","b'ProduktbeschreibungArtikelnummer 8745035Zutaten & AllergeneZutaten: HARTWEIZENGRIESS, Wasser. Kann Spuren von Sojabohnen und Senf enthalten.Allergenhinweise: Enth\xc3\xa4lt: Weizen und Weizenerzeugnisse (glutenhaltiges Getreide). Glutenhaltiges Getreide und glutenhaltige Getreideerzeugnisse. Kann enthalten: Soja und Sojaerzeugnisse. Senf- und Senferzeugnisse.N\xc3\xa4hrwerteDurchschnittliche N\xc3\xa4hrwerteUnzubereitet pro 100 gEnergie1.521 kJEnergie359 kcalFett2 gFett, davon ges\xc3\xa4ttigte Fetts\xc3\xa4uren0,4 gKohlenhydrate69,7 gKohlenhydrate, davon Zucker3,5 gBallaststoffe3 gEiwei\xc3\x9f14 gSalz0,013 gHinweiseAufbewahrungs- und Verwendungshinweis: Trocken, vor Licht und W\xc3\xa4rme gesch\xc3\xbctzt lagern.ArtikeldetailsMarke: BarillaUrsprungsland: ItalienKontaktKontaktname: Barilla G. e R. Fratelli S.p.A.Kontaktadresse: Via Mantova 166, Parma - ItalyMaximale Bestellmenge: 15 St\xc3\xbcckF\xc3\xbcr die vorstehenden Angaben wird keine Haftung \xc3\xbcbernommen. Bitte pr\xc3\xbcfen Sie im Einzelfall die Angaben auf der jeweiligen Produktverpackung, nur diese sind verbindlich.Das Produktdesign kann von der Abbildung abweichen.'",Berliner Str. 41-49,Rewe,Kochen & Backen,2023-07-09,"Gültig ab morgen bis Samstag, 15.07.2023"
REWE Beste Wahl Bolognese Pasta Sauce,https://img.rewe-static.de/REWE28_2023/7123786/27851232-24_digital-image.png?impolicy=s-offers&imwidth=200&output-format=image/webp,,https://shop.rewe.de/productList?search=1729713,,"je 380-ml-Glas , (1 l = 4.18)",Aktion,"1,59 €","b'ProduktbeschreibungArtikelnummer 7123786Zutaten & AllergeneZutaten: Passierte Tomaten 61%, Rindfleisch 28%, Gem\xc3\xbcse 6% (Karotten, Zwiebeln, Knoblauch), Zucker, Salz, S\xc3\xa4uerungsmittel Milchs\xc3\xa4ure, Sonnenblumen\xc3\xb6l, Kr\xc3\xa4uter, Gew\xc3\xbcrze.    Zusatzstoffe: E 270N\xc3\xa4hrwerteDurchschnittliche N\xc3\xa4hrwertepro 100 mlEnergie392 kJEnergie94 kcalFett4,6 gFett, davon ges\xc3\xa4ttigte Fetts\xc3\xa4uren2,3 gKohlenhydrate6,1 gKohlenhydrate, davon Zucker5 gEiwei\xc3\x9f5,9 gSalz1,4 gHinweiseAufbewahrungshinweise: Nach dem \xc3\x96ffnen im K\xc3\xbchlschrank aufbewahren und innerhalb von 3-4 Tagen verbrauchen.Verwendungshinweise: Trocken lagern. Vor W\xc3\xa4rme sch\xc3\xbctzen.ArtikeldetailsMarke: REWE Beste WahlUrsprungsland: ItalienKontaktKontaktname: LA DORIA S.P.A.Kontaktadresse: Via Nazionale, 320, Angri, 84012, ItalienMaximale Bestellmenge: 15 St\xc3\xbcckF\xc3\xbcr die vorstehenden Angaben wird keine Haftung \xc3\xbcbernommen. Bitte pr\xc3\xbcfen Sie im Einzelfall die Angaben auf der jeweiligen Produktverpackung, nur diese sind verbindlich.Das Produktdesign kann von der Abbildung abweichen.'",Berliner Str. 41-49,Rewe,Kochen & Backen,2023-07-09,"Gültig ab morgen bis Samstag, 15.07.2023"
Fabbri Amarenakirschen,https://img.rewe-static.de/REWE28_2023/3797015/1603730-43_digital-image.png?impolicy=s-offers&imwidth=200&output-format=image/webp,,https://shop.rewe.de/productList?search=1729713,,"Frucht in Sirup , je 230-g-Glas , (1 kg = 39.90) , 100-g-Abtropfgew.",Aktion,"3,99 €","b'ProduktbeschreibungArtikelnummer 3797015Zutaten & AllergeneZutaten: Zucker, Sauerkirschen (43%), Glukose Sirup, Wasser, Sauerkirschen saft (4%), S\xc3\xa4uerungsmittel Zitronens\xc3\xa4ure, Aromen, Farbstoff Anthocyane aus Pflanzenextrakt.N\xc3\xa4hrwerteDurchschnittliche N\xc3\xa4hrwerteUnzubereitet pro 100 gEnergie1.160 kJEnergie273 kcalFett0 gFett, davon ges\xc3\xa4ttigte Fetts\xc3\xa4uren0 gKohlenhydrate67 gKohlenhydrate, davon Zucker61 gEiwei\xc3\x9f0 gSalz0,03 gArtikeldetailsMarke: FabbriNettof\xc3\xbcllmenge: 230 GUrsprungsland: ItalienAbtropfgewicht: 100 gKontaktKontaktname: G. Fabbri Deutschland GmbHKontaktadresse: Witneystr. 1 - 82008 UnterhachingMaximale Bestellmenge: 15 St\xc3\xbcckF\xc3\xbcr die vorstehenden Angaben wird keine Haftung \xc3\xbcbernommen. Bitte pr\xc3\xbcfen Sie im Einzelfall die Angaben auf der jeweiligen Produktverpackung, nur diese sind verbindlich.Das Produktdesign kann von der Abbildung abweichen.'",Berliner Str. 41-49,Rewe,Kochen & Backen,2023-07-09,"Gültig ab morgen bis Samstag, 15.07.2023"
Saupiquet Thunfisch,https://img.rewe-static.de/REWE28_2023/2071371/2519210-44_digital-image.png?impolicy=s-offers&imwidth=200&output-format=image/webp,,https://shop.rewe.de/productList?search=1729713,,"Naturale ohne Öl oder in Sonnenblumenöl , je 185-g-Dose , (1 kg = 17.79) , 140-g-Abtropfgew.",Aktion,"2,49 €","b'ProduktbeschreibungArtikelnummer 2071371Zutaten & AllergeneZutaten: THUNFISCH (Skipjack, Katsuwonus pelamis), Wasser, Salz.Allergenhinweise: Enth\xc3\xa4lt: Fisch und Fischerzeugnisse.N\xc3\xa4hrwerteDurchschnittliche N\xc3\xa4hrwerteUnzubereitet pro 100 gEnergie410 kJEnergie97 kcalFett0,5 gFett, davon ges\xc3\xa4ttigte Fetts\xc3\xa4uren0,2 gKohlenhydrate0 gKohlenhydrate, davon Zucker0 gBallaststoffe0 gEiwei\xc3\x9f23 gSalz1,3 gHinweiseAufbewahrungs- und Verwendungshinweis: Mindestens haltbar bis: siehe VerpackungsaufdruckArtikeldetailsMarke: SaupiquetNettof\xc3\xbcllmenge: 185 GUrsprungsland: EcuadorAbtropfgewicht: 140 gSorte: Naturale ohne \xc3\x96lKontaktKontaktname: Saupiquet D GmbHKontaktadresse: Postfach 9307, 47750 KrefeldMaximale Bestellmenge: 15 St\xc3\xbcckF\xc3\xbcr die vorstehenden Angaben wird keine Haftung \xc3\xbcbernommen. Bitte pr\xc3\xbcfen Sie im Einzelfall die Angaben auf der jeweiligen Produktverpackung, nur diese sind verbindlich.Das Produktdesign kann von der Abbildung abweichen.'",Berliner Str. 41-49,Rewe,Kochen & Backen,2023-07-09,"Gültig ab morgen bis Samstag, 15.07.2023"
Oryza Reisspezialität,https://img.rewe-static.de/REWE28_2023/2600315/1231150-46_digital-image.png?impolicy=s-offers&imwidth=200&output-format=image/webp,,https://shop.rewe.de/productList?search=1729713,,"Himalaya Basmati , je 500-g-Btl , (1 kg = 3.58)",Aktion,"1,79 €","b'ProduktbeschreibungArtikelnummer 2600315Zutaten & AllergeneZutaten: Basmati ReisAllergenhinweise: Enth\xc3\xa4lt: Keine deklarationspflichtigen Allergene enthalten.N\xc3\xa4hrwerteDurchschnittliche N\xc3\xa4hrwerteUnzubereitet pro 100 gEnergie1.469 kJEnergie351 kcalFett1 gFett, davon ges\xc3\xa4ttigte Fetts\xc3\xa4uren0,3 gKohlenhydrate75 gKohlenhydrate, davon Zucker0,5 gBallaststoffe3,6 gEiwei\xc3\x9f8,8 gSalz0,01 gHinweiseAufbewahrungs- und Verwendungshinweis: Produkt vor W\xc3\xa4rme sch\xc3\xbctzen und trocken lagern.ArtikeldetailsMarke: OryzaUrsprungsland: BelgienKontaktKontaktname: Euryza GmbHKontaktadresse: Paul-Dessau-Str. 5, 22761 HamburgMaximale Bestellmenge: 15 St\xc3\xbcckF\xc3\xbcr die vorstehenden Angaben wird keine Haftung \xc3\xbcbernommen. Bitte pr\xc3\xbcfen Sie im Einzelfall die Angaben auf der jeweiligen Produktverpackung, nur diese sind verbindlich.Das Produktdesign kann von der Abbildung abweichen.'",Berliner Str. 41-49,Rewe,Kochen & Backen,2023-07-09,"Gültig ab morgen bis Samstag, 15.07.2023"
Funny-Frisch Ofen Chips,https://img.rewe-static.de/REWE28_2023/7778468/36482196-7_digital-image.png?impolicy=s-offers&imwidth=200&output-format=image/webp,,https://shop.rewe.de/productList?search=1729713,,"versch. Sorten , je 125-g-Btl , (1 kg = 10.32)",Aktion,"1,29 €","b'ProduktbeschreibungArtikelnummer 7778468Zutaten & AllergeneZutaten: Kartoffelpulver (61%), St\xc3\xa4rke, pflanzliche \xc3\x96le (Sonnenblume, Raps in ver\xc3\xa4nderlichen Gewichtsanteilen), Zucker, Speisesalz, Emulgator (Lecithine), Paprikapulver, Hefeextrakt, nat\xc3\xbcrliches Aroma, Tomatenpulver, Balsamicoessigpulver (Traubenmostkonzentrat, Weinessig), Zwiebelpulver, Aprikosenpulver, S\xc3\xa4ureregulator (Calciumphosphate), GERSTENMALZESSIGPULVER, Backtriebmittel (Natriumhydrogencarbonat), Chilipulver, Knoblauchpulver, f\xc3\xa4rbendes Lebensmittel (schwarzer Tee-Extrakt), S\xc3\xa4uerungsmittel (\xc3\x84pfels\xc3\xa4ure), Farbstoff (Paprikaextrakt), Kr\xc3\xa4uter, Gew\xc3\xbcrze, GERSTENMALZESSIGEXTRAKT, Branntweinessigpulver. Kann Spuren von SESAM, MILCH und WEIZEN enthalten.N\xc3\xa4hrwerteDurchschnittliche N\xc3\xa4hrwerteUnzubereitet pro 100 gEnergie1.709 kJEnergie405 kcalFett9,2 gFett, davon ges\xc3\xa4ttigte Fetts\xc3\xa4uren1,2 gFett, davon einfach unges\xc3\xa4ttigte Fetts\xc3\xa4uren0 gFett, davon mehrfach unges\xc3\xa4ttigte Fetts\xc3\xa4uren0 gKohlenhydrate72 gKohlenhydrate, davon Zucker7,3 gBallaststoffe4,4 gEiwei\xc3\x9f6,1 gSalz1,6 gArtikeldetailsMarke: Funny-frischUrsprungsland: DeutschlandKontaktKontaktname: Intersnack Deutschland SEKontaktadresse: Erna-Scheffler-Str. 3, DE-51103 K\xc3\xb6lnF\xc3\xbcr die vorstehenden Angaben wird keine Haftung \xc3\xbcbernommen. Bitte pr\xc3\xbcfen Sie im Einzelfall die Angaben auf der jeweiligen Produktverpackung, nur diese sind verbindlich.Das Produktdesign kann von der Abbildung abweichen.'",Berliner Str. 41-49,Rewe,Süßes & Salziges,2023-07-09,"Gültig ab morgen bis Samstag, 15.07.2023"
Dickmann’s Super Dickmann’s,https://img.rewe-static.de/REWE28_2023/4205960/1363350-48_digital-image.png?impolicy=s-offers&imwidth=200&output-format=image/webp,,https://shop.rewe.de/productList?search=1729713,,"je 250-g-Pckg , (1 kg = 5.96)",Aktion,"1,49 €","b'ProduktbeschreibungArtikelnummer 4205960Mit Super Dickmann\xe2\x80\x99s geht der Spa\xc3\x9f los: knackige Schokolade, lockerer Schaum. Spa\xc3\x9f und Genuss f\xc3\xbcr dich und deine Lieblingsmenschen! G\xc3\xb6nn\xe2\x80\x98s dir und teil den Spa\xc3\x9f! Die original Super Dickmann\xe2\x80\x99s sind au\xc3\x9fen schokoladig-knackig, innen fluffig und dazu unverwechselbar durch das \xe2\x80\x9eD\xe2\x80\x9c auf der Knusper-Waffel. Ob gemeinsam mit der Familie, unterwegs mit Freunden oder als Mitbringsel zum Geburtstag \xe2\x80\x93 sie lassen sich zu jeder Gelegenheit genie\xc3\x9fen.Zutaten & AllergeneZutaten: Glukose-Fruktose-Sirup, Schokolade 24% (Zucker, Kakaobutter, Kakaomasse, magerer Kakao, VOLLMILCHPULVER, Emulgator Lecithine (SOJA), Vanilleextrakt), Waffel (WEIZENMEHL, Zucker, SAHNEPULVER, Palmfett, Emulgator Lecithine (SOJA), nat\xc3\xbcrliches Aroma, Backtriebmittel Natriumhydrogencarbonat, Salz), Feuchthaltemittel Sorbitsirup, H\xc3\x9cHNEREI-TROCKENEIWEISS*, nat\xc3\xbcrliches Aroma. KANN AUCH ANTEILE VON HASELNUSS, MANDEL UND ANDEREN N\xc3\x9cSSEN ENTHALTEN. * aus BodenhaltungAllergenhinweise: Enth\xc3\xa4lt: Eier und Eierzeugnisse. Milch und Milcherzeugnisse (einschlie\xc3\x9flich Lactose). Sonstige glutenhaltige Getreide oder Hybridst\xc3\xa4mme davon. Soja und Sojaerzeugnisse. Weizen und Weizenerzeugnisse (glutenhaltiges Getreide). Kann enthalten: N\xc3\xbcsse und Nusserzeugnisse. Mandeln und Mandelerzeugnisse. Kaschunuss und Kaschunusserzeugnisse. Haselnuss und Haselnusserzeugnisse. Pecannuss und Pecannusserzeugnisse. Queenslandnuss und Queenslandnusserzeugnisse. Paranuss und Paranusserzeugnisse. Pistazie und Pistazienerzeugnisse. Walnuss und Walnusserzeugnisse.N\xc3\xa4hrwerteDurchschnittliche N\xc3\xa4hrwerteUnzubereitet pro 100 gEnergie1.573 kJEnergie373 kcalFett10,1 gFett, davon ges\xc3\xa4ttigte Fetts\xc3\xa4uren5,9 gKohlenhydrate67,5 gKohlenhydrate, davon Zucker53 gEiwei\xc3\x9f2,9 gSalz0,08 gHinweiseAufbewahrungs- und Verwendungshinweis: Vor W\xc3\xa4rme sch\xc3\xbctzen!ArtikeldetailsMarke: StorckUrsprungsland: DeutschlandPackungsgr\xc3\xb6\xc3\x9fe: 12 St\xc3\xbcck, 336gKontaktKontaktname: AUGUST STORCK KGKontaktadresse: Waldstr. 27, D-13403 BerlinF\xc3\xbcr die vorstehenden Angaben wird keine Haftung \xc3\xbcbernommen. Bitte pr\xc3\xbcfen Sie im Einzelfall die Angaben auf der jeweiligen Produktverpackung, nur diese sind verbindlich.Das Produktdesign kann von der Abbildung abweichen.'",Berliner Str. 41-49,Rewe,Süßes & Salziges,2023-07-09,"Gültig ab morgen bis Samstag, 15.07.2023"
Mars Snickers,https://img.rewe-static.de/REWE28_2023/1303474/40115911-6_digital-image.png?impolicy=s-offers&imwidth=200&output-format=image/webp,,https://shop.rewe.de/productList?search=1729713,,"je 5 x 50-g-Riegel-Pckg , (1 kg = 6.76)",Aktion,"1,69 €","b'ProduktbeschreibungArtikelnummer 13034745 Riegel einzeln verpackt. SNICKERS - und der Hunger ist gegessen! Das unschlagbare Original aus Vollmilchschokolade, ausgew\xc3\xa4hlten Erdn\xc3\xbcsse von bester Qualit\xc3\xa4t und zartem Karamell! Ideal zum Snacken und Genie\xc3\x9fen! Das unschlagbare Original mit dem unverwechselbaren Geschmack. Unter der knackigen Schale aus Vollmilchschokolade machen ausgew\xc3\xa4hlte Erdn\xc3\xbcsse, leckere Candy-Creme und zartes Karamell SNICKERS\xc2\xae zu einem echten Meisterwerk und dem beliebtesten Schokoladenriegel der Welt.Zutaten & AllergeneZutaten: Zucker, Glukosesirup, ERDN\xc3\x9cSSE, MAGERMILCHPULVER, Kakaobutter, Kakaomasse, Sonnenblumen\xc3\xb6l, Butterreinfett (MILCH), MILCHZUCKER, Molkepermeat (aus MILCH), Palmfett, Salz, Emulgator (SOJALECITHIN), H\xc3\x9cHNEREI-TROCKENEIWEISS. (Kann enthalten: HASELN\xc3\x9cSSE).Allergenhinweise: ERDN\xc3\x9cSSE, MAGERMILCHPULVER, MILCH, MILCHZUCKER, SOJALECITHIN, H\xc3\x9cHNEREI-TROCKENEIWEISS.Enth\xc3\xa4lt: Erdn\xc3\xbcsse und Erdnusserzeugnisse. Milch und Milcherzeugnisse (einschlie\xc3\x9flich Lactose). Milchzucker (Laktose). Soja und Sojaerzeugnisse. Eier und Eierzeugnisse. Kann enthalten: Haselnuss und Haselnusserzeugnisse. N\xc3\xbcsse und Nusserzeugnisse.N\xc3\xa4hrwerteDurchschnittliche N\xc3\xa4hrwerteUnzubereitet pro 100 gEnergie2.044 kJEnergie488 kcalFett23 gFett, davon ges\xc3\xa4ttigte Fetts\xc3\xa4uren7,8 gKohlenhydrate60 gKohlenhydrate, davon Zucker52 gEiwei\xc3\x9f8,7 gSalz0,64 gArtikeldetailsMarke: SnickersUrsprungsland: NiederlandeSorte: SnickersKontaktKontaktname: Mars GmbHKontaktadresse: Postfach 1414, D-82004 UnterhachingMaximale Bestellmenge: 15 St\xc3\xbcckF\xc3\xbcr die vorstehenden Angaben wird keine Haftung \xc3\xbcbernommen. Bitte pr\xc3\xbcfen Sie im Einzelfall die Angaben auf der jeweiligen Produktverpackung, nur diese sind verbindlich.Das Produktdesign kann von der Abbildung abweichen.'",Berliner Str. 41-49,Rewe,Süßes & Salziges,2023-07-09,"Gültig ab morgen bis Samstag, 15.07.2023"
Kägi Fret Mini,https://img.rewe-static.de/REWE28_2023/8348250/34556711-6_digital-image.png?impolicy=s-offers&imwidth=200&output-format=image/webp,,https://shop.rewe.de/productList?search=1729713,,"versch. Sorten , je 128-g-Pckg , (1 kg = 15.55)",Aktion,"1,99 €","b'ProduktbeschreibungArtikelnummer 8348250Zutaten & AllergeneZutaten: Zucker, Palmfett (nachhaltig; zertifiziert), WEIZENMEHL, VOLLMILCHPULVER, Kakaobutter*, Kakaomasse*, Kakaopulver*, HASELN\xc3\x9cSSE, gemahlene WEIZENFASERN, EIGELBPULVER, Emulgator: Lecithine (SOJA), Kochsalz, Backtriebmittel: Natriumhydrogencarbonat, Vanilleextrakt. * Rainforest Alliance Certified. Find out more at ra.orgN\xc3\xa4hrwerteDurchschnittliche N\xc3\xa4hrwerteUnzubereitet pro 100 gEnergie2.334 kJEnergie560 kcalFett35 gFett, davon ges\xc3\xa4ttigte Fetts\xc3\xa4uren25 gKohlenhydrate57 gKohlenhydrate, davon Zucker38 gEiwei\xc3\x9f6,5 gSalz0,25 gArtikeldetailsMarke: K\xc3\xa4giUrsprungsland: SchweizKontaktKontaktname: K\xc3\xa4gi S\xc3\xb6hne GmbHKontaktadresse: Richtergasse 7/HP/Top 1 A-1070 WienF\xc3\xbcr die vorstehenden Angaben wird keine Haftung \xc3\xbcbernommen. Bitte pr\xc3\xbcfen Sie im Einzelfall die Angaben auf der jeweiligen Produktverpackung, nur diese sind verbindlich.Das Produktdesign kann von der Abbildung abweichen.'",Berliner Str. 41-49,Rewe,Süßes & Salziges,2023-07-09,"Gültig ab morgen bis Samstag, 15.07.2023"
Milka Tender,https://img.rewe-static.de/REWE28_2023/3075923/1234890-36_digital-image.png?impolicy=s-offers&imwidth=200&output-format=image/webp,,https://shop.rewe.de/productList?search=1729713,,"Milch , je 5 x 37-g-Pckg , (1 kg = 9.14)",Aktion,"1,69 €","b'ProduktbeschreibungArtikelnummer 3075923Tender ist der k\xc3\xb6stlich-lockere Kuchensnack von Milka: Feine Biskuit-Rolle gef\xc3\xbcllt mit leckerer Milchcr\xc3\xa8me, umh\xc3\xbcllt von zarter Milka Alpenmilch Schokolade. Einfach lecker! Zutaten & AllergeneZutaten: Zucker, WEIZENMEHL, EIER, Feuchthaltemittel (Sorbit, Glycerin), pflanzliche Fette (Palm, Palmkern), MAGERMILCHPULVER, Kakaobutter, Glukose-Fruktose-Sirup, Glukosesirup, Kakaomasse, Molkenpulver (aus MILCH), WEIZENST\xc3\x84RKE, BUTTEREINFETT, VOLLMILCHPULVER, WEIZENKLEIE, Emulgatoren (SOJALECITHINE, E475, E471, E476), Alkohol, Raps\xc3\xb6l, Backtriebmittel (Diphosphate, Natriumcarbonate), Speisesalz, Aromen (enth\xc3\xa4lt MILCH), Verdickungsmittel (Xanthan), Hefepulver. KANN ENTHALTEN: N\xc3\x9cSSE.Allergenhinweise: WEIZENMEHL, EIER, MAGERMILCHPULVER, MILCH, WEIZENST\xc3\x84RKE, BUTTEREINFETT, VOLLMILCHPULVER, WEIZENKLEIE, SOJALECITHINEEnth\xc3\xa4lt: Milch und Milcherzeugnisse (einschlie\xc3\x9flich Lactose). Soja und Sojaerzeugnisse. Weizen und Weizenerzeugnisse (glutenhaltiges Getreide). Eier und Eierzeugnisse. Glutenhaltiges Getreide und glutenhaltige Getreideerzeugnisse. Kann enthalten: N\xc3\xbcsse und Nusserzeugnisse.N\xc3\xa4hrwerteDurchschnittliche N\xc3\xa4hrwerteUnzubereitet pro 100 gEnergie1.705 kJEnergie407 kcalFett18 gFett, davon ges\xc3\xa4ttigte Fetts\xc3\xa4uren9,9 gKohlenhydrate56 gKohlenhydrate, davon Zucker34 gBallaststoffe1,2 gEiwei\xc3\x9f6 gSalz0,47 gHinweiseAufbewahrungs- und Verwendungshinweis: Trocken lagern und vor W\xc3\xa4rme sch\xc3\xbctzen.Information: Die Milchcremef\xc3\xbcllung enth\xc3\xa4lt 11 % Magermilchpulver und 6 % Vollmilchpulver.ArtikeldetailsMarke: MilkaUrsprungsland: FrankreichSorte: MilchKontaktKontaktname: Mondelez Deutschland GmbHKontaktadresse: D-28078 Bremen.Maximale Bestellmenge: 15 St\xc3\xbcckF\xc3\xbcr die vorstehenden Angaben wird keine Haftung \xc3\xbcbernommen. Bitte pr\xc3\xbcfen Sie im Einzelfall die Angaben auf der jeweiligen Produktverpackung, nur diese sind verbindlich.Das Produktdesign kann von der Abbildung abweichen.'",Berliner Str. 41-49,Rewe,Süßes & Salziges,2023-07-09,"Gültig ab morgen bis Samstag, 15.07.2023"
Milka Cake & Choc,https://img.rewe-static.de/REWE28_2023/1483700/20715624-26_digital-image.png?impolicy=s-offers&imwidth=200&output-format=image/webp,,https://shop.rewe.de/productList?search=1729713,,"je 175-g-Pckg , (1 kg = 9.66)",Aktion,"1,69 €","b'ProduktbeschreibungArtikelnummer 1483700Die perfekte Kombination aus fluffigem Teig und einem Kern aus fl\xc3\xbcssiger, zartschmelzender Milka Alpenmilch Schokolade! Einzeln verpackt. Einfach k\xc3\xb6stlich! Zutaten & AllergeneZutaten: WEIZENMEHL, Zucker, Glukose-Fruktose-Sirup, Raps\xc3\xb6l, EIER, Stabilisator (Glycerin), Kakaomasse, VOLLMILCHPULVER, Kakaobutter, MAGERMILCHPULVER, WEIZENST\xc3\x84RKE, Backtriebmittel (Diphosphate, Kaliumcarbonate), fettarmes Kakaopulver, S\xc3\xbc\xc3\x9fmolkenpulver (aus MILCH), Speisesalz, Emulgatoren (SOJALECITHINE, E472b, E475), Aromen (Enth\xc3\xa4lt MILCH), Glukosesirup, Verdickungsmittel (Xanthan). KANN N\xc3\x9cSSE ENTHALTEN.Allergenhinweise: WEIZENMEHL, EIER, VOLLMILCHPULVER, MAGERMILCHPULVER, WEIZENST\xc3\x84RKE, MILCH, SOJALECITHINE.Enth\xc3\xa4lt: Weizen und Weizenerzeugnisse (glutenhaltiges Getreide). Glutenhaltiges Getreide und glutenhaltige Getreideerzeugnisse. Eier und Eierzeugnisse. Milch und Milcherzeugnisse (einschlie\xc3\x9flich Lactose). Soja und Sojaerzeugnisse. Kann enthalten: N\xc3\xbcsse und Nusserzeugnisse.N\xc3\xa4hrwerteDurchschnittliche N\xc3\xa4hrwerteUnzubereitet pro 100 gEnergie1.799 kJEnergie429 kcalFett21 gFett, davon ges\xc3\xa4ttigte Fetts\xc3\xa4uren4,1 gKohlenhydrate56,5 gKohlenhydrate, davon Zucker31 gBallaststoffe1,5 gEiwei\xc3\x9f5,4 gSalz0,6 gHinweiseAufbewahrungs- und Verwendungshinweis: Trocken lagern und vor W\xc3\xa4rme sch\xc3\xbctzen.ArtikeldetailsMarke: MilkaUrsprungsland: FrankreichSorte: Cake & ChocKontaktKontaktname: Mondelez Deutschland GmbHKontaktadresse: D-28078 BremenMaximale Bestellmenge: 15 St\xc3\xbcckF\xc3\xbcr die vorstehenden Angaben wird keine Haftung \xc3\xbcbernommen. Bitte pr\xc3\xbcfen Sie im Einzelfall die Angaben auf der jeweiligen Produktverpackung, nur diese sind verbindlich.Das Produktdesign kann von der Abbildung abweichen.'",Berliner Str. 41-49,Rewe,Süßes & Salziges,2023-07-09,"Gültig ab morgen bis Samstag, 15.07.2023"
Hitschler Hitschies,https://img.rewe-static.de/REWE28_2023/8002544/31009580-12_digital-image.png?impolicy=s-offers&imwidth=200&output-format=image/webp,,https://shop.rewe.de/productList?search=1729713,,"versch. Sorten , je 210-g-Btl , (1 kg = 7.10)",Aktion,"1,49 €","b'ProduktbeschreibungArtikelnummer 8002544Zutaten & AllergeneZutaten: Zucker, Glukosesirup, Palmfett, 5% Fruchtsaft aus Fruchtsaftkonzentrat: (Apfel, Pfirsich, Zitrone, Erdbeere, Himbeere); Gelatine*, Stabilisator: Gummi Arabicum; modifizierte St\xc3\xa4rke, S\xc3\xa4uerungsmittel: Milchs\xc3\xa4ure, Citronens\xc3\xa4ure; Aromen, Emulgator: Lecithine; Farbstoffe: Echtes Karmin, Kurkumin, Brillantblau FCF, Pflanzenkohle; \xc3\x9cberzugsmittel: Carnaubawachs, Schellack, Bienenwachs wei\xc3\x9f und gelb. *RindergelatineN\xc3\xa4hrwerteDurchschnittliche N\xc3\xa4hrwerteUnzubereitet pro 100 gEnergie1.692 kJEnergie400 kcalFett5,4 gFett, davon ges\xc3\xa4ttigte Fetts\xc3\xa4uren3 gKohlenhydrate86 gKohlenhydrate, davon Zucker67 gEiwei\xc3\x9f1,4 gSalz0,07 gHinweiseAufbewahrungs- und Verwendungshinweis: W\xc3\xa4rmegesch\xc3\xbctzt und trocken lagern.ArtikeldetailsMarke: HitschlerUrsprungsland: DeutschlandKontaktKontaktname: hitschler International GmbH & Co. KGKontaktadresse: 50855 K\xc3\xb6lnF\xc3\xbcr die vorstehenden Angaben wird keine Haftung \xc3\xbcbernommen. Bitte pr\xc3\xbcfen Sie im Einzelfall die Angaben auf der jeweiligen Produktverpackung, nur diese sind verbindlich.Das Produktdesign kann von der Abbildung abweichen.'",Berliner Str. 41-49,Rewe,Süßes & Salziges,2023-07-09,"Gültig ab morgen bis Samstag, 15.07.2023"
Dickmann’s Schoko Strolche,https://img.rewe-static.de/REWE28_2023/5469872/1363360-27_digital-image.png?impolicy=s-offers&imwidth=200&output-format=image/webp,,https://shop.rewe.de/productList?search=1729713,,"je 200-g-Pckg , (1 kg = 7.45)",Aktion,"1,49 €","b'ProduktbeschreibungArtikelnummer 5469872Mit Dickmann\xe2\x80\x99s geht der Spa\xc3\x9f los: au\xc3\x9fen knackig, innen fluffig. In unserem mini Dickmann\xe2\x80\x98s Schoko Trio ist f\xc3\xbcr Jeden etwas dabei: Eine bunte Mischung kleiner Schaumk\xc3\xbcsse mit wei\xc3\x9fer Schokolade, Vollmilchschokolade und dunkler Schokolade. So kann sich jeder seine Lieblingssorte einfach rauspicken. Das bringt jede Menge Abwechslung und Spa\xc3\x9f: Ob f\xc3\xbcr den kleinen Snack zwischendurch, f\xc3\xbcr kleine und gro\xc3\x9fe Freunde, f\xc3\xbcr die ganze Familie oder zum Anbieten f\xc3\xbcr Bekannte und Kollegen.Zutaten & AllergeneZutaten: Glukose-Fruktose-Sirup, Schokolade (Zucker, Kakaomasse, Kakaobutter, Emulgator Lecithine (SOJA), Vanilleextrakt), Vollmilchschokolade (Zucker, VOLLMILCHPULVER, Kakaobutter, Kakaomasse, MOLKENERZEUGNIS, Emulgator Lecithine (SOJA), Vanilleextrakt), wei\xc3\x9fe Schokolade (Zucker, Kakaobutter, VOLLMILCHPULVER, SAHNEPULVER, MAGERMILCHPULVER, MILCHZUCKER, BUTTERMILCHPULVER, Emulgator Lecithine (SOJA), Salz, Vanilleextrakt), Waffel (WEIZENMEHL, Zucker, WEIZENST\xc3\x84RKE, Emulgator Lecithine (SOJA), Palmfett, SAHNEPULVER, Salz, Backtriebmittel Natriumhydrogencarbonat, nat\xc3\xbcrliches Aroma), Feuchthaltemittel Sorbitsirup, H\xc3\x9cHNEREI-TROCKENEIWEISS*, nat\xc3\xbcrliches Aroma. KANN AUCH ANTEILE VON HASELNUSS, MANDEL, ERDNUSS UND ANDEREN N\xc3\x9cSSEN ENTHALTEN. * aus BodenhaltungAllergenhinweise: Enth\xc3\xa4lt: Eier und Eierzeugnisse. Milch und Milcherzeugnisse (einschlie\xc3\x9flich Lactose). Sonstige glutenhaltige Getreide oder Hybridst\xc3\xa4mme davon. Soja und Sojaerzeugnisse. Weizen und Weizenerzeugnisse (glutenhaltiges Getreide). Kann enthalten: N\xc3\xbcsse und Nusserzeugnisse. Erdn\xc3\xbcsse und Erdnusserzeugnisse. Mandeln und Mandelerzeugnisse. Kaschunuss und Kaschunusserzeugnisse. Haselnuss und Haselnusserzeugnisse. Pecannuss und Pecannusserzeugnisse. Queenslandnuss und Queenslandnusserzeugnisse. Paranuss und Paranusserzeugnisse. Pistazie und Pistazienerzeugnisse. Walnuss und Walnusserzeugnisse.N\xc3\xa4hrwerteDurchschnittliche N\xc3\xa4hrwerteUnzubereitet pro 100 gEnergie1.769 kJEnergie421 kcalFett16 gFett, davon ges\xc3\xa4ttigte Fetts\xc3\xa4uren9,8 gKohlenhydrate64,2 gKohlenhydrate, davon Zucker50,1 gEiwei\xc3\x9f4,6 gSalz0,14 gHinweiseAufbewahrungs- und Verwendungshinweis: Vor W\xc3\xa4rme sch\xc3\xbctzenArtikeldetailsMarke: StorckUrsprungsland: DeutschlandKontaktKontaktname: AUGUST STORCK KGKontaktadresse: Waldstr. 27, D-13403 BerlinF\xc3\xbcr die vorstehenden Angaben wird keine Haftung \xc3\xbcbernommen. Bitte pr\xc3\xbcfen Sie im Einzelfall die Angaben auf der jeweiligen Produktverpackung, nur diese sind verbindlich.Das Produktdesign kann von der Abbildung abweichen.'",Berliner Str. 41-49,Rewe,Süßes & Salziges,2023-07-09,"Gültig ab morgen bis Samstag, 15.07.2023"
Amor di Pane Grissini,https://img.rewe-static.de/REWE28_2023/2888425/34137359-6_digital-image.png?impolicy=s-offers&imwidth=200&output-format=image/webp,,https://shop.rewe.de/productList?search=1729713,,"versch. Sorten , je 125-g-Pckg , (1 kg = 6.16)",Aktion,"0,77 €","b'ProduktbeschreibungArtikelnummer 2888425Zutaten & AllergeneZutaten: WEIZENMEHL, extra natives Oliven\xc3\xb6l (5%), Hefe, Salz (1,6%), gem\xc3\xa4lztes WEIZENMEHL, Antioxidationsmittel: Rosmarinextrakt. Kann Spuren von SESAM, SOJA, MILCH UND IHRE DERIVATE und SCHALENFR\xc3\x9cCHTE enthalten.N\xc3\xa4hrwerteDurchschnittliche N\xc3\xa4hrwerteUnzubereitet pro 100 gEnergie1.777 kJEnergie421 kcalFett9,5 gFett, davon ges\xc3\xa4ttigte Fetts\xc3\xa4uren1,5 gKohlenhydrate71,2 gKohlenhydrate, davon Zucker1,8 gBallaststoffe3,1 gEiwei\xc3\x9f11,2 gSalz2,2 gHinweiseAufbewahrungs- und Verwendungshinweis: K\xc3\xbchl und trocken lagern, vor Hitze sch\xc3\xbctzen.ArtikeldetailsUrsprungsland: ItalienKontaktKontaktname: Hosta - Werk f\xc3\xbcr Schokolade-Spezialit\xc3\xa4ten GmbH & Co. KGKontaktadresse: Greutstra\xc3\x9fe 9, 74597 Stimpfach-RandenweilerMaximale Bestellmenge: 15 St\xc3\xbcckF\xc3\xbcr die vorstehenden Angaben wird keine Haftung \xc3\xbcbernommen. Bitte pr\xc3\xbcfen Sie im Einzelfall die Angaben auf der jeweiligen Produktverpackung, nur diese sind verbindlich.Das Produktdesign kann von der Abbildung abweichen.'",Berliner Str. 41-49,Rewe,Süßes & Salziges,2023-07-09,"Gültig ab morgen bis Samstag, 15.07.2023"
Milka Schokolade,https://img.rewe-static.de/REWE28_2023/0196479/3851190-69_digital-image.png?impolicy=s-offers&imwidth=200&output-format=image/webp,,https://shop.rewe.de/productList?search=1729713,,"Alpenmilch oder Noisette , je 100-g-Tafel , (1 kg = 7.90)",Knaller,"0,79 €","b'ProduktbeschreibungArtikelnummer 196479Milkas Alpenmilch Schokoladentafel ist der Klassiker f\xc3\xbcr alle Schokoladen-Fans. Der leckere, zartschmelzende Schokoladengenuss aus 100% Alpenmilch darf in keinem Haushalt fehlen. Zutaten & AllergeneZutaten: Zucker, Kakaobutter, Kakaomasse, MAGERMILCHPULVER, S\xc3\xbcssmolkenpulver (aus MILCH), BUTTERREINFETT, Emulgator (SOJALECITHINE), HASELNUSSMASSE, Aroma. KANN ANDERE N\xc3\x9cSSE UND WEIZEN ENTHALTEN.Allergenhinweise: MAGERMILCHPULVER, MILCH, BUTTERREINFETT, SOJALECITHINE, HASELNUSSMASSEEnth\xc3\xa4lt: Soja und Sojaerzeugnisse. Haselnuss und Haselnusserzeugnisse. Milch und Milcherzeugnisse (einschlie\xc3\x9flich Lactose). N\xc3\xbcsse und Nusserzeugnisse. Kann enthalten: Weizen und Weizenerzeugnisse (glutenhaltiges Getreide). Glutenhaltiges Getreide und glutenhaltige Getreideerzeugnisse.N\xc3\xa4hrwerteDurchschnittliche N\xc3\xa4hrwerteUnzubereitet pro 100 gEnergie2.251 kJEnergie539 kcalFett31 gFett, davon ges\xc3\xa4ttigte Fetts\xc3\xa4uren19 gKohlenhydrate57 gKohlenhydrate, davon Zucker55 gBallaststoffe2,3 gEiwei\xc3\x9f6,5 gSalz0,28 gHinweiseAufbewahrungs- und Verwendungshinweis: Trocken lagern und vor W\xc3\xa4rme sch\xc3\xbctzen.Information: Kakao: 33% mindestens.ArtikeldetailsMarke: MilkaUrsprungsland: DeutschlandSorte: AlpenmilchKontaktKontaktname: Mondelez Deutschland GmbHKontaktadresse: D-28078 BremenMaximale Bestellmenge: 15 St\xc3\xbcckF\xc3\xbcr die vorstehenden Angaben wird keine Haftung \xc3\xbcbernommen. Bitte pr\xc3\xbcfen Sie im Einzelfall die Angaben auf der jeweiligen Produktverpackung, nur diese sind verbindlich.Das Produktdesign kann von der Abbildung abweichen.'",Berliner Str. 41-49,Rewe,Süßes & Salziges,2023-07-09,"Gültig ab morgen bis Samstag, 15.07.2023"
Storck Toffifee,https://img.rewe-static.de/REWE28_2023/0205605/21816375-32_digital-image.png?impolicy=s-offers&imwidth=200&output-format=image/webp,,https://shop.rewe.de/productList?search=1729713,,"je 125-g-Pckg , (1 kg = 7.92)",Aktion,"0,99 €","b'ProduktbeschreibungArtikelnummer 205605So viel Gutes steckt in Toffifee: Eine knackige Haselnuss in Karamell mit Nougatcreme und einem Klecks kr\xc3\xa4ftiger Schokolade - eine Kombination, die f\xc3\xbcr jeden Geschmack genau das Richtige bietet. Es steckt viel Spa\xc3\x9f in Toffifee! Egal ob jung oder \xc3\xa4lter, gro\xc3\x9f oder klein, Mama oder Papa, gro\xc3\x9fer Bruder, kleine Schwester - in Toffifee steckt, was allen schmeckt: Leckeres Karamell, knackig ger\xc3\xb6stete Haselnuss, zarte Nougatcreme sowie eine kr\xc3\xa4ftige Schokoladenschicht als T\xc3\xbcpfelchen auf dem \xe2\x80\x9eMmhh\xe2\x80\x9c.  Mit Toffifee kommt der Spa\xc3\x9f in jedes zu Hause.Zutaten & AllergeneZutaten: Zucker, pflanzliche Fette (Palm, Shea), HASELN\xc3\x9cSSE, Glukosesirup, MAGERMILCHPULVER, Feuchthaltemittel Sorbitsirup, Kakaomasse, kondensierte MAGERMILCH, kondensierte S\xc3\x9cSSMOLKE, MILCHZUCKER, magerer Kakao, Kakaobutter, BUTTERREINFETT, Rohrzuckersirup, MOLKENERZEUGNIS, Emulgator Lecithine (SOJA), Salz, Aromen. KANN AUCH MANDEL, ERDNUSS UND ANDERE N\xc3\x9cSSE ENTHALTEN.Allergenhinweise: Enth\xc3\xa4lt: Milch und Milcherzeugnisse (einschlie\xc3\x9flich Lactose). N\xc3\xbcsse und Nusserzeugnisse. Soja und Sojaerzeugnisse. Haselnuss und Haselnusserzeugnisse. Kann enthalten: Erdn\xc3\xbcsse und Erdnusserzeugnisse. Mandeln und Mandelerzeugnisse. Kaschunuss und Kaschunusserzeugnisse. Pecannuss und Pecannusserzeugnisse. Macadamianuss und Macadamianusserzeugnisse. Paranuss und Paranusserzeugnisse. Pistazie und Pistazienerzeugnisse. Walnuss und Walnusserzeugnisse.N\xc3\xa4hrwerteDurchschnittliche N\xc3\xa4hrwerteUnzubereitet pro 100 gEnergie2.177 kJEnergie521 kcalFett29 gFett, davon ges\xc3\xa4ttigte Fetts\xc3\xa4uren12,7 gKohlenhydrate58,9 gKohlenhydrate, davon Zucker48,8 gEiwei\xc3\x9f6 gSalz0,27 gHinweiseAufbewahrungs- und Verwendungshinweis: Vor W\xc3\xa4rme sch\xc3\xbctzen!ArtikeldetailsMarke: ToffifeeUrsprungsland: DeutschlandPackungsgr\xc3\xb6\xc3\x9fe: 125gKontaktKontaktname: AUGUST STORCK KGKontaktadresse: Waldstr. 27, D-13403 BerlinMaximale Bestellmenge: 15 St\xc3\xbcckF\xc3\xbcr die vorstehenden Angaben wird keine Haftung \xc3\xbcbernommen. Bitte pr\xc3\xbcfen Sie im Einzelfall die Angaben auf der jeweiligen Produktverpackung, nur diese sind verbindlich.Das Produktdesign kann von der Abbildung abweichen.'",Berliner Str. 41-49,Rewe,Süßes & Salziges,2023-07-09,"Gültig ab morgen bis Samstag, 15.07.2023"
Belli Cantuccini,https://img.rewe-static.de/REWE28_2023/0218662/22322908-38_digital-image.png?impolicy=s-offers&imwidth=200&output-format=image/webp,,https://shop.rewe.de/productList?search=1729713,,"je 250-g-Pckg , (1 kg = 10.36)",Aktion,"2,59 €","b""ProduktbeschreibungArtikelnummer 218662Mit 25% Mandelanteil. Zutaten & AllergeneZutaten: WEIZENMEHL, Zucker, MANDELN (25%), pasteurisierte VOLLEIER, pasteurisiertes H\xc3\x9cHNEREIGELB, BUTTER, Bl\xc3\xbctenhonig, Salz. Backtriebmittel: Ammoniumhydrogencarbonat, Dinatriumdiphosphat, Natriumhydrogencarbonat, Aromen. Kann Spuren von anderen SCHALENFR\xc3\x9cCHTEN und SOJA enthalten.Allergenhinweise: Enth\xc3\xa4lt: Weizen und Weizenerzeugnisse (glutenhaltiges Getreide). Mandeln und Mandelerzeugnisse. Eier und Eierzeugnisse. Milch und Milcherzeugnisse (einschlie\xc3\x9flich Lactose). Kann enthalten: Soja und Sojaerzeugnisse. N\xc3\xbcsse und Nusserzeugnisse.N\xc3\xa4hrwerteDurchschnittliche N\xc3\xa4hrwerteUnzubereitet pro 100 gEnergie1.774 kJEnergie424 kcalFett16 gFett, davon ges\xc3\xa4ttigte Fetts\xc3\xa4uren3 gKohlenhydrate60 gKohlenhydrate, davon Zucker32 gEiwei\xc3\x9f10 gSalz0,06 gHinweiseAufbewahrungs- und Verwendungshinweis: K\xc3\xbchl und trocken lagern.ArtikeldetailsUrsprungsland: ItalienKontaktKontaktname: Biscottificio Belli srlKontaktadresse: Via dell'Albereto, 26/28/30, I-50041 Calenzano - FirenzeMaximale Bestellmenge: 15 St\xc3\xbcckF\xc3\xbcr die vorstehenden Angaben wird keine Haftung \xc3\xbcbernommen. Bitte pr\xc3\xbcfen Sie im Einzelfall die Angaben auf der jeweiligen Produktverpackung, nur diese sind verbindlich.Das Produktdesign kann von der Abbildung abweichen.""",Berliner Str. 41-49,Rewe,Süßes & Salziges,2023-07-09,"Gültig ab morgen bis Samstag, 15.07.2023"
Mitsuba Japanese Peanut Crunch & Crispies,https://img.rewe-static.de/REWE28_2023/8348948/31504369-13_digital-image.png?impolicy=s-offers&imwidth=200&output-format=image/webp,,https://shop.rewe.de/productList?search=1729713,,"je 100-g-Btl , (1 kg = 14.90)",Aktion,"1,49 €","b'ProduktbeschreibungArtikelnummer 8348948Zutaten & AllergeneZutaten: 53% Reis, WEIZENMEHL, Zucker, 8% ERDN\xc3\x9cSSE, modifizierte Maisst\xc3\xa4rke, 5% Sojaso\xc3\x9fe (Wasser, SOJABOHNEN, WEIZEN, Salz), SESAM, Glukosesirup, 0,7% Meeresalgen, Maltodextrin, Hefeextrakt, Salz, St\xc3\xa4rke (Tapioka, Kartoffel), Farbstoff (Zuckerkul\xc3\xb6r, Paprikaextrakt, E141).Allergenhinweise: Enth\xc3\xa4lt: Weizen und Weizenerzeugnisse (glutenhaltiges Getreide). Erdn\xc3\xbcsse und Erdnusserzeugnisse. Soja und Sojaerzeugnisse.N\xc3\xa4hrwerteDurchschnittliche N\xc3\xa4hrwerteUnzubereitet pro 100 gEnergie1.661 kJEnergie393 kcalFett5,2 gFett, davon ges\xc3\xa4ttigte Fetts\xc3\xa4uren1,1 gKohlenhydrate76 gKohlenhydrate, davon Zucker13,2 gBallaststoffe4,1 gEiwei\xc3\x9f8,6 gSalz1,3 gHinweiseAufbewahrungs- und Verwendungshinweis: Mindestens haltbar bis Ende: siehe VerpackungsaufdruckArtikeldetailsMarke: MitsubaEigenschaften: *Neu*KontaktKontaktname: Menken Orlando B.V.,Kontaktadresse: Kerketuinenweg 35, NL-2544 CV, Den Haag, The NetherlandsMaximale Bestellmenge: 15 St\xc3\xbcckF\xc3\xbcr die vorstehenden Angaben wird keine Haftung \xc3\xbcbernommen. Bitte pr\xc3\xbcfen Sie im Einzelfall die Angaben auf der jeweiligen Produktverpackung, nur diese sind verbindlich.Das Produktdesign kann von der Abbildung abweichen.'",Berliner Str. 41-49,Rewe,Süßes & Salziges,2023-07-09,"Gültig ab morgen bis Samstag, 15.07.2023"
Mitsuba Thai Chilli Crispies,https://img.rewe-static.de/REWE28_2023/8349986/30311577-9_digital-image.png?impolicy=s-offers&imwidth=200&output-format=image/webp,,https://shop.rewe.de/productList?search=1729713,,"je 85-g-Pckg , (1 kg = 17.53)",Aktion,"1,49 €","b""ProduktbeschreibungArtikelnummer 8349986You've found the real Asian flavour experience with Mitsuba! Our range of extraordinary savoury snacks inspired by the spices & herbs you can discover across Asia. Each pack is full of flavours and satisfying crunchy textures. Discover real Asian flavours. With a Crunch! Inspired by Kyoto Wasabi flavoured. MSG free. Palm oil free. Inspired by Phuket. Sweet chilli flavoured.Zutaten & AllergeneZutaten: 45% Jasminreis, Sonnenblumenol, Zucker, Tapiokast\xc3\xa4rke,Sojaso\xc3\x9fe (Wasser, SOJABOHNEN, WEIZEN, Salz,) Salz, Knoblauchpulver, 0,3% Chillipulver, Farbstoff(Paprikaextrakt), S\xc3\xbc\xc3\x9fholzpulver, S\xc3\xa4ureregulator(Citronens\xc3\xa4ure). Kann ERDN\xc3\x9cSSEN, SCHALENFR\xc3\x9cCHTE & SESAM enthalten.Allergenhinweise: Enth\xc3\xa4lt: Soja und Sojaerzeugnisse. Weizen und Weizenerzeugnisse (glutenhaltiges Getreide). Glutenhaltiges Getreide und glutenhaltige Getreideerzeugnisse. Kann enthalten: Erdn\xc3\xbcsse und Erdnusserzeugnisse. N\xc3\xbcsse und Nusserzeugnisse. Sesamsamen und Sesamsamenerzeugnisse.N\xc3\xa4hrwerteDurchschnittliche N\xc3\xa4hrwerteUnzubereitet pro 100 gEnergie2.254 kJEnergie540 kcalFett32,3 gFett, davon ges\xc3\xa4ttigte Fetts\xc3\xa4uren2,8 gKohlenhydrate58,1 gKohlenhydrate, davon Zucker14,5 gBallaststoffe1,3 gEiwei\xc3\x9f3,6 gSalz2,4 gHinweiseAufbewahrungs- und Verwendungshinweis: K\xc3\xbchl, trocken und lichtgesch\xc3\xbctzt lagern.Information: Unter Schutzatmosph\xc3\xa4re verpackt.ArtikeldetailsMarke: MitsubaUrsprungsland: NiederlandeKontaktKontaktname: MitsubaKontaktadresse: P.O. Box 43464, 2504 AL The Hague, NLF\xc3\xbcr die vorstehenden Angaben wird keine Haftung \xc3\xbcbernommen. Bitte pr\xc3\xbcfen Sie im Einzelfall die Angaben auf der jeweiligen Produktverpackung, nur diese sind verbindlich.Das Produktdesign kann von der Abbildung abweichen.""",Berliner Str. 41-49,Rewe,Süßes & Salziges,2023-07-09,"Gültig ab morgen bis Samstag, 15.07.2023"
Alwa Mineralwasser,https://img.rewe-static.de/REWE28_2023/7271554/27910389-9_digital-image.png?impolicy=s-offers&imwidth=200&output-format=image/webp,,https://shop.rewe.de/productList?search=1729713,,"versch. Sorten , je 12 x 0,75-l-Fl.-Kasten , (1 l = 0.44) , zzgl. 3.30 Pfand",Knaller,"3,99 €","b'ProduktbeschreibungArtikelnummer 7271554Zutaten & AllergeneZutaten: Mineralwasser, Kohlens\xc3\xa4ure.N\xc3\xa4hrwerteDurchschnittliche N\xc3\xa4hrwerteUnzubereitet pro 1 lCalcium520 mgMagnesium65 mgHinweiseInformation: Quellort: Sersheim; Quellname: alwaAnalysenauszug Mineralien - in mg/L:Natrium 17Kalium 5,4Calcium 520Magnesium 65Chlorid 29Sulfat 1170Hydrogencarbonat 415Analyse des Institut Dr. L\xc3\xb6rcher und Partner mbB, Ludwigsburg, best\xc3\xa4tigt durch laufende Kontrollen.ArtikeldetailsMarke: AlwaNettof\xc3\xbcllmenge: 0,75 LEigenschaften: RegionalPackungsgr\xc3\xb6\xc3\x9fe: 0,75lKontaktKontaktname: alwa Mineralbrunnen GmbHKontaktadresse: 74372 SersheimF\xc3\xbcr die vorstehenden Angaben wird keine Haftung \xc3\xbcbernommen. Bitte pr\xc3\xbcfen Sie im Einzelfall die Angaben auf der jeweiligen Produktverpackung, nur diese sind verbindlich.Das Produktdesign kann von der Abbildung abweichen.'",Berliner Str. 41-49,Rewe,Alkoholfreie Getränke,2023-07-09,"Gültig ab morgen bis Samstag, 15.07.2023"
Eiszeit Quell,https://img.rewe-static.de/REWE28_2023/2100223/3798720-22_digital-image.png?impolicy=s-offers&imwidth=200&output-format=image/webp,,https://shop.rewe.de/productList?search=1729713,,"versch. Sorten , je 9 x 1-l-Fl.-Kasten , (1 l = 0.67) , zzgl. 3.75 Pfand",Knaller,"5,99 €","ProduktbeschreibungArtikelnummer 2100223NährwerteDurchschnittliche NährwerteUnzubereitet pro 1 lKalium3,8 mgChlorid3,2 mgCalcium135 mgMagnesium35 mgFluorid0,6 mgBikarbonat354 mgNatrium6,9 mgSulfat 4+200 mgHinweiseAufbewahrungs- und Verwendungshinweis: Vor Sonnenlicht und Wärme schützenInformation: Kieselsäure 14,8mg/l Quellort:Reutlingen Quellname:Eiszeitquell Analyseinstitut des Chemischen Instituts FreseniusArtikeldetailsMarke: EiszeitquellNettofüllmenge: 1 LPackungsgröße: 1,0lx9KontaktKontaktname: Romina Mineralbrunnen GmbHKontaktadresse: 72768 ReutlingenMaximale Bestellmenge: 15 StückFür die vorstehenden Angaben wird keine Haftung übernommen. Bitte prüfen Sie im Einzelfall die Angaben auf der jeweiligen Produktverpackung, nur diese sind verbindlich.Das Produktdesign kann von der Abbildung abweichen.",Berliner Str. 41-49,Rewe,Alkoholfreie Getränke,2023-07-09,"Gültig ab morgen bis Samstag, 15.07.2023"
Orangina Limonade Original,https://img.rewe-static.de/REWE28_2023/8157671/28274487-6_digital-image.png?impolicy=s-offers&imwidth=200&output-format=image/webp,,https://shop.rewe.de/productList?search=1729713,,"je 0,5-l-Fl , (1 l = 1.98) , zzgl. 0.25 Pfand",Aktion,"0,99 €","b'ProduktbeschreibungArtikelnummer 8157671Zutaten & AllergeneZutaten: Wasser, Mehrfruchtsaft aus Fruchtsaftkonzentraten (Orange 10%, Zitrone, Mandarine, Grapefruit), Zucker , 2 % Fruchtfleisch (Orange, Mandarine) , Kohlens\xc3\xa4ure, Orangenschalenextrakt, nat\xc3\xbcrliches Orangenaroma.N\xc3\xa4hrwerteDurchschnittliche N\xc3\xa4hrwerteUnzubereitet pro 100 mlEnergie183 kJEnergie43 kcalFett0 gFett, davon ges\xc3\xa4ttigte Fetts\xc3\xa4uren0 gKohlenhydrate10 gKohlenhydrate, davon Zucker10 gBallaststoffe0 gEiwei\xc3\x9f0 gSalz0 gHinweiseAufbewahrungs- und Verwendungshinweis: Bitte k\xc3\xbchl und dunkel lagernArtikeldetailsMarke: OranginaNettof\xc3\xbcllmenge: 0,5 LUrsprungsland: DeutschlandKontaktKontaktname: Schweppes Deutschland GmbHKontaktadresse: Hagener Stra\xc3\x9fe 261, 57223 KreuztalF\xc3\xbcr die vorstehenden Angaben wird keine Haftung \xc3\xbcbernommen. Bitte pr\xc3\xbcfen Sie im Einzelfall die Angaben auf der jeweiligen Produktverpackung, nur diese sind verbindlich.Das Produktdesign kann von der Abbildung abweichen.'",Berliner Str. 41-49,Rewe,Alkoholfreie Getränke,2023-07-09,"Gültig ab morgen bis Samstag, 15.07.2023"
Bionade,https://img.rewe-static.de/REWE28_2023/0674450/25360165-8_digital-image.png?impolicy=s-offers&imwidth=200&output-format=image/webp,,https://shop.rewe.de/productList?search=1729713,,"versch. Sorten , je 12 x 0,33-l-Fl.-Kasten , (1 l = 2.02) , zzgl. 2.46 Pfand",Aktion,"7,99 €","b'ProduktbeschreibungArtikelnummer 674450Zutaten & AllergeneZutaten: Wasser, Zucker*, GERSTENmalz*, Holunderbeerensaft (1,7%) aus Holunderbeerensaftkonzentrat*, Kohlens\xc3\xa4ure, nat\xc3\xbcrliches Apfelsaft-, Orangen-, Blutorangen-Aroma*, S\xc3\xa4ureregulatoren Calcium- u.Magnesiumcarbonat, *Kontrolliert biologischer Anbau.N\xc3\xa4hrwerteDurchschnittliche N\xc3\xa4hrwerteUnzubereitet pro 100 mlEnergie95 kJEnergie22 kcalFett< 0,5 gFett, davon ges\xc3\xa4ttigte Fetts\xc3\xa4uren< 0,1 gKohlenhydrate5 gKohlenhydrate, davon Zucker5 gEiwei\xc3\x9f< 0,5 gSalz< 0,01 gArtikeldetailsMarkeBionadeNettof\xc3\xbcllmenge0,33 LEigenschaftenBio\xc3\x96kologische HerkunftEU/Nicht-EU Landwirtschaft\xc3\x96ko KontrollstelleDE-\xc3\x96KO-012Packungsgr\xc3\xb6\xc3\x9fe0,33lx12KontaktKontaktname: Bionade GmbHKontaktadresse: 97645 Ostheim vor der Rh\xc3\xb6nMaximale Bestellmenge: 15 St\xc3\xbcckF\xc3\xbcr die vorstehenden Angaben wird keine Haftung \xc3\xbcbernommen. Bitte pr\xc3\xbcfen Sie im Einzelfall die Angaben auf der jeweiligen Produktverpackung, nur diese sind verbindlich.Das Produktdesign kann von der Abbildung abweichen.'",Berliner Str. 41-49,Rewe,Alkoholfreie Getränke,2023-07-09,"Gültig ab morgen bis Samstag, 15.07.2023"
Volvic Bio Teegetränk,https://img.rewe-static.de/REWE28_2023/8279796/29189621-10_digital-image.png?impolicy=s-offers&imwidth=200&output-format=image/webp,,https://shop.rewe.de/productList?search=1729713,,"versch. Sorten , je 0,75-l-Fl , (1 l = 1.72) , zzgl. 0.25 Pfand",Aktion,"1,29 €","b'ProduktbeschreibungArtikelnummer 8279796Volvic Bio Tee - Ein einzigartiges Geschmackserlebnis aus besten Zutaten in Bio-Qualit\xc3\xa4t.\nF\xc3\xbcr Tee-Liebhaber und Bio-Fans gibt es Volvic jetzt in drei au\xc3\x9fergew\xc3\xb6hnlichen\nKompositionen inspiriert von den m\xc3\xa4chtigsten Vulkanen der Welt.\nBegeistert von der einzigartigen Erhabenheit des Piton de la Fournaise im exotischen\nInselparadies La Reunion, haben wir unseren Hibiskus Tee mit Litschi Maracuja-Geschmack kreiert.\nVolvic Bio Tee ist leckerer Eistee aus besten Zutaten in Bio-Qualit\xc3\xa4t \xe2\x80\x93 nat\xc3\xbcrlich, zuckerreduziert und mit wenig Kalorien.\nVolvic Bio Tee\n- Einzigartig nat\xc3\xbcrlicher Geschmack in den Sorten Hibiskus Tee, Rooibos Tee, Wei\xc3\x9fer Tee\n- Zuckerreduziert, mit wenig Kalorien\n- Nat\xc3\xbcrliche Zutaten in Bio-Qualit\xc3\xa4t\n- 100% nat\xc3\xbcrliche Aromen... mehr anzeigenZutaten & AllergeneZutaten: Nat\xc3\xbcrliches Mineralwasser Volvic (95%), Bio-Zucker, Bio-Zitronensaft aus Zitronensaftkonzentrat (1,6%), Bio-Hibiskus-Aufguss (0,09%), nat\xc3\xbcrliches Litschi-Passionsfrucht-Aroma, nat\xc3\xbcrliches Passionsfrucht-Aroma, f\xc3\xa4rbendes Bio-Konzentrat aus Holunderbeere, Apfel und schwarzer Johannisbeere.Allergenhinweise: Enth\xc3\xa4lt: Keine deklarationspflichtigen Allergene enthalten.N\xc3\xa4hrwerteDurchschnittliche N\xc3\xa4hrwerteUnzubereitet pro 100 mlEnergie56 kJEnergie13 kcalFett0 gFett, davon ges\xc3\xa4ttigte Fetts\xc3\xa4uren0 gKohlenhydrate3,1 gKohlenhydrate, davon Zucker3,1 gEiwei\xc3\x9f0 gSalz< 0,01 gHinweiseAufbewahrungs- und Verwendungshinweis: Nach dem \xc3\x96ffnen im K\xc3\xbchlschrank aufbewahren und innerhalb von 3 Tagen aufbrauchen. K\xc3\xbchl & trocken lagern sowie vor direkter Sonneneinstrahlung sch\xc3\xbctzen.ArtikeldetailsMarke: VolvicNettof\xc3\xbcllmenge: 0,75 LEigenschaften: BioUrsprungsland: Frankreich\xc3\x96ko Kontrollstelle: FR-BIO-01KontaktKontaktname: Danone Deutschland GmbHKontaktadresse: Postfach 100359, 60003 Frankfurt DeutschlandF\xc3\xbcr die vorstehenden Angaben wird keine Haftung \xc3\xbcbernommen. Bitte pr\xc3\xbcfen Sie im Einzelfall die Angaben auf der jeweiligen Produktverpackung, nur diese sind verbindlich.Das Produktdesign kann von der Abbildung abweichen.'",Berliner Str. 41-49,Rewe,Alkoholfreie Getränke,2023-07-09,"Gültig ab morgen bis Samstag, 15.07.2023"
Vio Flavour Water,https://img.rewe-static.de/REWE28_2023/8874805/37819131-2_digital-image.png?impolicy=s-offers&imwidth=200&output-format=image/webp,,https://shop.rewe.de/productList?search=1729713,,"versch. Sorten , je 1-l-Fl , zzgl. 0.25 Pfand",Aktion,"0,99 €",nan,Berliner Str. 41-49,Rewe,Alkoholfreie Getränke,2023-07-09,"Gültig ab morgen bis Samstag, 15.07.2023"
Sinalco Orangenlimonade,https://img.rewe-static.de/REWE28_2023/0064822/2879460-37_digital-image.png?impolicy=s-offers&imwidth=200&output-format=image/webp,,https://shop.rewe.de/productList?search=1729713,,"je 1,25-l-Fl , (1 l = 0.63) , zzgl. 0.25 Pfand",Aktion,"0,79 €","b'ProduktbeschreibungArtikelnummer 64822Zutaten & AllergeneZutaten: Nat\xc3\xbcrliches Mineralwasser, Zucker, Orangensaft aus Orangensaftkonzentrat (5%), Kohlens\xc3\xa4ure, S\xc3\xa4uerungsmittel Citronens\xc3\xa4ure, Orangenextrakt, f\xc3\xa4rbendes Lebensmittel Karottensaftkonzentrat, Vitamin C, nat\xc3\xbcrliches Orangenaroma mit anderen nat\xc3\xbcrlichen Aromen, S\xc3\xa4ureregulator Trinatriumcitrat, Stabilisator Johannisbrotkernmehl.N\xc3\xa4hrwerteDurchschnittliche N\xc3\xa4hrwerteUnzubereitet pro 100 mlEnergie167 kJEnergie39 kcalFett0 gFett, davon ges\xc3\xa4ttigte Fetts\xc3\xa4uren0 gKohlenhydrate9,5 gKohlenhydrate, davon Zucker9,5 gEiwei\xc3\x9f0 gSalz0,06 gVitamin C12 mgHinweiseAufbewahrungs- und Verwendungshinweis: Vor Sonnenlicht und W\xc3\xa4rme sch\xc3\xbctzenInformation: Fruchtgehalt: 5%ArtikeldetailsMarke: SinalcoNettof\xc3\xbcllmenge: 1,25 LUrsprungsland: DeutschlandPackungsgr\xc3\xb6\xc3\x9fe: 1,25lKontaktKontaktname: Deutsche Sinalco GmbH Markengetr\xc3\xa4nke & co. KG, In Lizenz der Sinalco International GmbH & Co. KGKontaktadresse: D- 47179 DuisburgMaximale Bestellmenge: 15 St\xc3\xbcckF\xc3\xbcr die vorstehenden Angaben wird keine Haftung \xc3\xbcbernommen. Bitte pr\xc3\xbcfen Sie im Einzelfall die Angaben auf der jeweiligen Produktverpackung, nur diese sind verbindlich.Das Produktdesign kann von der Abbildung abweichen.'",Berliner Str. 41-49,Rewe,Alkoholfreie Getränke,2023-07-09,"Gültig ab morgen bis Samstag, 15.07.2023"
Karamalz,https://img.rewe-static.de/REWE28_2023/0146790/22381314-3_digital-image.png?impolicy=s-offers&imwidth=200&output-format=image/webp,,https://shop.rewe.de/productList?search=1729713,,"alkoholfreies Malzgetränk , je 20 x 0,5-l-Fl.-Kasten , (1 l = 1.15) , zzgl. 3.10 Pfand",Aktion,"11,49 €","b'ProduktbeschreibungArtikelnummer 146790Karamalz Classic ist ein alkoholfreies Malzgetr\xc3\xa4nk mit der charakteristischen Karamell-Note, die auch namensgebend f\xc3\xbcr Karamalz ist. Durch die Verwendung bester Zutaten, dem Einsatz des typischen Karamell-Malzes und der richtigen Dosis Kohlens\xc3\xa4ure entsteht der einzigartige Geschmack von Karamalz Classic. Die Mixtur der wertvollen Inhaltsstoffe wie Hopfenextrakt und Gerstenmalz - mit der nat\xc3\xbcrlichen Kraft aus Maltose - liefert seit\xc3\xbcber 50 Jahren lecker-starken Trinkgenuss. Es ist somit das ideale Getr\xc3\xa4nk am Ende eines herausfordernden und spannenden Tages und ein Genuss f\xc3\xbcr die ganze Familie.Zutaten & AllergeneZutaten: Wasser, GERSTENMALZ, Glucose-Fructose Sirup, Kohlens\xc3\xa4ure, Hopfenextrakt.N\xc3\xa4hrwerteDurchschnittliche N\xc3\xa4hrwerteUnzubereitet pro 100 mlEnergie184 kJEnergie44 kcalFett0 gFett, davon ges\xc3\xa4ttigte Fetts\xc3\xa4uren0 gKohlenhydrate10,5 gKohlenhydrate, davon Zucker8 gEiwei\xc3\x9f< 0,4 gSalz< 0,01 gHinweiseAufbewahrungs- und Verwendungshinweis: K\xc3\xbchl und dunkel lagernArtikeldetailsMarke: KaramalzNettof\xc3\xbcllmenge: 0,5 LPackungsgr\xc3\xb6\xc3\x9fe: 0,5lx20KontaktKontaktname: Privatbrauerei Eichbaum GmbH & Co.KGKontaktadresse: K\xc3\xa4fertaler Stra\xc3\x9fe 170, 68167 MannheimMaximale Bestellmenge: 15 St\xc3\xbcckF\xc3\xbcr die vorstehenden Angaben wird keine Haftung \xc3\xbcbernommen. Bitte pr\xc3\xbcfen Sie im Einzelfall die Angaben auf der jeweiligen Produktverpackung, nur diese sind verbindlich.Das Produktdesign kann von der Abbildung abweichen.'",Berliner Str. 41-49,Rewe,Alkoholfreie Getränke,2023-07-09,"Gültig ab morgen bis Samstag, 15.07.2023"
Rauch Eis Tee,https://img.rewe-static.de/REWE28_2023/8028256/30756925-10_digital-image.png?impolicy=s-offers&imwidth=200&output-format=image/webp,,https://shop.rewe.de/productList?search=1729713,,"versch. Sorten , je 1,5-l-Fl , (1 l = 0.86) , zzgl. 0.25 Pfand",Aktion,"1,29 €","b'ProduktbeschreibungArtikelnummer 8028256Zutaten & AllergeneZutaten: Aufguss aus Schwarztee und Hagebutten (Wasser, Schwarztee, Hagebutten), Zucker, 1,5% Zitronensaft aus Zitronensaftkonzentrat, S\xc3\xa4uerungsmittel: Citronens\xc3\xa4ure; S\xc3\xa4ureregulator: Natriumcitrate; Aroma. Tee-Extrakt: mind. 1,5 g/l.N\xc3\xa4hrwerteDurchschnittliche N\xc3\xa4hrwerteUnzubereitet pro 100 mlEnergie118 kJEnergie28 kcalFett< 0,5 gFett, davon ges\xc3\xa4ttigte Fetts\xc3\xa4uren< 0,1 gKohlenhydrate6,7 gKohlenhydrate, davon Zucker6,7 gEiwei\xc3\x9f< 0,5 gSalz0,02 gHinweiseAufbewahrungs- und Verwendungshinweis: Ge\xc3\xb6ffnet gek\xc3\xbchlt 3 Tage haltbar.ArtikeldetailsMarke: RauchNettof\xc3\xbcllmenge: 1,5 LUrsprungsland: \xc3\x96sterreichKontaktKontaktname: Rauch Fruchts\xc3\xa4fte GmbH & Co OGKontaktadresse: Langgasse 1, A-6830 Rankweil, AustriaF\xc3\xbcr die vorstehenden Angaben wird keine Haftung \xc3\xbcbernommen. Bitte pr\xc3\xbcfen Sie im Einzelfall die Angaben auf der jeweiligen Produktverpackung, nur diese sind verbindlich.Das Produktdesign kann von der Abbildung abweichen.'",Berliner Str. 41-49,Rewe,Alkoholfreie Getränke,2023-07-09,"Gültig ab morgen bis Samstag, 15.07.2023"
"Gerolsteiner Schorle, Limo, Tee oder Fruity",https://img.rewe-static.de/REWE28_2023/0913150/35561510-9_digital-image.png?impolicy=s-offers&imwidth=200&output-format=image/webp,,https://shop.rewe.de/productList?search=1729713,,"versch. Sorten , je 0,75-l-Fl , (1 l = 1.32) , zzgl. 0.25 Pfand",Aktion,"0,99 €",nan,Berliner Str. 41-49,Rewe,Alkoholfreie Getränke,2023-07-09,"Gültig ab morgen bis Samstag, 15.07.2023"
Sanpellegrino Limonade,https://img.rewe-static.de/REWE28_2023/7836277/34639276-11_digital-image.png?impolicy=s-offers&imwidth=200&output-format=image/webp,,https://shop.rewe.de/productList?search=1729713,,"versch. Sorten , je 0,33-l-Dose , (1 l = 2.70) , zzgl. 0.25 Pfand",Aktion,"0,89 €","b'ProduktbeschreibungArtikelnummer 7836277Zutaten & AllergeneZutaten: Wasser, Orangensaft aus Orangensaftkonzentrat (16%), Zucker, Kohlens\xc3\xa4ure, Zitronensaftkonzentrat, Orangenextrakt (0,1%), nat\xc3\xbcrliches Orangenaroma.N\xc3\xa4hrwerteDurchschnittliche N\xc3\xa4hrwerteUnzubereitet pro 100 mlEnergie149 kJEnergie35 kcalFett0 gFett, davon ges\xc3\xa4ttigte Fetts\xc3\xa4uren0 gKohlenhydrate8,1 gKohlenhydrate, davon Zucker8,1 gBallaststoffe0,1 gEiwei\xc3\x9f0,1 gSalz0 gHinweiseAufbewahrungs- und Verwendungshinweis: Vor Sonne und Frost sch\xc3\xbctzen und an einem sauberen, trockenen, k\xc3\xbchlen und geruchlosen Ort lagern.ArtikeldetailsMarke: San PellegrinoNettof\xc3\xbcllmenge: 0,33 LUrsprungsland: ItalienKontaktKontaktname: SANPELLEGRINO S.p.A.Kontaktadresse: San PellegrinoTerme (BG)Localit\xc3\xa0 Ruspino24016 - ItalienMaximale Bestellmenge: 15 St\xc3\xbcckF\xc3\xbcr die vorstehenden Angaben wird keine Haftung \xc3\xbcbernommen. Bitte pr\xc3\xbcfen Sie im Einzelfall die Angaben auf der jeweiligen Produktverpackung, nur diese sind verbindlich.Das Produktdesign kann von der Abbildung abweichen.'",Berliner Str. 41-49,Rewe,Alkoholfreie Getränke,2023-07-09,"Gültig ab morgen bis Samstag, 15.07.2023"
Deit oder Spezi,https://img.rewe-static.de/REWE28_2023/0574152/6524320-22_digital-image.png?impolicy=s-offers&imwidth=200&output-format=image/webp,,https://shop.rewe.de/productList?search=1729713,,"versch. Sorten, teilw. koffeinhaltig , je 0,75-l-Fl , (1 l = 1.19) , zzgl. 0.25 Pfand",Aktion,"0,89 €","b'ProduktbeschreibungArtikelnummer 574152DEIT verf\xc3\xbchrt zum Tr\xc3\xa4umen vom S\xc3\xbcden und dem Land, wo die Zitronen bl\xc3\xbchen. Feinherbe Fruchtigkeit, prickelndes Mineralwasser und viele Vitamine \xe2\x80\x93 ganz ohne \xc3\xbcberfl\xc3\xbcssige Kalorien. Die perfekte Mischung f\xc3\xbcr figurbewusste Genie\xc3\x9fer!\nDEIT. Null Zucker, viele Vitamine, voller Fruchtgeschmack!Zutaten & AllergeneZutaten: Nat\xc3\xbcrliches Mineralwasser, Kohlens\xc3\xa4ure, Zitronen- und Orangensaftkonzentrat, konzentrierter Zitronenextrakt, S\xc3\xa4uerungsmittel Citronens\xc3\xa4ure, S\xc3\xbc\xc3\x9fungsmittel Natriumcyclamat, Acesulfam K, Aspartam und Natriumsaccharin, Vitaminmischung (Vitamin C, Vitamin E, Niacin, Pantothenat, Vitamin B6, Fols\xc3\xa4ure, Vitamin B12), nat\xc3\xbcrliches Citrusaroma, Stabilisatoren Guarkernmehl und Pektin.N\xc3\xa4hrwerteDurchschnittliche N\xc3\xa4hrwerteUnzubereitet pro 100 mlEnergie12 kJEnergie3 kcalFett0 gFett, davon ges\xc3\xa4ttigte Fetts\xc3\xa4uren0 gKohlenhydrate0 gKohlenhydrate, davon Zucker0 gEiwei\xc3\x9f0 gSalz0,01 gVitamin E1,8 mgVitamin C8 mgNiacin2,4 mgFols\xc3\xa4ure30 \xc2\xb5gPantothens\xc3\xa4ure0,9 mgVitamin B60,21 mgVitamin B120,25 \xc2\xb5gHinweiseAufbewahrungs- und Verwendungshinweis: Vor W\xc3\xa4rme und Licht sch\xc3\xbctzen.Information: Enth\xc3\xa4lt eine Phenylalaninquelle.ArtikeldetailsMarke: DeitNettof\xc3\xbcllmenge: 0,75 LUrsprungsland: DeutschlandPackungsgr\xc3\xb6\xc3\x9fe: 0,75lKontaktKontaktname: DrinkStar GmbHKontaktadresse: D-83026 RosenheimF\xc3\xbcr die vorstehenden Angaben wird keine Haftung \xc3\xbcbernommen. Bitte pr\xc3\xbcfen Sie im Einzelfall die Angaben auf der jeweiligen Produktverpackung, nur diese sind verbindlich.Das Produktdesign kann von der Abbildung abweichen.'",Berliner Str. 41-49,Rewe,Alkoholfreie Getränke,2023-07-09,"Gültig ab morgen bis Samstag, 15.07.2023"
Rockstar Energy Drink,https://img.rewe-static.de/REWE28_2023/7861466/33881992-10_digital-image.png?impolicy=s-offers&imwidth=200&output-format=image/webp,,https://shop.rewe.de/productList?search=1729713,,"versch. Sorten, koffeinhaltig , je 0,5-l-Dose , (1 l = 1.76) , zzgl. 0.25 Pfand",Aktion,"0,88 €","b'ProduktbeschreibungArtikelnummer 7861466Zutaten & AllergeneZutaten: Wasser, Zucker, S\xc3\xa4uerungsmittel Citronens\xc3\xa4ure, Kohlens\xc3\xa4ure, S\xc3\xa4ureregulator Natriumcitrate, Aroma, Koffein (0,03%), Vitamine (Vitamin C, Nicotins\xc3\xa4ureamid, Vitamin B6), Farbstoffe (Ammoniak-Zuckerkul\xc3\xb6r, Riboflavine), Taurin (0,02%), Inosit (0,01%), Ginseng-Aromaextrakt (0,0004%).N\xc3\xa4hrwerteDurchschnittliche N\xc3\xa4hrwerteUnzubereitet pro 100 mlEnergie221 kJEnergie52 kcalFett0 gFett, davon ges\xc3\xa4ttigte Fetts\xc3\xa4uren0 gKohlenhydrate13 gKohlenhydrate, davon Zucker12 gEiwei\xc3\x9f0 gSalz0,17 gVitamin C16 mgNiacin3,2 mgVitamin B60,28 mgHinweiseAufbewahrungs- und Verwendungshinweis: K\xc3\xbchl und trocken aufbewahren.Information: Erh\xc3\xb6hter Koffeingehalt. F\xc3\xbcr Kinder und schwangere oder stillende Frauen nicht empfohlen (Koffeingehalt:31mg/100ml). Nicht empfohlen f\xc3\xbcr Personen, die empfindlich auf Koffein reagieren. In moderaten Mengen konsumieren. Nicht empfohlen mit Alkohol zu mischen.ArtikeldetailsMarke: RockstarNettof\xc3\xbcllmenge: 0,5 LUrsprungsland: DeutschlandKontaktKontaktname: PepsiCo Deutschland GmbHKontaktadresse: D-63263 Neu-IsenburgMaximale Bestellmenge: 15 St\xc3\xbcckF\xc3\xbcr die vorstehenden Angaben wird keine Haftung \xc3\xbcbernommen. Bitte pr\xc3\xbcfen Sie im Einzelfall die Angaben auf der jeweiligen Produktverpackung, nur diese sind verbindlich.Das Produktdesign kann von der Abbildung abweichen.'",Berliner Str. 41-49,Rewe,Alkoholfreie Getränke,2023-07-09,"Gültig ab morgen bis Samstag, 15.07.2023"
Lipton Ice Tea oder Sparkling,https://img.rewe-static.de/REWE28_2023/8553666/32715823-10_digital-image.png?impolicy=s-offers&imwidth=200&output-format=image/webp,,https://shop.rewe.de/productList?search=1729713,,"versch. Sorten , je 1,5-l-Fl , (1 l = 0.66) , zzgl. 0.25 Pfand",Aktion,"0,99 €","b'ProduktbeschreibungArtikelnummer 8553666Zutaten & AllergeneZutaten: Wasser, Zucker, Fruktose, S\xc3\xa4uerungsmittel (Citronens\xc3\xa4ure), Schwarztee-Extrakt\xe2\x81\xbd\xc2\xb9\xe2\x81\xbe (0,12%), Zitronensaft aus Zitronensaftkonzentrat (0,1%), Aromen, S\xc3\xa4ureregulator Trinatriumcitrat, Antioxidationsmittel Ascorbins\xc3\xa4ure, S\xc3\xbc\xc3\x9fungsmittel Steviolglycoside.\xe2\x81\xbd\xc2\xb9\xe2\x81\xbe Rainforest Alliance Certified.Mehr Informationen unter ra.org.N\xc3\xa4hrwerteDurchschnittliche N\xc3\xa4hrwerteUnzubereitet pro 100 mlEnergie81 kJEnergie19 kcalFett< 0,5 gFett, davon ges\xc3\xa4ttigte Fetts\xc3\xa4uren< 0,1 gKohlenhydrate4,6 gKohlenhydrate, davon Zucker4,5 gEiwei\xc3\x9f< 0,5 gSalz0,03 gHinweiseAufbewahrungs- und Verwendungshinweis: Nach dem \xc3\x96ffnen im K\xc3\xbchlschrank aufbewahren und bald konsumieren.ArtikeldetailsMarke: LiptonNettof\xc3\xbcllmenge: 1,5 LUrsprungsland: DeutschlandKontaktKontaktname: PepsiCo Deutschland GmbHKontaktadresse: D-63263 Neu-IsenburgMaximale Bestellmenge: 15 St\xc3\xbcckF\xc3\xbcr die vorstehenden Angaben wird keine Haftung \xc3\xbcbernommen. Bitte pr\xc3\xbcfen Sie im Einzelfall die Angaben auf der jeweiligen Produktverpackung, nur diese sind verbindlich.Das Produktdesign kann von der Abbildung abweichen.'",Berliner Str. 41-49,Rewe,Alkoholfreie Getränke,2023-07-09,"Gültig ab morgen bis Samstag, 15.07.2023"
Pepsi,https://img.rewe-static.de/REWE28_2023/8541362/32711974-34_digital-image.png?impolicy=s-offers&imwidth=200&output-format=image/webp,,https://shop.rewe.de/productList?search=1729713,,"versch. Sorten, koffeinhaltig , je 1,5-l-Fl , (1 l = 0.66) , zzgl. 0.25 Pfand",Aktion,"0,99 €","b'ProduktbeschreibungArtikelnummer 8541362Zutaten & AllergeneZutaten: Wasser, Zucker, Kohlens\xc3\xa4ure, Farbstoff E 150d, S\xc3\xa4uerungsmittel Phosphors\xc3\xa4ure, Aroma, S\xc3\xbc\xc3\x9fungsmittel (Acesulfam K, Sucralose), Aroma Koffein.N\xc3\xa4hrwerteDurchschnittliche N\xc3\xa4hrwerteUnzubereitet pro 100 mlEnergie120 kJEnergie28 kcalFett0 gFett, davon ges\xc3\xa4ttigte Fetts\xc3\xa4uren0 gKohlenhydrate7 gKohlenhydrate, davon Zucker7 gEiwei\xc3\x9f0 gSalz< 0,01 gHinweiseAufbewahrungs- und Verwendungshinweis: Mindestens haltbar bis: Siehe Flaschenhals.ArtikeldetailsMarke: PepsiNettof\xc3\xbcllmenge: 1,5 LUrsprungsland: DeutschlandKontaktKontaktname: PepsiCo Deutschland GmbHKontaktadresse: D-63263 Neu-IsenburgMaximale Bestellmenge: 15 St\xc3\xbcckF\xc3\xbcr die vorstehenden Angaben wird keine Haftung \xc3\xbcbernommen. Bitte pr\xc3\xbcfen Sie im Einzelfall die Angaben auf der jeweiligen Produktverpackung, nur diese sind verbindlich.Das Produktdesign kann von der Abbildung abweichen.'",Berliner Str. 41-49,Rewe,Alkoholfreie Getränke,2023-07-09,"Gültig ab morgen bis Samstag, 15.07.2023"
S. Pellegrino Mineralwasser,https://img.rewe-static.de/REWE28_2023/0106565/9482880-6_digital-image.png?impolicy=s-offers&imwidth=200&output-format=image/webp,,https://shop.rewe.de/productList?search=1729713,,"je 1-l-Fl , zzgl. 0.25 Pfand",Aktion,"0,79 €","b'ProduktbeschreibungArtikelnummer 106565S.Pellegrino bringt echtes italienisches Lebensgef\xc3\xbchl direkt zu Ihnen nach Hause. Ein feinperliges nat\xc3\xbcrliches Mineralwasser f\xc3\xbcr Genie\xc3\x9fer, das stilvoll erfrischt.\n\nUnnachahmlich prickelnd und frisch, so schmeckt S.Pellegrino. Das liegt an der einzigartigen Balance, die das Mineralwasser besonders feinperlig sprudeln l\xc3\xa4sst. Ausgewogen mineralisiert, ist S.Pellegrino ein ebenso spritziger wie authentischer Genuss.\n\nEin Wasser mit Tradition\n\nS.Pellegrino, das bereits seit 1899 Genie\xc3\x9fer begeistert, entspringt in der nahezu unber\xc3\xbchrten Natur der lombardischen Alpen. Auf seiner langen Reise durch breite Schichten Dolomit- und Gipsgestein erh\xc3\xa4lt das Wasser seine ausgewogene Mineralisierung und seine besondere Reinheit. \n\nImmer ein Genuss\n\nMit seinem nat\xc3\xbcrlichen und lebendigen Temperament ist S.Pellegrino ein Wasser, das einfach \xc3\xbcberall genossen werden kann. Darum gibt es den italienischen Klassiker auch in handlichen 1,0L Pet-Flaschen \xe2\x80\x93 Wie geschaffen f\xc3\xbcr geselliges Beisammensein und genussvolles Miteinander. Besonders praktisch: Im Sixpack haben Sie immer eine Flasche in Reserve.\n\nS.Pellegrino\n- Nat\xc3\xbcrliches feinperliges Mineralwasser\n- Erfrischt einfach herrlich italienisch\n- Ein Wasser f\xc3\xbcr anspruchsvolle Genie\xc3\x9fer\n- Ausgewogen mineralisiert und besonders prickelnd\n- Wassergenuss f\xc3\xbcr jede Gelegenheit in handlichen Pet-Flaschen... mehr anzeigenSeit 1899 ist S.Pellegrino eine Ikone italienischen Stils und eines der bekanntesten nat\xc3\xbcrlichen Mineralwasser der Welt. Dank seiner perfekten Balance aus feinperliger Kohlens\xc3\xa4ure, Mineralisierung und einzigartigem Geschmack \xc3\xbcberzeugt es Sommeliers und Spitzenk\xc3\xb6che. \nSo inspiriert S.Pellegrino dazu, genussvolle Momente auszukosten und sie zu teilen.N\xc3\xa4hrwerteDurchschnittliche N\xc3\xa4hrwerteUnzubereitet pro 1 lChlorid49,4 mgCalcium166 mgMagnesium49,5 mgBikarbonat244 mgNatrium30 mgSulfat 4+401 mgHinweiseAufbewahrungs- und Verwendungshinweis: Vor Sonne und Frost sch\xc3\xbctzen und an einem sauberen, trockenen, k\xc3\xbchlen und geruchlosen Ort lagern.Information: Abdampfr\xc3\xbcckstand bei 180 Grad: 853 mg/LpH-Wert an der Quelle: 7,7Aus der S.PELLEGRINO Quelle in SAN PELLEGRINO TERME (BERGAMO) ITALIENArtikeldetailsMarke: San PellegrinoNettof\xc3\xbcllmenge: 1 LUrsprungsland: ItalienPackungsgr\xc3\xb6\xc3\x9fe: 1,0lKontaktKontaktname: SANPELLEGRINO S.P.A.Kontaktadresse: 24016 SAN PELLEGRINO TERME (BG)LOCALIT\xc3\x80 RUSPINO - ITALIENMaximale Bestellmenge: 15 St\xc3\xbcckF\xc3\xbcr die vorstehenden Angaben wird keine Haftung \xc3\xbcbernommen. Bitte pr\xc3\xbcfen Sie im Einzelfall die Angaben auf der jeweiligen Produktverpackung, nur diese sind verbindlich.Das Produktdesign kann von der Abbildung abweichen.'",Berliner Str. 41-49,Rewe,Alkoholfreie Getränke,2023-07-09,"Gültig ab morgen bis Samstag, 15.07.2023"
Warsteiner Pils,https://img.rewe-static.de/REWE28_2023/4665945/27706345-2_digital-image.png?impolicy=s-offers&imwidth=200&output-format=image/webp,,https://shop.rewe.de/productList?search=1729713,,"je 20 x 0,5-l-Fl.-Kasten , (1 l = 1.10) , zzgl. 3.10 + 0.50 Pfand",Knaller,"10,99 €","b'Bestellung ab 18 Jahren.F\xc3\xbcr dieses Produkt gilt das Jugendschutzgesetz.ProduktbeschreibungArtikelnummer 4665945Mit \xc3\xbcber 260-j\xc3\xa4hriger Brautradition entsteht dieses eiskalt filtrierte internationale Pilsener der Premium-Klasse in der WARSTEINER Privatbrauerei. Der besonders hohe Anspruch an Qualit\xc3\xa4t und Geschmack beginnt bereits bei der Auswahl von besonders weichem Brauwasser, Hopfen aus der Hallertau und feinstem Sommergerstenmalz.Zutaten & AllergeneZutaten: Brauwasser, GERSTENMALZ, Hopfen, HopfenextraktN\xc3\xa4hrwerteDurchschnittliche N\xc3\xa4hrwerteUnzubereitet pro 100 mlEnergie175 kJEnergie42 kcalFett0 gFett, davon ges\xc3\xa4ttigte Fetts\xc3\xa4uren0 gKohlenhydrate3,5 gKohlenhydrate, davon Zucker0 gEiwei\xc3\x9f0,5 gSalz0 gArtikeldetailsMarke: WarsteinerAlkoholgehalt: 4,8 % Vol.Packungsgr\xc3\xb6\xc3\x9fe: 0,5lx20KontaktKontaktname: Warsteiner Brauerei Haus Cramer KGKontaktadresse: 59564 Warstein / DeutschlandMaximale Bestellmenge: 15 St\xc3\xbcckF\xc3\xbcr die vorstehenden Angaben wird keine Haftung \xc3\xbcbernommen. Bitte pr\xc3\xbcfen Sie im Einzelfall die Angaben auf der jeweiligen Produktverpackung, nur diese sind verbindlich.Das Produktdesign kann von der Abbildung abweichen.'",Berliner Str. 41-49,Rewe,Bier,2023-07-09,"Gültig ab morgen bis Samstag, 15.07.2023"
Jever Pilsener,https://img.rewe-static.de/REWE28_2023/5046009/22381826-10_digital-image.png?impolicy=s-offers&imwidth=200&output-format=image/webp,,https://shop.rewe.de/productList?search=1729713,,"versch. Sorten , je 20 x 0,5-l-Fl.-Kasten , (1 l = 1.20) , zzgl. 3.10 Pfand",Aktion,"11,99 €","b'Bestellung ab 18 Jahren.F\xc3\xbcr dieses Produkt gilt das Jugendschutzgesetz.ProduktbeschreibungArtikelnummer 5046009Zutaten & AllergeneZutaten: Wasser, GERSTENmalz, Hopfen.N\xc3\xa4hrwerteDurchschnittliche N\xc3\xa4hrwerteUnzubereitet pro 100 mlEnergie167 kJEnergie40 kcalFett0 gFett, davon ges\xc3\xa4ttigte Fetts\xc3\xa4uren0 gKohlenhydrate2,2 gKohlenhydrate, davon Zucker< 0,5 gEiwei\xc3\x9f< 0,5 gSalz0,02 gArtikeldetailsMarke: JeverAlkoholgehalt: 4,9 % Vol.Packungsgr\xc3\xb6\xc3\x9fe: 0,5lx20KontaktKontaktname: Friesisches Brauhaus zu JeverKontaktadresse: Elisabethufer 18 26441 JeverMaximale Bestellmenge: 15 St\xc3\xbcckF\xc3\xbcr die vorstehenden Angaben wird keine Haftung \xc3\xbcbernommen. Bitte pr\xc3\xbcfen Sie im Einzelfall die Angaben auf der jeweiligen Produktverpackung, nur diese sind verbindlich.Das Produktdesign kann von der Abbildung abweichen.'",Berliner Str. 41-49,Rewe,Bier,2023-07-09,"Gültig ab morgen bis Samstag, 15.07.2023"
Franziskaner Weissbier,https://img.rewe-static.de/REWE28_2023/4669606/22381783-6_digital-image.png?impolicy=s-offers&imwidth=200&output-format=image/webp,,https://shop.rewe.de/productList?search=1729713,,"versch. Sorten , je 20 x 0,5-l-Fl.-Kasten , (1 l = 1.30) , zzgl. 3.10 Pfand",Aktion,"12,99 €","b'Bestellung ab 18 Jahren.F\xc3\xbcr dieses Produkt gilt das Jugendschutzgesetz.ProduktbeschreibungArtikelnummer 4669606Zutaten & AllergeneZutaten: Wasser, WEIZENMALZ, GERSTENMALZ, Hefe, HopfenextraktN\xc3\xa4hrwerteDurchschnittliche N\xc3\xa4hrwerteUnzubereitet pro 100 mlEnergie180 kJEnergie43 kcalFett0,01 gFett, davon ges\xc3\xa4ttigte Fetts\xc3\xa4uren0,01 gKohlenhydrate2,6 gKohlenhydrate, davon Zucker0,2 gBallaststoffe0,4 gEiwei\xc3\x9f0,78 gSalz0,01 gHinweiseInformation: Kein Verzehr in Zusammenhang mita)dem F\xc3\xbchren von Fahrzeugen,b)einer Schwangerschaft,c)Medikamenten-EinnahmeArtikeldetailsMarke: FranziskanerAlkoholgehalt: 5 % Vol.Packungsgr\xc3\xb6\xc3\x9fe: 0,5lx20KontaktKontaktname: Spaten-Franziskaner Br\xc3\xa4u GmbHKontaktadresse: D-80335 M\xc3\xbcnchen, Marsstr. 46Maximale Bestellmenge: 15 St\xc3\xbcckF\xc3\xbcr die vorstehenden Angaben wird keine Haftung \xc3\xbcbernommen. Bitte pr\xc3\xbcfen Sie im Einzelfall die Angaben auf der jeweiligen Produktverpackung, nur diese sind verbindlich.Das Produktdesign kann von der Abbildung abweichen.'",Berliner Str. 41-49,Rewe,Bier,2023-07-09,"Gültig ab morgen bis Samstag, 15.07.2023"
Heller Seggl,https://img.rewe-static.de/REWE28_2023/8101326/28902168-23_digital-image.png?impolicy=s-offers&imwidth=200&output-format=image/webp,,https://shop.rewe.de/productList?search=1729713,,"je 20 x 0,5-l-Fl.-Kasten , (1 l = 1.20) , zzgl. 3.10 Pfand",Aktion,"11,99 €","b'Bestellung ab 18 Jahren.F\xc3\xbcr dieses Produkt gilt das Jugendschutzgesetz.ProduktbeschreibungArtikelnummer 8101326Zutaten & AllergeneZutaten: Wasser, Gerstenmalz, Hopfen.Allergenhinweise: Gersten und Gerstenerzeugnisse (glutenhaltiges Getreide).N\xc3\xa4hrwerteDurchschnittliche N\xc3\xa4hrwerteUnzubereitet pro 100 mlEnergie167 kJEnergie40 kcalFett< 0,1 gFett, davon ges\xc3\xa4ttigte Fetts\xc3\xa4uren< 0,1 gKohlenhydrate2,94 gKohlenhydrate, davon Zucker< 0,2 gEiwei\xc3\x9f0,46 gSalz< 0,01 gArtikeldetailsAlkoholgehalt: 5,1 % Vol.KontaktKontaktname: REWE Markt GmbHKontaktadresse: Im Unteren Wald, 69168 WieslochMaximale Bestellmenge: 15 St\xc3\xbcckF\xc3\xbcr die vorstehenden Angaben wird keine Haftung \xc3\xbcbernommen. Bitte pr\xc3\xbcfen Sie im Einzelfall die Angaben auf der jeweiligen Produktverpackung, nur diese sind verbindlich.Das Produktdesign kann von der Abbildung abweichen.'",Berliner Str. 41-49,Rewe,Bier,2023-07-09,"Gültig ab morgen bis Samstag, 15.07.2023"
Benediktiner Hell,https://img.rewe-static.de/REWE28_2023/3145695/26404048-8_digital-image.png?impolicy=s-offers&imwidth=200&output-format=image/webp,,https://shop.rewe.de/productList?search=1729713,,"je 20 x 0,5-l-Fl.-Kasten , (1 l = 1.50) , zzgl. 3.10 Pfand",Aktion,"14,99 €","b'Bestellung ab 18 Jahren.F\xc3\xbcr dieses Produkt gilt das Jugendschutzgesetz.ProduktbeschreibungArtikelnummer 3145695Zutaten & AllergeneZutaten: Wasser, GERSTENMALZ, HopfenHinweiseAufbewahrungs- und Verwendungshinweis: Bitte k\xc3\xbchl und dunkel lagernArtikeldetailsMarke: BenediktinerAlkoholgehalt: 5 % Vol.KontaktKontaktname: Benediktiner Weissbr\xc3\xa4u GmbHKontaktadresse: 82488 EttalMaximale Bestellmenge: 15 St\xc3\xbcckF\xc3\xbcr die vorstehenden Angaben wird keine Haftung \xc3\xbcbernommen. Bitte pr\xc3\xbcfen Sie im Einzelfall die Angaben auf der jeweiligen Produktverpackung, nur diese sind verbindlich.Das Produktdesign kann von der Abbildung abweichen.'",Berliner Str. 41-49,Rewe,Bier,2023-07-09,"Gültig ab morgen bis Samstag, 15.07.2023"
Veltins Helles Pülleken,https://img.rewe-static.de/REWE28_2023/8423348/30997960-4_digital-image.png?impolicy=s-offers&imwidth=200&output-format=image/webp,,https://shop.rewe.de/productList?search=1729713,,"je 24 x 0,33-l-Fl.-Kasten , (1 l = 1.77) , zzgl. 3.42 Pfand",Aktion,"13,99 €","b'Bestellung ab 18 Jahren.F\xc3\xbcr dieses Produkt gilt das Jugendschutzgesetz.ProduktbeschreibungArtikelnummer 8423348Zutaten & AllergeneZutaten: Wasser, GERSTENMALZ, Hopfen.N\xc3\xa4hrwerteDurchschnittliche N\xc3\xa4hrwerteUnzubereitet pro 100 mlEnergie179 kJEnergie43 kcalHinweiseAufbewahrungs- und Verwendungshinweis: Mindestens haltbar bis: Siehe Verpackungsaufdruck.ArtikeldetailsMarke: P\xc3\xbcllekenAlkoholgehalt: 5,2 % Vol.KontaktKontaktname: Brauerei C. & A. Veltins GmbH & Co. KGKontaktadresse: 59872 Meschede-GrevensteinF\xc3\xbcr die vorstehenden Angaben wird keine Haftung \xc3\xbcbernommen. Bitte pr\xc3\xbcfen Sie im Einzelfall die Angaben auf der jeweiligen Produktverpackung, nur diese sind verbindlich.Das Produktdesign kann von der Abbildung abweichen.'",Berliner Str. 41-49,Rewe,Bier,2023-07-09,"Gültig ab morgen bis Samstag, 15.07.2023"
Karlsberg Mixery,https://img.rewe-static.de/REWE28_2023/0019145/3716360-69_digital-image.png?impolicy=s-offers&imwidth=200&output-format=image/webp,,https://shop.rewe.de/productList?search=1729713,,"versch. Sorten, teilw. koffeinhaltig , je 0,5-l-Dose , (1 l = 1.98) , zzgl. 0.25 Pfand",Aktion,"0,99 €","b'Bestellung ab 18 Jahren.F\xc3\xbcr dieses Produkt gilt das Jugendschutzgesetz.ProduktbeschreibungArtikelnummer 19145Zutaten & AllergeneZutaten: Bier (Wasser, GERSTENMALZ, Hopfenextrakt), Wasser, Zucker, Kohlens\xc3\xa4ure, Farbstoff: E 150 c, S\xc3\xa4uerungsmittel E 338, nat\xc3\xbcrliches Aroma, Aroma KoffeinAllergenhinweise: Enth\xc3\xa4lt: Gerste und Gerstenerzeugnisse (glutenhaltiges Getreide).N\xc3\xa4hrwerteDurchschnittliche N\xc3\xa4hrwerteUnzubereitet pro 100 mlEnergie180 kJEnergie43 kcalArtikeldetailsMarke: MixeryUrsprungsland: DeutschlandAlkoholgehalt: 3,1 % Vol.Packungsgr\xc3\xb6\xc3\x9fe: 0,5l DoseKontaktKontaktname: Karlsberg BrauereiKontaktadresse: Karlsbergstra\xc3\x9fe 62, 66424 HomburgF\xc3\xbcr die vorstehenden Angaben wird keine Haftung \xc3\xbcbernommen. Bitte pr\xc3\xbcfen Sie im Einzelfall die Angaben auf der jeweiligen Produktverpackung, nur diese sind verbindlich.Das Produktdesign kann von der Abbildung abweichen.'",Berliner Str. 41-49,Rewe,Bier,2023-07-09,"Gültig ab morgen bis Samstag, 15.07.2023"
Astra,https://img.rewe-static.de/REWE28_2023/0190044/3268680-38_digital-image.png?impolicy=s-offers&imwidth=200&output-format=image/webp,,https://shop.rewe.de/productList?search=1729713,,"versch. Sorten , je 6 x 0,33-l-Fl.-Sixpack , (1 l = 2.17) , zzgl. 0.48 Pfand",Aktion,"4,29 €","b'Bestellung ab 18 Jahren.F\xc3\xbcr dieses Produkt gilt das Jugendschutzgesetz.ProduktbeschreibungArtikelnummer 190044Zutaten & AllergeneZutaten: Wasser, GERSTENMALZ, HopfenArtikeldetailsMarke: AstraAlkoholgehalt: 4,9 % Vol.Packungsgr\xc3\xb6\xc3\x9fe: 6x0,33lKontaktKontaktname: Bavaria-St.Pauli GmbHKontaktadresse: 22755 HamburgF\xc3\xbcr die vorstehenden Angaben wird keine Haftung \xc3\xbcbernommen. Bitte pr\xc3\xbcfen Sie im Einzelfall die Angaben auf der jeweiligen Produktverpackung, nur diese sind verbindlich.Das Produktdesign kann von der Abbildung abweichen.'",Berliner Str. 41-49,Rewe,Bier,2023-07-09,"Gültig ab morgen bis Samstag, 15.07.2023"
Heineken Beer,https://img.rewe-static.de/REWE28_2023/1443690/30786658-10_digital-image.png?impolicy=s-offers&imwidth=200&output-format=image/webp,,https://shop.rewe.de/productList?search=1729713,,"je 28 x 0,25/20 x 0,4-l-Fl.-Kasten , (1 l = 2.14/1.87) , zzgl. 3.74/3.10 Pfand",Aktion,"14,99 €","b'Bestellung ab 18 Jahren.F\xc3\xbcr dieses Produkt gilt das Jugendschutzgesetz.ProduktbeschreibungArtikelnummer 1443690Heineken\xc2\xae ist ein gold-gelbes Lager mit 100 % nat\xc3\xbcrlichen Zutaten und einem kleinen, feinen Extra: A-Hefe. Heinekens einzigartige A-Hefe sorgt f\xc3\xbcr volles Aroma und feine Fruchtnoten. Der Abgang ist mild und leicht bitter.\nOffizieller Partner von der EURO 2020, UEFA Champions League, James Bond, Rugby, Formel 1 und Formel-e Zutaten & AllergeneZutaten: Wasser, GERSTENMALZ, Hopfenextrakt.N\xc3\xa4hrwerteDurchschnittliche N\xc3\xa4hrwerteUnzubereitet pro 100 mlEnergie176 kJEnergie42 kcalFett0 gFett, davon ges\xc3\xa4ttigte Fetts\xc3\xa4uren0 gKohlenhydrate3,2 gKohlenhydrate, davon Zucker< 0 gBallaststoffe0 gEiwei\xc3\x9f0 gSalz< 0,01 gArtikeldetailsMarke: HeinekenAlkoholgehalt: 5 % Vol.Packungsgr\xc3\xb6\xc3\x9fe: 0,25lx28KontaktKontaktname: Heineken Deutschland GmbHKontaktadresse: Ehrenbergstr. 19, 10245 BerlinMaximale Bestellmenge: 15 St\xc3\xbcckF\xc3\xbcr die vorstehenden Angaben wird keine Haftung \xc3\xbcbernommen. Bitte pr\xc3\xbcfen Sie im Einzelfall die Angaben auf der jeweiligen Produktverpackung, nur diese sind verbindlich.Das Produktdesign kann von der Abbildung abweichen.'",Berliner Str. 41-49,Rewe,Bier,2023-07-09,"Gültig ab morgen bis Samstag, 15.07.2023"
CyberZ Beer Mix,https://img.rewe-static.de/REWE28_2023/8897146/39521337-9_digital-image.png?impolicy=s-offers&imwidth=200&output-format=image/webp,,https://shop.rewe.de/productList?search=1729713,,"versch. Sorten , je 4 x 0,33-l-Fl.-Pckg , (1 l = 3.78) , zzgl. 0.32 Pfand",Aktion,"4,99 €","b'Bestellung ab 18 Jahren.F\xc3\xbcr dieses Produkt gilt das Jugendschutzgesetz.ProduktbeschreibungArtikelnummer 8897146Times for Limez. CYBERZ vereint Bier mit s\xc3\xbc\xc3\x9f-sauren Caipi-Limetten-\nFlavour. Ein neuer frischer Mix ohne\xc2\xa0Kompromisse.\nTurn up your Flavour \xe2\x80\x93 und starte mit aufregenden 5,9% vol. in Deine\nPartymood und einen Abend ganz nach deinem Geschmack.Zutaten & AllergeneZutaten: 85% Bier (Wasser, GERSTENmalz, Hopfen, Hopfenextrakt), 15% Erfrischungsgetr\xc3\xa4nk mit Caipirinha-Geschmack (Wasser, Zucker, Limettensaft* (1,5%), Orangensaft* (1,5%), Zitronensaft* (1,0%), S\xc3\xa4uerungsmittel Citronens\xc3\xa4ure, nat\xc3\xbcrliches Limettenaroma mit anderen nat\xc3\xbcrlichen Aromen, Kohlens\xc3\xa4ure, Stabilisator Johannisbrotkernmehl). *aus FruchtsaftkonzentratenN\xc3\xa4hrwerteDurchschnittliche N\xc3\xa4hrwerteUnzubereitet pro 100 mlEnergie267 kJEnergie64 kcalFett0 gFett, davon ges\xc3\xa4ttigte Fetts\xc3\xa4uren0 gKohlenhydrate7,1 gKohlenhydrate, davon Zucker5,3 gEiwei\xc3\x9f< 0,5 gSalz< 0,01 gArtikeldetailsEigenschaften: *Neu*Alkoholgehalt: 5,9 % Vol.KontaktKontaktname: Gesellschaft f. Importbiere u. Bierspezialit\xc3\xa4ten mbHKontaktadresse: Darmst\xc3\xa4dter Landstr. 185 60598 Frankfurt am MainMaximale Bestellmenge: 15 St\xc3\xbcckF\xc3\xbcr die vorstehenden Angaben wird keine Haftung \xc3\xbcbernommen. Bitte pr\xc3\xbcfen Sie im Einzelfall die Angaben auf der jeweiligen Produktverpackung, nur diese sind verbindlich.Das Produktdesign kann von der Abbildung abweichen.'",Berliner Str. 41-49,Rewe,Bier,2023-07-09,"Gültig ab morgen bis Samstag, 15.07.2023"
Veltins Pilsener,https://img.rewe-static.de/REWE28_2023/0017005/2245920-31_digital-image.png?impolicy=s-offers&imwidth=200&output-format=image/webp,,https://shop.rewe.de/productList?search=1729713,,"je 0,5-l-Dose , (1 l = 1.58) , zzgl. 0.25 Pfand",Aktion,"0,79 €","b'Bestellung ab 18 Jahren.F\xc3\xbcr dieses Produkt gilt das Jugendschutzgesetz.ProduktbeschreibungArtikelnummer 17005Zutaten & AllergeneZutaten: Wasser, GERSTENMALZ, HopfenAllergenhinweise: Enth\xc3\xa4lt: Gerste und Gerstenerzeugnisse (glutenhaltiges Getreide).N\xc3\xa4hrwerteDurchschnittliche N\xc3\xa4hrwerteUnzubereitet pro 100 mlEnergie167 kJEnergie40 kcalFett< 0,1 gFett, davon ges\xc3\xa4ttigte Fetts\xc3\xa4uren< 0,1 gKohlenhydrate2,9 gKohlenhydrate, davon Zucker1,4 gEiwei\xc3\x9f0,63 gSalz< 0,01 gArtikeldetailsMarke: VeltinsUrsprungsland: DeutschlandAlkoholgehalt: 4,8 % Vol.Packungsgr\xc3\xb6\xc3\x9fe: 0,5lKontaktKontaktname: Brauerei C.&A. Veltins GmbH & Co. KGKontaktadresse: D-59872 Meschede-GrevensteinMaximale Bestellmenge: 15 St\xc3\xbcckF\xc3\xbcr die vorstehenden Angaben wird keine Haftung \xc3\xbcbernommen. Bitte pr\xc3\xbcfen Sie im Einzelfall die Angaben auf der jeweiligen Produktverpackung, nur diese sind verbindlich.Das Produktdesign kann von der Abbildung abweichen.'",Berliner Str. 41-49,Rewe,Bier,2023-07-09,"Gültig ab morgen bis Samstag, 15.07.2023"
Corona Mexican Beer,https://img.rewe-static.de/REWE28_2023/1306571/19881660-30_digital-image.png?impolicy=s-offers&imwidth=200&output-format=image/webp,,https://shop.rewe.de/productList?search=1729713,,"je 6 x 0,355-l-Fl.-Sixpack , (1 l = 3.05) , zzgl. 0.48 Pfand",Aktion,"6,49 €","b'Bestellung ab 18 Jahren.F\xc3\xbcr dieses Produkt gilt das Jugendschutzgesetz.ProduktbeschreibungArtikelnummer 1306571Zutaten & AllergeneZutaten: Wasser, Gerstenmalz, Mais, HopfenN\xc3\xa4hrwerteDurchschnittliche N\xc3\xa4hrwerteUnzubereitet pro 100 mlEnergie176 kJEnergie42 kcalFett0 gFett, davon ges\xc3\xa4ttigte Fetts\xc3\xa4uren0 gKohlenhydrate4 gKohlenhydrate, davon Zucker0,15 gBallaststoffe0,3 gEiwei\xc3\x9f0,3 gSalz0,005 gHinweiseInformation: Kein Verzehr in Zusammenhang mita)dem F\xc3\xbchren von Fahrzeugen,b)einer Schwangerschaft,c)Medikamenten-EinnahmeArtikeldetailsMarke: CoronaAlkoholgehalt: 4,5 % Vol.Packungsgr\xc3\xb6\xc3\x9fe: 0,35lx6KontaktKontaktname: Anheuser-Busch !nBev Deutschland GmbH & Co.KGKontaktadresse: Am Deich 18/19, 28199 BremenMaximale Bestellmenge: 15 St\xc3\xbcckF\xc3\xbcr die vorstehenden Angaben wird keine Haftung \xc3\xbcbernommen. Bitte pr\xc3\xbcfen Sie im Einzelfall die Angaben auf der jeweiligen Produktverpackung, nur diese sind verbindlich.Das Produktdesign kann von der Abbildung abweichen.'",Berliner Str. 41-49,Rewe,Bier,2023-07-09,"Gültig ab morgen bis Samstag, 15.07.2023"
Grauer Burgunder vom Kalkstein QBA,https://img.rewe-static.de/REWE28_2023/2453174/23877569-32_digital-image.png?impolicy=s-offers&imwidth=200&output-format=image/webp,,https://shop.rewe.de/productList?search=1729713,,"trocken , je 0,75-l-Fl , (1 l = 5.32)",Knaller,"3,99 €","b'Bestellung ab 18 Jahren.F\xc3\xbcr dieses Produkt gilt das Jugendschutzgesetz.ProduktbeschreibungArtikelnummer 2453174Ausdrucksstarker,k\xc3\xb6rperreicher Weisswein mit viel Schmelz, Frische und Frucht. Ausgewogen und gehaltvoll. \nEmpfehlung: zu hellem Fleisch, gebratenem Fisch, Gefl\xc3\xbcgel, Pasta, Salat \nTrinktemperatur: 8-12\xc2\xb0C Zutaten & AllergeneZutaten: Nicht deklariert: Wei\xc3\x9fwein 97%, Traubenmost, Packgas Kohlendioxid, Antioxidationsmittel (Ascorbins\xc3\xa4ure, Schwefeldioxid), Stabilisator Metaweins\xc3\xa4ure Zusatzstoffe: E 220Allergenhinweise: Schwefeldioxid und Sulfite in einer Konzentration von mehr als 10 mg/kg oder 10 mg/l, als SO2 angegebenN\xc3\xa4hrwerteDurchschnittliche N\xc3\xa4hrwertepro 100 mlEnergie319 kJEnergie77 kcalFett0 gFett, davon ges\xc3\xa4ttigte Fetts\xc3\xa4uren0 gKohlenhydrate0,8 gKohlenhydrate, davon Zucker0,7 gEiwei\xc3\x9f0 gSalz0,02 gArtikeldetailsUrsprungsland: DeutschlandAlkoholgehalt: 12,5 % Vol.Schmeckt zu: Vorspeisen & Salat, Fisch & Meeresfr\xc3\xbcchten, Gefl\xc3\xbcgel, PastaKontaktKontaktname: Reh Kendermann GmbHKontaktadresse: 55411 Bingen, DeutschlandMaximale Bestellmenge: 15 St\xc3\xbcckF\xc3\xbcr die vorstehenden Angaben wird keine Haftung \xc3\xbcbernommen. Bitte pr\xc3\xbcfen Sie im Einzelfall die Angaben auf der jeweiligen Produktverpackung, nur diese sind verbindlich.Das Produktdesign kann von der Abbildung abweichen.'",Berliner Str. 41-49,Rewe,Wein & Spirituosen,2023-07-09,"Gültig ab morgen bis Samstag, 15.07.2023"
Mezzacorona Pinot Grigio DOC,https://img.rewe-static.de/REWE28_2023/0274069/35288910-5_digital-image.png?impolicy=s-offers&imwidth=200&output-format=image/webp,,https://shop.rewe.de/productList?search=1729713,,"trocken , je 0,75-l-Fl , (1 l = 5.32)",Aktion,"3,99 €","b'Bestellung ab 18 Jahren.F\xc3\xbcr dieses Produkt gilt das Jugendschutzgesetz.ProduktbeschreibungArtikelnummer 274069Ein fruchtig und frische Bukett mit\neinem dichten Aroma.\n\nEmpfehlung: zu Vorspeisen, Salaten,\nFisch, Meeresfr\xc3\xbcchten, Schwein, Gefl\xc3\xbcgel\nTrinktemperatur: 8-10\xc2\xb0C Zutaten & AllergeneZutaten: Nicht deklariert:Wei\xc3\x9fwein, rektifiziertes Traubenmostkonzentrat, S\xc3\xa4uerungsmittel (Weins\xc3\xa4ure, Citronens\xc3\xa4ure), Antioxidationsmittel (Schwefeldioxid). Zusatzstoffe: E 220Allergenhinweise: Schwefeldioxid und Sulfite in einer Konzentration von mehr als 10 mg/kg oder 10 mg/l, als SO2 angegebenN\xc3\xa4hrwerteDurchschnittliche N\xc3\xa4hrwertepro 100 mlEnergie302 kJEnergie73 kcalFett0 gFett, davon ges\xc3\xa4ttigte Fetts\xc3\xa4uren0 gKohlenhydrate< 0,5 gKohlenhydrate, davon Zucker< 0,5 gEiwei\xc3\x9f0 gSalz0,02 gArtikeldetailsUrsprungsland: ItalienAlkoholgehalt: 12,5 % Vol.Schmeckt zu: Vorspeisen & Salat, Fisch & Meeresfr\xc3\xbcchten, Gefl\xc3\xbcgel, SchweinKontaktKontaktname: Nosio SpaKontaktadresse: Mezzocorona, , ItalienMaximale Bestellmenge: 15 St\xc3\xbcckF\xc3\xbcr die vorstehenden Angaben wird keine Haftung \xc3\xbcbernommen. Bitte pr\xc3\xbcfen Sie im Einzelfall die Angaben auf der jeweiligen Produktverpackung, nur diese sind verbindlich.Das Produktdesign kann von der Abbildung abweichen.'",Berliner Str. 41-49,Rewe,Wein & Spirituosen,2023-07-09,"Gültig ab morgen bis Samstag, 15.07.2023"
Berentzen Fruchtige,https://img.rewe-static.de/REWE28_2023/0366072/860700-34_digital-image.png?impolicy=s-offers&imwidth=200&output-format=image/webp,,https://shop.rewe.de/productList?search=1729713,,"Apfelkorn, 18% Vol. , je 0,7-l-Fl , (1 l = 7.13)",Aktion,"4,99 €","b'Bestellung ab 18 Jahren.F\xc3\xbcr dieses Produkt gilt das Jugendschutzgesetz.ProduktbeschreibungArtikelnummer 366072HinweiseAufbewahrungs- und Verwendungshinweis: k\xc3\xbchl lagern, vor Sonnenlicht sch\xc3\xbctzenArtikeldetailsMarke: BerentzenUrsprungsland: DeutschlandAlkoholgehalt: 18 % Vol.Geschmacksrichtung: ApfelKontaktKontaktname: Berentzen-Gruppe AktiengesellschaftKontaktadresse: D-49740 Hasel\xc3\xbcnneMaximale Bestellmenge: 15 St\xc3\xbcckF\xc3\xbcr die vorstehenden Angaben wird keine Haftung \xc3\xbcbernommen. Bitte pr\xc3\xbcfen Sie im Einzelfall die Angaben auf der jeweiligen Produktverpackung, nur diese sind verbindlich.Das Produktdesign kann von der Abbildung abweichen.'",Berliner Str. 41-49,Rewe,Wein & Spirituosen,2023-07-09,"Gültig ab morgen bis Samstag, 15.07.2023"
Süss & Fruchtig Riesling QbA,https://img.rewe-static.de/REWE28_2023/0617358/3723580-26_digital-image.png?impolicy=s-offers&imwidth=200&output-format=image/webp,,https://shop.rewe.de/productList?search=1729713,,"je 0,75-l-Fl , (1 l = 4.65)",Aktion,"3,49 €","b'Bestellung ab 18 Jahren.F\xc3\xbcr dieses Produkt gilt das Jugendschutzgesetz.ProduktbeschreibungArtikelnummer 617358- Fruchtig, mit ausgewogenem S\xc3\xa4urespiel, prickelnd und erfrischend.\n- Empfehlung: Als Aperitif, zum Grillen.\n- Trinktemperatur: 8 - 10\xc2\xb0C. Zutaten & AllergeneZutaten: Enth\xc3\xa4lt SulfiteAllergenhinweise: Enth\xc3\xa4lt: Schwefeldioxid und Sulfite.ArtikeldetailsMarke: Weingut KlundtUrsprungsland: DeutschlandAlkoholgehalt: 9,5 % Vol.Schmeckt zu: Gefl\xc3\xbcgel, Gegrilltem, Vorspeisen & Salat, Asiatischen SpeisenKontaktKontaktname: W\xc3\xbcrttembergische Weing\xc3\xa4rtner ZentralgenossenschaftKontaktadresse: Raiffeisenstra\xc3\x9fe 2, 71696 M\xc3\xb6glingenMaximale Bestellmenge: 15 St\xc3\xbcckF\xc3\xbcr die vorstehenden Angaben wird keine Haftung \xc3\xbcbernommen. Bitte pr\xc3\xbcfen Sie im Einzelfall die Angaben auf der jeweiligen Produktverpackung, nur diese sind verbindlich.Das Produktdesign kann von der Abbildung abweichen.'",Berliner Str. 41-49,Rewe,Wein & Spirituosen,2023-07-09,"Gültig ab morgen bis Samstag, 15.07.2023"
Mariacron Weinbrand,https://img.rewe-static.de/REWE28_2023/0128546/3384090-30_digital-image.png?impolicy=s-offers&imwidth=200&output-format=image/webp,,https://shop.rewe.de/productList?search=1729713,,"36% Vol. , je 0,7-l-Fl , (1 l = 8.56)",Aktion,"5,99 €","b'Bestellung ab 18 Jahren.F\xc3\xbcr dieses Produkt gilt das Jugendschutzgesetz.ProduktbeschreibungArtikelnummer 128546Der Weinbrand-Kenner sch\xc3\xa4tzt die harmonische Verbindung eines reifen weinigen Buketts und eines charaktervoll milden Geschmacks.Zutaten & AllergeneAllergenhinweise: Kann enthalten: Walnuss und Walnusserzeugnisse.ArtikeldetailsMarke: MariacronUrsprungsland: DeutschlandAlkoholgehalt: 36 % Vol.KontaktKontaktname: Nordbrand Nordhausen GmbHKontaktadresse: 99734 Nordhausen/HarzMaximale Bestellmenge: 15 St\xc3\xbcckF\xc3\xbcr die vorstehenden Angaben wird keine Haftung \xc3\xbcbernommen. Bitte pr\xc3\xbcfen Sie im Einzelfall die Angaben auf der jeweiligen Produktverpackung, nur diese sind verbindlich.Das Produktdesign kann von der Abbildung abweichen.'",Berliner Str. 41-49,Rewe,Wein & Spirituosen,2023-07-09,"Gültig ab morgen bis Samstag, 15.07.2023"
Pitu Caipirinha,https://img.rewe-static.de/REWE28_2023/8276061/29039537-11_digital-image.png?impolicy=s-offers&imwidth=200&output-format=image/webp,,https://shop.rewe.de/productList?search=1729713,,"10% Vol. , je 0,33-l-Dose , (1 l = 6.03) , zzgl. 0.25 Pfand",Aktion,"1,99 €","b'Bestellung ab 18 Jahren.F\xc3\xbcr dieses Produkt gilt das Jugendschutzgesetz.ProduktbeschreibungArtikelnummer 8276061Zutaten & AllergeneAllergenhinweise: Enth\xc3\xa4lt: Keine deklarationspflichtigen Allergene enthalten.ArtikeldetailsMarke: Pit\xc3\xbaUrsprungsland: DeutschlandAlkoholgehalt: 10 % Vol.KontaktKontaktname: Pit\xc3\xba Importadora-Exportadora GmbHKontaktadresse: D-85435 ErdingF\xc3\xbcr die vorstehenden Angaben wird keine Haftung \xc3\xbcbernommen. Bitte pr\xc3\xbcfen Sie im Einzelfall die Angaben auf der jeweiligen Produktverpackung, nur diese sind verbindlich.Das Produktdesign kann von der Abbildung abweichen.'",Berliner Str. 41-49,Rewe,Wein & Spirituosen,2023-07-09,"Gültig ab morgen bis Samstag, 15.07.2023"
Oberkircher Collection O,https://img.rewe-static.de/REWE28_2023/0818890/21374366-5_digital-image.png?impolicy=s-offers&imwidth=200&output-format=image/webp,,https://shop.rewe.de/productList?search=1729713,,"Riesling oder Rose QbA feinherb , je 0,75-l-Fl , (1 l = 5.99)",Aktion,"4,49 €","b'Bestellung ab 18 Jahren.F\xc3\xbcr dieses Produkt gilt das Jugendschutzgesetz.ProduktbeschreibungArtikelnummer 818890W\xc3\xbcrzige Zitrus- und Kr\xc3\xa4uteraromen.\nEmpfehlung: Zur leichten K\xc3\xbcche.\nTrinktemperatur: 8 - 10\xc2\xb0C Zutaten & AllergeneZutaten: enth\xc3\xa4lt SulfiteAllergenhinweise: Enth\xc3\xa4lt: Schwefeldioxid und Sulfite.ArtikeldetailsMarke: Oberkircher WinzerEigenschaften: *Neu*Ursprungsland: DeutschlandAlkoholgehalt: 11,5 % Vol.Schmeckt zu: Vorspeisen & Salat, Gem\xc3\xbcseKontaktKontaktname: Oberkircher Winzer eGKontaktadresse: 77704 OberkirchMaximale Bestellmenge: 15 St\xc3\xbcckF\xc3\xbcr die vorstehenden Angaben wird keine Haftung \xc3\xbcbernommen. Bitte pr\xc3\xbcfen Sie im Einzelfall die Angaben auf der jeweiligen Produktverpackung, nur diese sind verbindlich.Das Produktdesign kann von der Abbildung abweichen.'",Berliner Str. 41-49,Rewe,Wein & Spirituosen,2023-07-09,"Gültig ab morgen bis Samstag, 15.07.2023"
14 Primitivo di Marina IGT,https://img.rewe-static.de/REWE28_2023/8725382/35802581-9_digital-image.png?impolicy=s-offers&imwidth=200&output-format=image/webp,,https://shop.rewe.de/productList?search=1729713,,"trocken , je 0,75-l-Fl , (1 l = 7.99)",Aktion,"5,99 €","b'Bestellung ab 18 Jahren.F\xc3\xbcr dieses Produkt gilt das Jugendschutzgesetz.ProduktbeschreibungArtikelnummer 8725382Rubinrote Farbe, duftet nach Waldbeeren, Kirschen und Vanille. Langer eleganter Abgang.\n\nEMPFEHLUNG: zu Rind, Lamm, Gem\xc3\xbcse und Grillen\nTRINKTEMPERATUR: 16-18\xc2\xb0C Zutaten & AllergeneZutaten: Enth\xc3\xa4lt SulfiteAllergenhinweise: Enth\xc3\xa4lt: Schwefeldioxid und Sulfite.ArtikeldetailsMarke: Contessa MarinaUrsprungsland: ItalienAlkoholgehalt: 14 % Vol.Schmeckt zu: Rind, Lamm, Gem\xc3\xbcse, GegrilltemKontaktKontaktname: Saffer Wein GmbHKontaktadresse: Martin Kollar Str. 11, 81829 M\xc3\xbcnchenMaximale Bestellmenge: 15 St\xc3\xbcckF\xc3\xbcr die vorstehenden Angaben wird keine Haftung \xc3\xbcbernommen. Bitte pr\xc3\xbcfen Sie im Einzelfall die Angaben auf der jeweiligen Produktverpackung, nur diese sind verbindlich.Das Produktdesign kann von der Abbildung abweichen.'",Berliner Str. 41-49,Rewe,Wein & Spirituosen,2023-07-09,"Gültig ab morgen bis Samstag, 15.07.2023"
Lindemans Bin 65 Chardonnay,https://img.rewe-static.de/REWE28_2023/1474421/10189290-23_digital-image.png?impolicy=s-offers&imwidth=200&output-format=image/webp,,https://shop.rewe.de/productList?search=1729713,,"trocken , je 0,75-l-Fl , (1 l = 6.65)",Aktion,"4,99 €","b""Bestellung ab 18 Jahren.F\xc3\xbcr dieses Produkt gilt das Jugendschutzgesetz.ProduktbeschreibungArtikelnummer 1474421Volumin\xc3\xb6ser Wei\xc3\x9fwein mit intensiven Vanillearomen, dezentem Frucht-S\xc3\xa4ure-Spiel, mit angenehmer L\xc3\xa4nge.\nTrinktemperatur: 8-10\xc2\xb0C.\n\nAlkoholgehalt: 13,5 % Vol.\n\nImporteur:\nTreasury Wine Estates\nHouse 70 London Road Twickenham Zutaten & AllergeneZutaten: Zusatzstoffe: E 220Allergenhinweise: Schwefeldioxid und Sulfite in einer Konzentration von mehr als 10 mg/kg oder 10 mg/l, als SO2 angegebenArtikeldetailsMarke: Lindeman'sUrsprungsland: AustralienSchmeckt zu: Vorspeisen & Salat, Gefl\xc3\xbcgel, Asiatischen Speisen, PastaMaximale Bestellmenge: 15 St\xc3\xbcckF\xc3\xbcr die vorstehenden Angaben wird keine Haftung \xc3\xbcbernommen. Bitte pr\xc3\xbcfen Sie im Einzelfall die Angaben auf der jeweiligen Produktverpackung, nur diese sind verbindlich.Das Produktdesign kann von der Abbildung abweichen.""",Berliner Str. 41-49,Rewe,Wein & Spirituosen,2023-07-09,"Gültig ab morgen bis Samstag, 15.07.2023"
Deidesheimer Riesling QbA,https://img.rewe-static.de/REWE28_2023/0018865/22279472-16_digital-image.png?impolicy=s-offers&imwidth=200&output-format=image/webp,,https://shop.rewe.de/productList?search=1729713,,"trocken , je 1-l-Fl",Aktion,"3,49 €","b'Bestellung ab 18 Jahren.F\xc3\xbcr dieses Produkt gilt das Jugendschutzgesetz.ProduktbeschreibungArtikelnummer 18865- Blassgelb mit leichtem Gr\xc3\xbcnstich.\n- Trinktemperatur: 8 - 12\xc2\xb0C. Zutaten & AllergeneZutaten: Enth\xc3\xa4lt SulfiteAllergenhinweise: Enth\xc3\xa4lt: Schwefeldioxid und Sulfite.ArtikeldetailsMarkeDie WeinmacherEigenschaften*Neu*UrsprungslandDeutschlandAlkoholgehalt12 % Vol.ServiervorschlagEin Genuss zu: Lachslasagne, Gem\xc3\xbcsegratins oder feinen Gefl\xc3\xbcgelgerichten.Schmeckt zuGefl\xc3\xbcgel, Gem\xc3\xbcseKontaktKontaktname: Die Weinmacher GmbHKontaktadresse: 67150 NiederkirchenMaximale Bestellmenge: 15 St\xc3\xbcckF\xc3\xbcr die vorstehenden Angaben wird keine Haftung \xc3\xbcbernommen. Bitte pr\xc3\xbcfen Sie im Einzelfall die Angaben auf der jeweiligen Produktverpackung, nur diese sind verbindlich.Das Produktdesign kann von der Abbildung abweichen.'",Berliner Str. 41-49,Rewe,Wein & Spirituosen,2023-07-09,"Gültig ab morgen bis Samstag, 15.07.2023"
Kessler Sekt,https://img.rewe-static.de/REWE28_2023/4652240/2630880-26_digital-image.png?impolicy=s-offers&imwidth=200&output-format=image/webp,,https://shop.rewe.de/productList?search=1729713,,"versch. Sorten , je 0,75-l-Fl , (1 l = 11.32)",Aktion,"8,49 €","b'Bestellung ab 18 Jahren.F\xc3\xbcr dieses Produkt gilt das Jugendschutzgesetz.ProduktbeschreibungArtikelnummer 4652240Zutaten & AllergeneZutaten: Enth\xc3\xa4lt SULFITEAllergenhinweise: Enth\xc3\xa4lt: Schwefeldioxid und Sulfite.HinweiseInformation: Der Alkoholgehalt kann aus nat\xc3\xbcrlichen und produktionstechnischen Gr\xc3\xbcnden Schwankungen zwischen Chargen unterliegen. Der angegebene Gehalt ist ein OrientierungswertArtikeldetailsUrsprungsland: DeutschlandAlkoholgehalt: 12 % Vol.Serviervorschlag: Passt zu Parmaschinken und MeloneKontaktKontaktname: Kessler Sekt GmbH & Co.KGKontaktadresse: 73728 EsslingenMaximale Bestellmenge: 15 St\xc3\xbcckF\xc3\xbcr die vorstehenden Angaben wird keine Haftung \xc3\xbcbernommen. Bitte pr\xc3\xbcfen Sie im Einzelfall die Angaben auf der jeweiligen Produktverpackung, nur diese sind verbindlich.Das Produktdesign kann von der Abbildung abweichen.'",Berliner Str. 41-49,Rewe,Wein & Spirituosen,2023-07-09,"Gültig ab morgen bis Samstag, 15.07.2023"
Jack Daniel's Tennessee Whiskey,https://img.rewe-static.de/REWE28_2023/4676050/3229750-32_digital-image.png?impolicy=s-offers&imwidth=200&output-format=image/webp,,https://shop.rewe.de/productList?search=1729713,,"40% Vol. oder Honey 35% Vol. , je 0,7-l-Fl , (1 l = 22.84)",Knaller,"15,99 €","b""Bestellung ab 18 Jahren.F\xc3\xbcr dieses Produkt gilt das Jugendschutzgesetz.ProduktbeschreibungArtikelnummer 4676050Tropfen f\xc3\xbcr Tropfen \xe2\x80\x93 eindeutig Jack!\nEs gibt \xc3\xbcber ein Dutzend Theorien, warum Jack Daniel seinen Whiskey \xe2\x80\x9eOld No.7\xe2\x80\x9c genannt hat. Eine davon besagt, dass er den sieben wichtigsten Frauen in seinem Leben ein Denkmal setzen wollte. Den wahren Grund kennt aber nur Jack \xe2\x80\x93 und der l\xc3\xa4sst seine Biografen weiter r\xc3\xa4tseln. \nSeit 1866 wird Old No.7 nach dem unver\xc3\xa4nderten Originalrezept von Jack Daniel hergestellt. Sein rauchigmildes Aroma hat ihn zu einem der bekanntesten Whiskey-Klassiker gemacht. \nOb pur, mit Wasser, mit Cola, mit Ginger oder im Cocktail: Jack ist aus den Bars der Welt nicht mehr wegzudenken. Wer nicht selbst mixen m\xc3\xb6chte, der bedient sich mit Jack Daniel\xe2\x80\x98s Premix Longdrinks: klassisch mit Cola oder erfrischend herb mit Ginger. Jack Daniel\xe2\x80\x98s Old No.7 \xe2\x80\x93 auch in den kleinsten \xe2\x80\x9eWhiskeyf\xc3\xa4ssern der Welt\xe2\x80\x9c immer der perfekte Genuss.... mehr anzeigenSeit 1866 wird Old No. 7 nach unver\xc3\xa4ndertem Originalrezept von Jack Daniel hergestellt. Rauchig mildes Aroma mit einem Mix aus Karamell, Vanille und Holznoten.ArtikeldetailsMarke: Jack Daniel'sUrsprungsland: Vereinigte StaatenAlkoholgehalt: 40 % Vol.KontaktKontaktname: BROWN-FORMAN DEUTSCHLAND GMBHKontaktadresse: Dammtorwall 7, 20354 Hamburg, DeutschlandMaximale Bestellmenge: 15 St\xc3\xbcckF\xc3\xbcr die vorstehenden Angaben wird keine Haftung \xc3\xbcbernommen. Bitte pr\xc3\xbcfen Sie im Einzelfall die Angaben auf der jeweiligen Produktverpackung, nur diese sind verbindlich.Das Produktdesign kann von der Abbildung abweichen.""",Berliner Str. 41-49,Rewe,Wein & Spirituosen,2023-07-09,"Gültig ab morgen bis Samstag, 15.07.2023"
Faber Sekt oder Light Live alkoholfrei,https://img.rewe-static.de/REWE28_2023/0315192/34673571-3_digital-image.png?impolicy=s-offers&imwidth=200&output-format=image/webp,,https://shop.rewe.de/productList?search=1729713,,"versch. Sorten , je 0,75-l-Fl , (1 l = 3.32)",Aktion,"2,49 €","b'Bestellung ab 18 Jahren.F\xc3\xbcr dieses Produkt gilt das Jugendschutzgesetz.ProduktbeschreibungArtikelnummer 315192Bring Faber in dein Leben!Zutaten & AllergeneZutaten: Enth\xc3\xa4lt SULFITEAllergenhinweise: Enth\xc3\xa4lt: Schwefeldioxid und Sulfite.HinweiseAufbewahrungs- und Verwendungshinweis: Stets k\xc3\xbchl und dunkel lagern.ArtikeldetailsMarke: FaberUrsprungsland: DeutschlandAlkoholgehalt: 11 % Vol.Packungsgr\xc3\xb6\xc3\x9fe: 0,75lKontaktKontaktname: Sektkellerei Faber GmbHKontaktadresse: Niederkircher Str. 27, 54294 Trier/DeutschlandMaximale Bestellmenge: 15 St\xc3\xbcckF\xc3\xbcr die vorstehenden Angaben wird keine Haftung \xc3\xbcbernommen. Bitte pr\xc3\xbcfen Sie im Einzelfall die Angaben auf der jeweiligen Produktverpackung, nur diese sind verbindlich.Das Produktdesign kann von der Abbildung abweichen.'",Berliner Str. 41-49,Rewe,Wein & Spirituosen,2023-07-09,"Gültig ab morgen bis Samstag, 15.07.2023"
Mionetto Prosecco Spumante DOC,https://img.rewe-static.de/REWE28_2023/2104631/22280027-24_digital-image.png?impolicy=s-offers&imwidth=200&output-format=image/webp,,https://shop.rewe.de/productList?search=1729713,,"versch. Sorten , je 0,75-l-Fl , (1 l = 9.32)",Aktion,"6,99 €","b""Bestellung ab 18 Jahren.F\xc3\xbcr dieses Produkt gilt das Jugendschutzgesetz.ProduktbeschreibungArtikelnummer 2104631Der Prosecco D.O.C. Treviso Brut der Prestige-Linie \xc3\xbcberrascht selbst ausgesprochene Kenner. \nDieser hochwertige Spumante interpretiert die Kategorie 'Brut' v\xc3\xb6llig neu und z\xc3\xa4hlt geschmacklich zu den modernsten seiner Klasse. \nDer Prosecco D.O.C. Treviso Brut besticht durch seine leuchtend strohgelbe Farbe, intensive Perlage, ein fruchtiges Bukett nach Golden Delicious \xc3\x84pfeln und Birnen \nsowie durch feine Aromen nach Akazienhonig. Mionetto Prosecco D.O.C. Treviso Brut zeichnet sich durch sein elegantes Design aus. Das raffiniert moderne Etikett im 27-Grad-Winkel spiegelt sich in der Halsschleife wider.\n\nAlkoholgehalt: 11% Vol.... mehr anzeigenZutaten & AllergeneZutaten:  Enth\xc3\xa4lt Sulfite Zusatzstoffe: E 220Allergenhinweise: Schwefeldioxid und Sulfite in einer Konzentration von mehr als 10 mg/kg oder 10 mg/l, als SO2 angegebenArtikeldetailsMarke: MionettoUrsprungsland: ItalienKontaktKontaktname: Mionetto SPAKontaktadresse: Valdobbiadene, ItalienMaximale Bestellmenge: 15 St\xc3\xbcckF\xc3\xbcr die vorstehenden Angaben wird keine Haftung \xc3\xbcbernommen. Bitte pr\xc3\xbcfen Sie im Einzelfall die Angaben auf der jeweiligen Produktverpackung, nur diese sind verbindlich.Das Produktdesign kann von der Abbildung abweichen.""",Berliner Str. 41-49,Rewe,Wein & Spirituosen,2023-07-09,"Gültig ab morgen bis Samstag, 15.07.2023"
Cellini Grappa Oro,https://img.rewe-static.de/REWE28_2023/9687947/3673940-23_digital-image.png?impolicy=s-offers&imwidth=200&output-format=image/webp,,https://shop.rewe.de/productList?search=1729713,,"38% Vol. , je 0,7-l-Fl , (1 l = 12.84)",Aktion,"8,99 €","b'Bestellung ab 18 Jahren.F\xc3\xbcr dieses Produkt gilt das Jugendschutzgesetz.ProduktbeschreibungArtikelnummer 9687947Zutaten & AllergeneAllergenhinweise: Enth\xc3\xa4lt: Keine deklarationspflichtigen Allergene enthalten.HinweiseAufbewahrungs- und Verwendungshinweis: Lagerf\xc3\xa4higkeit 2-3 Jahre, bei Zimmertemperatur servierenArtikeldetailsMarke: CelliniUrsprungsland: ItalienAlkoholgehalt: 38 % Vol.KontaktKontaktname: Rolf Herzberger GmbH & Co. KGKontaktadresse: Am Felsbrunnen 8, 66119 Saarbr\xc3\xbcckenMaximale Bestellmenge: 15 St\xc3\xbcckF\xc3\xbcr die vorstehenden Angaben wird keine Haftung \xc3\xbcbernommen. Bitte pr\xc3\xbcfen Sie im Einzelfall die Angaben auf der jeweiligen Produktverpackung, nur diese sind verbindlich.Das Produktdesign kann von der Abbildung abweichen.'",Berliner Str. 41-49,Rewe,Wein & Spirituosen,2023-07-09,"Gültig ab morgen bis Samstag, 15.07.2023"
La Gioiosa Prosecco Frizzante Treviso DOC,https://img.rewe-static.de/REWE28_2023/0321558/7433190-34_digital-image.png?impolicy=s-offers&imwidth=200&output-format=image/webp,,https://shop.rewe.de/productList?search=1729713,,"je 0,75-l-Fl , (1 l = 7.99)",Aktion,"5,99 €","b'Bestellung ab 18 Jahren.F\xc3\xbcr dieses Produkt gilt das Jugendschutzgesetz.ProduktbeschreibungArtikelnummer 321558Alkoholgehalt: 10 % Vol. Zutaten & AllergeneZutaten: Nicht deklariert:Perlwein, Antioxidationsmittel (Ascorbins\xc3\xa4ure, Schwefeldioxid). Zusatzstoffe: E 220Allergenhinweise: Schwefeldioxid und Sulfite in einer Konzentration von mehr als 10 mg/kg oder 10 mg/l, als SO2 angegebenN\xc3\xa4hrwerteDurchschnittliche N\xc3\xa4hrwertepro 100 mlEnergie292 kJEnergie70 kcalFett0 gFett, davon ges\xc3\xa4ttigte Fetts\xc3\xa4uren0 gKohlenhydrate2,9 gKohlenhydrate, davon Zucker1,1 gEiwei\xc3\x9f< 0,1 gSalz< 0,02 gHinweiseVerwendungshinweise: Trocken und k\xc3\xbchl lagern. Vor Licht sch\xc3\xbctzen.ArtikeldetailsMarke: La GioiosaUrsprungsland: ItalienKontaktKontaktname: La Gioiosa S.p.A.Kontaktadresse: Crocetta del Montello, 31035, ItalienMaximale Bestellmenge: 15 St\xc3\xbcckF\xc3\xbcr die vorstehenden Angaben wird keine Haftung \xc3\xbcbernommen. Bitte pr\xc3\xbcfen Sie im Einzelfall die Angaben auf der jeweiligen Produktverpackung, nur diese sind verbindlich.Das Produktdesign kann von der Abbildung abweichen.'",Berliner Str. 41-49,Rewe,Wein & Spirituosen,2023-07-09,"Gültig ab morgen bis Samstag, 15.07.2023"
Persil Vollwaschmittel Universal Pulver,https://img.rewe-static.de/REWE28_2023/8978010/38493728-8_digital-image.png?impolicy=s-offers&imwidth=200&output-format=image/webp,,https://shop.rewe.de/productList?search=1729713,,"je 90-WL-Pckg , (1 WL = 0.22)",Knaller,"19,99 €","b'Gefahren- / WarnhinweiseAchtungVerursacht schwere Augenreizung.Ist \xc3\xa4rztlicher Rat erforderlich, Verpackung oder Kennzeichnungsetikett bereithalten. Darf nicht in die H\xc3\xa4nde von Kindern gelangen. Schutzhandschuhe/Schutzkleidung/Augenschutz/Gesichtsschutz tragen. BEI KONTAKT MIT DEN AUGEN: Einige Minuten lang behutsam mit Wasser sp\xc3\xbclen. Eventuell vorhandene Kontaktlinsen nach M\xc3\xb6glichkeit entfernen. Weiter sp\xc3\xbclen. Bei anhaltender Augenreizung: \xc3\x84rztlichen Rat einholen/\xc3\xa4rztliche Hilfe hinzuziehen.ProduktbeschreibungArtikelnummer 8978010ArtikeldetailsMarke: PersilUrsprungsland: DeutschlandKontaktKontaktname: Henkel AG & Co. KGaAKontaktadresse: D-40191 D\xc3\xbcsseldorfMaximale Bestellmenge: 15 St\xc3\xbcckF\xc3\xbcr die vorstehenden Angaben wird keine Haftung \xc3\xbcbernommen. Bitte pr\xc3\xbcfen Sie im Einzelfall die Angaben auf der jeweiligen Produktverpackung, nur diese sind verbindlich.Das Produktdesign kann von der Abbildung abweichen.'",Berliner Str. 41-49,Rewe,Haushalt,2023-07-09,"Gültig ab morgen bis Samstag, 15.07.2023"
Persil Discs Colorwaschmittel,https://img.rewe-static.de/REWE28_2023/8910199/38493870-5_digital-image.png?impolicy=s-offers&imwidth=200&output-format=image/webp,,https://shop.rewe.de/productList?search=1729713,,"je 76-WL-Btl , (1 WL = 0.26)",Knaller,"19,99 €",nan,Berliner Str. 41-49,Rewe,Haushalt,2023-07-09,"Gültig ab morgen bis Samstag, 15.07.2023"
Calgon 4in1 Tabs Wasserenthärter,https://img.rewe-static.de/REWE28_2023/7649810/39136968-7_digital-image.png?impolicy=s-offers&imwidth=200&output-format=image/webp,,https://shop.rewe.de/productList?search=1729713,,"je 50-Tab-Pckg , (1 Tab = 0.17)",Aktion,"8,49 €","b'ProduktbeschreibungArtikelnummer 7649810Calgon 4in1 Power Tabs sch\xc3\xbctzen Ihre Waschmaschine von innen - schwer zug\xc3\xa4ngliche Maschinenteile, die mit Wasser in Kontakt kommen, werden so vor Kalk, Korissionen, Schmutzablagerungen und Ger\xc3\xbcchen bewahrt.ArtikeldetailsMarke: CalgonEigenschaften: *Neu*Ursprungsland: ItalienKontaktKontaktname: RB Hygiene Home Deutschland GmbHKontaktadresse: Darwinstr. 2-4 69115 HeidelbergMaximale Bestellmenge: 15 St\xc3\xbcckF\xc3\xbcr die vorstehenden Angaben wird keine Haftung \xc3\xbcbernommen. Bitte pr\xc3\xbcfen Sie im Einzelfall die Angaben auf der jeweiligen Produktverpackung, nur diese sind verbindlich.Das Produktdesign kann von der Abbildung abweichen.'",Berliner Str. 41-49,Rewe,Haushalt,2023-07-09,"Gültig ab morgen bis Samstag, 15.07.2023"
Weißer Riese Universal Gel Waschmittel,https://img.rewe-static.de/REWE28_2023/8914047/38802583-3_digital-image.png?impolicy=s-offers&imwidth=200&output-format=image/webp,,https://shop.rewe.de/productList?search=1729713,,"je 22-WL-Fl , (1 WL = 0.18)",Aktion,"3,99 €",nan,Berliner Str. 41-49,Rewe,Haushalt,2023-07-09,"Gültig ab morgen bis Samstag, 15.07.2023"
Somat Allin1 Geschirrreingertabs,https://img.rewe-static.de/REWE28_2023/8866769/38621807-5_digital-image.png?impolicy=s-offers&imwidth=200&output-format=image/webp,,https://shop.rewe.de/productList?search=1729713,,"je 25-Tab-Pckg , (1 Tab = 0.18)",Aktion,"4,49 €","b'Gefahren- / WarnhinweiseAchtungVerursacht schwere Augenreizung. Ist \xc3\xa4rztlicher Rat erforderlich, Verpackung oder Kennzeichnungsetikett bereithalten. Darf nicht in die H\xc3\xa4nde von Kindern gelangen. Schutzhandschuhe/Schutzkleidung/Augenschutz/Gesichtsschutz tragen. BEI KONTAKT MIT DEN AUGEN: Einige Minuten lang behutsam mit Wasser sp\xc3\xbclen. Eventuell vorhandene Kontaktlinsen nach M\xc3\xb6glichkeit entfernen. Weiter sp\xc3\xbclen. Bei anhaltender Augenreizung: \xc3\x84rztlichen Rat einholen/\xc3\xa4rztliche Hilfe hinzuziehen. ProduktbeschreibungArtikelnummer 8866769ArtikeldetailsMarke: SomatUrsprungsland: DeutschlandKontaktKontaktname: Henkel Wasch- und Reinigungsmittel GmbHKontaktadresse: D-40191 D\xc3\xbcsseldorfMaximale Bestellmenge: 15 St\xc3\xbcckF\xc3\xbcr die vorstehenden Angaben wird keine Haftung \xc3\xbcbernommen. Bitte pr\xc3\xbcfen Sie im Einzelfall die Angaben auf der jeweiligen Produktverpackung, nur diese sind verbindlich.Das Produktdesign kann von der Abbildung abweichen.'",Berliner Str. 41-49,Rewe,Haushalt,2023-07-09,"Gültig ab morgen bis Samstag, 15.07.2023"
Somat Classic Geschirrreinigertabs,https://img.rewe-static.de/REWE28_2023/8867064/38620868-4_digital-image.png?impolicy=s-offers&imwidth=200&output-format=image/webp,,https://shop.rewe.de/productList?search=1729713,,"je 36-Tab-Pckg , (1 Tab = 0.12)",Aktion,"4,49 €","b'Gefahren- / WarnhinweiseAchtungVerursacht schwere Augenreizung. Ist \xc3\xa4rztlicher Rat erforderlich, Verpackung oder Kennzeichnungsetikett bereithalten. Darf nicht in die H\xc3\xa4nde von Kindern gelangen. Schutzhandschuhe/Schutzkleidung/Augenschutz/Gesichtsschutz tragen. BEI KONTAKT MIT DEN AUGEN: Einige Minuten lang behutsam mit Wasser sp\xc3\xbclen. Eventuell vorhandene Kontaktlinsen nach M\xc3\xb6glichkeit entfernen. Weiter sp\xc3\xbclen. Bei anhaltender Augenreizung: \xc3\x84rztlichen Rat einholen/\xc3\xa4rztliche Hilfe hinzuziehen. ProduktbeschreibungArtikelnummer 8867064ArtikeldetailsMarke: SomatUrsprungsland: DeutschlandKontaktKontaktname: Henkel Wasch- und Reinigungsmittel GmbHKontaktadresse: D-40191 D\xc3\xbcsseldorfMaximale Bestellmenge: 15 St\xc3\xbcckF\xc3\xbcr die vorstehenden Angaben wird keine Haftung \xc3\xbcbernommen. Bitte pr\xc3\xbcfen Sie im Einzelfall die Angaben auf der jeweiligen Produktverpackung, nur diese sind verbindlich.Das Produktdesign kann von der Abbildung abweichen.'",Berliner Str. 41-49,Rewe,Haushalt,2023-07-09,"Gültig ab morgen bis Samstag, 15.07.2023"
Toppits Zipper Allzweck-Beutel,https://img.rewe-static.de/REWE28_2023/2383024/23889433-20_digital-image.png?impolicy=s-offers&imwidth=200&output-format=image/webp,,https://shop.rewe.de/productList?search=1729713,,"1 Liter , je 12-St.-Pckg",Aktion,"1,79 €","b'ProduktbeschreibungArtikelnummer 2383024Der Zipper von Toppits ist die Allzweckl\xc3\xb6sung im Haushalt. Egal ob zum Frischhalten und Einfrieren von Lebensmitteln oder zum bequemen Transport - der Zipper ist der vielseitige K\xc3\xbcchenhelfer schlechthin. Der patentierte Zipper Rei\xc3\x9fverschluss und der praktische Standboden machen den Zipper zu etwas ganz besonderem. \nInhalt: 12 Beutel. Ma\xc3\x9fe: 20,5cm Breite / 16,2cm L\xc3\xa4nge. Die Toppits\xc2\xae Zipper\xc2\xae Beutel sind die Allrounder f\xc3\xbcr zuhause und unterwegs. Dank ihres Rei\xc3\x9fverschlusses halten sie absolut dicht und schlie\xc3\x9fen mit dem typischen ZZZiip Ger\xc3\xa4usch. Ihre hochwertige Spezialfolie ist besonders rei\xc3\x9ffest und wasserdicht. Die wiederverschlie\xc3\x9fbaren Zipper\xc2\xae  Beutel sind mehrfach und universell einsetzbar - ob zum Einfrieren und Frischhalten von Lebensmitteln oder zum sicheren und bequemen Aufbewahren, Sortieren und Transportieren kleinerer Gegenst\xc3\xa4nde aller Art und d\xc3\xbcrfen sogar in der Sp\xc3\xbclmaschine gereinigt werden.HinweiseInformation: Kein Spielzeug! Von Kindern fernhalten \xe2\x80\x93 Erstickungsgefahr!ArtikeldetailsMarke: ToppitsUrsprungsland: PolenKontaktKontaktname: Cofresco Frischhalteprodukte GmbH & Co. KGKontaktadresse: Ringstrasse 99, 32427 MindenMaximale Bestellmenge: 15 St\xc3\xbcckF\xc3\xbcr die vorstehenden Angaben wird keine Haftung \xc3\xbcbernommen. Bitte pr\xc3\xbcfen Sie im Einzelfall die Angaben auf der jeweiligen Produktverpackung, nur diese sind verbindlich.Das Produktdesign kann von der Abbildung abweichen.'",Berliner Str. 41-49,Rewe,Haushalt,2023-07-09,"Gültig ab morgen bis Samstag, 15.07.2023"
Toppits Zipper Allzweck-Beutel,https://img.rewe-static.de/REWE28_2023/2383028/23889292-18_digital-image.png?impolicy=s-offers&imwidth=200&output-format=image/webp,,https://shop.rewe.de/productList?search=1729713,,"3 Liter , je 8-St.-Pckg",Aktion,"1,79 €","b'ProduktbeschreibungArtikelnummer 2383028Der Zipper von Toppits ist die Allzweckl\xc3\xb6sung im Haushalt. Egal ob zum Frischhalten und Einfrieren von Lebensmitteln oder zum bequemen Transport - der Zipper ist der vielseitige K\xc3\xbcchenhelfer schlechthin. Der patentierte Zipper Rei\xc3\x9fverschluss und der praktische Standboden machen den Zipper zu etwas ganz besonderem. \n\nInhalt: 8 Beutel. Ma\xc3\x9fe: 25,4cm L\xc3\xa4nge / 27cm Breite. Die Toppits\xc2\xae Zipper\xc2\xae Beutel sind die Allrounder f\xc3\xbcr zuhause und unterwegs. Dank ihres Rei\xc3\x9fverschlusses halten sie absolut dicht und schlie\xc3\x9fen mit dem typischen ZZZiip Ger\xc3\xa4usch. Ihre hochwertige Spezialfolie ist besonders rei\xc3\x9ffest und wasserdicht. Die wiederverschlie\xc3\x9fbaren Zipper\xc2\xae  Beutel sind mehrfach und universell einsetzbar - ob zum Einfrieren und Frischhalten von Lebensmitteln oder zum sicheren und bequemen Aufbewahren, Sortieren und Transportieren kleinerer Gegenst\xc3\xa4nde aller Art und d\xc3\xbcrfen sogar in der Sp\xc3\xbclmaschine gereinigt werden.HinweiseInformation: Kein Spielzeug! Von Kindern fernhalten - ErstickungsgefahrArtikeldetailsMarke: ToppitsUrsprungsland: PolenKontaktKontaktname: Cofresco Frischhalteprodukte GmbH & Co. KGKontaktadresse: Ringstrasse 99, 32427 MindenMaximale Bestellmenge: 15 St\xc3\xbcckF\xc3\xbcr die vorstehenden Angaben wird keine Haftung \xc3\xbcbernommen. Bitte pr\xc3\xbcfen Sie im Einzelfall die Angaben auf der jeweiligen Produktverpackung, nur diese sind verbindlich.Das Produktdesign kann von der Abbildung abweichen.'",Berliner Str. 41-49,Rewe,Haushalt,2023-07-09,"Gültig ab morgen bis Samstag, 15.07.2023"
Der General Allzweckreiniger,https://img.rewe-static.de/REWE28_2023/2440649/32569301-7_digital-image.png?impolicy=s-offers&imwidth=200&output-format=image/webp,,https://shop.rewe.de/productList?search=1729713,,"Bergfrühling , je 750-ml-Fl , (1 l = 2.12)",Aktion,"1,59 €","b'Gefahren- / WarnhinweiseEnth\xc3\xa4lt POLYETHERPOLYPHOSPHAT. Kann allergische Reaktionen\r\nhervorrufen.ProduktbeschreibungArtikelnummer 2440649\xe2\x80\xa2Repair und Refresh Effekt \xe2\x80\x93 DER GENERAL f\xc3\xbcllt wirksam kleinste Kratzer und Besch\xc3\xa4digungen auf und sorgt f\xc3\xbcr langanhaltenden Glanz und Frische auf den behandelten Oberfl\xc3\xa4chen \n \n\xe2\x80\xa2Ideale Reinigung \xe2\x80\x93 DER GENERAL Universalreiniger beseitigt hartn\xc3\xa4ckigen Schmutz und Fett wie bew\xc3\xa4hrt leicht und gr\xc3\xbcndlich \n \n\xe2\x80\xa2Langanhaltende Frische - Der typisch frische Duft des Bergfr\xc3\xbchlings sorgt f\xc3\xbcr ein langanhaltendes Dufterlebnis, auch noch lange nach dem Putzen \n \n\xe2\x80\xa2Schnelle Trocknung und Strahlender Glanz \xe2\x80\x93 DER GENERAL Universalreiniger trocknet schnell und sorgt f\xc3\xbcr ein streifenfreies Ergebnis ohne R\xc3\xbcckst\xc3\xa4nde, damit kein Nachwischen erforderlich ist. \n \n \nDER GENERAL Universalreiniger Bergfr\xc3\xbchling beseitigt sowohl hartn\xc3\xa4ckigen Schmutz als auch Fett bew\xc3\xa4hrt leicht und gr\xc3\xbcndlich und sorgt f\xc3\xbcr strahlenden Glanz auf allen Oberfl\xc3\xa4chen. Gl\xc3\xa4nzendes Ergebnis auf allen feucht abwischbaren Oberfl\xc3\xa4chen schon nach dem ersten Wisch.Der typisch frische Fr\xc3\xbchlingsduft wie in den Bergen bereitet ein lang anhaltendes Dufterlebnis noch lange nach dem Putzen.... mehr anzeigenArtikeldetailsMarke: Der GeneralUrsprungsland: DeutschlandKontaktKontaktname: Henkel Wasch- und Reinigungsmittel GmbHKontaktadresse: D-40191 D\xc3\xbcsseldorfMaximale Bestellmenge: 15 St\xc3\xbcckF\xc3\xbcr die vorstehenden Angaben wird keine Haftung \xc3\xbcbernommen. Bitte pr\xc3\xbcfen Sie im Einzelfall die Angaben auf der jeweiligen Produktverpackung, nur diese sind verbindlich.Das Produktdesign kann von der Abbildung abweichen.'",Berliner Str. 41-49,Rewe,Haushalt,2023-07-09,"Gültig ab morgen bis Samstag, 15.07.2023"
WC Frisch Kraft-Aktiv,https://img.rewe-static.de/REWE28_2023/8033644/30582431-9_digital-image.png?impolicy=s-offers&imwidth=200&output-format=image/webp,,https://shop.rewe.de/productList?search=1729713,,"versch. Sorten , je 50-g-Pckg , (1 kg = 33.80)",Aktion,"1,69 €","b'Gefahren- / WarnhinweiseAchtungVerursacht schwere Augenreizung. Verursacht Hautreizungen. Enth\xc3\xa4lt Cineol. Kann allergische Reaktionen hervorrufen. Ist \xc3\xa4rztlicher Rat erforderlich, Verpackung oder Kennzeichnungsetikett bereithalten. Darf nicht in die H\xc3\xa4nde von Kindern gelangen. Schutzhandschuhe/Schutzkleidung/Augenschutz/Gesichtsschutz tragen. BEI BER\xc3\x9cHRUNG MIT DER MAUT: Mit viel Wasser waschen. BEI KONTAKT MIT DEN AUGEN: Einige Minuten lang behutsam mit Wasser sp\xc3\xbclen. Eventuell vorhandene Kontaktlinsen nach M\xc3\xb6glichkeit entfernen. Weiter sp\xc3\xbclen. Bei anhaltender Augenreizung: \xc3\x84rztlichen Rat einholen/\xc3\xa4rztliche Hilfe hinzuziehen. Inhalt/Beh\xc3\xa4lter gem\xc3\xa4\xc3\x9f nationalen Vorschriften der Entsorgung zuf\xc3\xbchren.ProduktbeschreibungArtikelnummer 8033644ArtikeldetailsMarke: WC FrischUrsprungsland: DeutschlandKontaktKontaktname: Henkel Wasch- und Reinigungsmittel GmbHKontaktadresse: D-40191 D\xc3\xbcsseldorfMaximale Bestellmenge: 15 St\xc3\xbcckF\xc3\xbcr die vorstehenden Angaben wird keine Haftung \xc3\xbcbernommen. Bitte pr\xc3\xbcfen Sie im Einzelfall die Angaben auf der jeweiligen Produktverpackung, nur diese sind verbindlich.Das Produktdesign kann von der Abbildung abweichen.'",Berliner Str. 41-49,Rewe,Haushalt,2023-07-09,"Gültig ab morgen bis Samstag, 15.07.2023"
Spee Power Caps Colorwaschmittel,https://img.rewe-static.de/REWE28_2023/8904688/38802581-5_digital-image.png?impolicy=s-offers&imwidth=200&output-format=image/webp,,https://shop.rewe.de/productList?search=1729713,,"je 18-WL-Pckg , (1 WL = 0.22)",Aktion,"3,99 €","b'Gefahren- / WarnhinweiseAchtungVerursacht Hautreizungen. Verursacht schwere Augenreizung. Sch\xc3\xa4dlich f\xc3\xbcr Wasserorganismen, mit langfristiger Wirkung. Enth\xc3\xa4lt Subtilisin. Kann allergische Reaktionen hervorrufen. Ist \xc3\xa4rztlicher Rat erforderlich, Verpackung oder Kennzeichnungsetikett bereithalten. Darf nicht in die H\xc3\xa4nde von Kindern gelangen. BEI BER\xc3\x9cHRUNG MIT DER HAUT: Mit viel Wasser waschen. BEI KONTAKT MIT DEN AUGEN: Einige Minuten lang behutsam mit Wasser sp\xc3\xbclen. Eventuell vorhandene Kontaktlinsen nach M\xc3\xb6glichkeit entfernen. Weiter sp\xc3\xbclen. Bei anhaltender Augenreizung: \xc3\x84rztlichen Rat einholen/\xc3\xa4rztliche Hilfe hinzuziehen. BEI VERSCHLUCKEN: Mund aussp\xc3\xbclen. KEIN Erbrechen herbeif\xc3\xbchren. Sofort GIFTINFORMATIONSZENTRUM/Arzt anrufen. Inhalt/Beh\xc3\xa4lter gem\xc3\xa4\xc3\x9f nationalen Vorschriften der Entsorgung zuf\xc3\xbchren.ProduktbeschreibungArtikelnummer 8904688ArtikeldetailsMarke: SpeeUrsprungsland: UngarnKontaktKontaktname: Henkel AG & Co. KGaAKontaktadresse: D-40191 D\xc3\xbcsseldorfMaximale Bestellmenge: 15 St\xc3\xbcckF\xc3\xbcr die vorstehenden Angaben wird keine Haftung \xc3\xbcbernommen. Bitte pr\xc3\xbcfen Sie im Einzelfall die Angaben auf der jeweiligen Produktverpackung, nur diese sind verbindlich.Das Produktdesign kann von der Abbildung abweichen.'",Berliner Str. 41-49,Rewe,Haushalt,2023-07-09,"Gültig ab morgen bis Samstag, 15.07.2023"
Perwoll Renew Schwarz Waschmittel,https://img.rewe-static.de/REWE28_2023/7725449/38485168-5_digital-image.png?impolicy=s-offers&imwidth=200&output-format=image/webp,,https://shop.rewe.de/productList?search=1729713,,"je 25-WL-Fl , (1 WL = 0.17)",Aktion,"4,29 €","b'Gefahren- / WarnhinweiseAchtungVerursacht schwere Augenreizung. Kann allergische Hautreaktionen verursachen. Ist \xc3\xa4rztlicher Rat erforderlich, Verpackung oder Kennzeichnungsetikett bereithalten. Darf nicht in die H\xc3\xa4nde von Kindern gelangen. Schutzhandschuhe/Schutzkleidung/Augenschutz/Gesichtsschutz tragen. BEI BER\xc3\x9cHRUNG MIT DER HAUT: Mit viel Wasser waschen. BEI KONTAKT MIT DEN AUGEN: Einige Minuten lang behutsam mit Wasser sp\xc3\xbclen. Eventuell vorhandene Kontaktlinsen nach M\xc3\xb6glichkeit entfernen. Weiter sp\xc3\xbclen. Bei anhaltender Augenreizung: \xc3\x84rztlichen Rat einholen/\xc3\xa4rztliche Hilfe hinzuziehen. Inhalt/Beh\xc3\xa4lter gem\xc3\xa4\xc3\x9f nationalen Vorschriften der Entsorgung zuf\xc3\xbchren.ProduktbeschreibungArtikelnummer 7725449ArtikeldetailsMarke: PerwollUrsprungsland: DeutschlandKontaktKontaktname: Henkel Wasch- und Reinigungsmittel GmbHKontaktadresse: D-40191 D\xc3\xbcsseldorfMaximale Bestellmenge: 15 St\xc3\xbcckF\xc3\xbcr die vorstehenden Angaben wird keine Haftung \xc3\xbcbernommen. Bitte pr\xc3\xbcfen Sie im Einzelfall die Angaben auf der jeweiligen Produktverpackung, nur diese sind verbindlich.Das Produktdesign kann von der Abbildung abweichen.'",Berliner Str. 41-49,Rewe,Haushalt,2023-07-09,"Gültig ab morgen bis Samstag, 15.07.2023"
Love Nature Colorwaschmittel flüssig,https://img.rewe-static.de/REWE28_2023/7778383/36786099-8_digital-image.png?impolicy=s-offers&imwidth=200&output-format=image/webp,,https://shop.rewe.de/productList?search=1729713,,"je 20-WL-Fl , (1 WL = 0.21)",Aktion,"4,29 €","b'Gefahren- / WarnhinweiseGefahrVerursacht Hautreizungen. Verursacht schwere Augensch\xc3\xa4den. Ist \xc3\xa4rztlicher Rat erforderlich, Verpackung oder Kennzeichnungsetikett bereithalten. Darf nicht in die H\xc3\xa4nde von Kindern gelangen. Schutzhandschuhe/Schutzkleidung/Augenschutz/Gesichtsschutz tragen. BEI BER\xc3\x9cHRUNG MIT DER HAUT: Mit viel Wasser waschen. BEI KONTAKT MIT DEN AUGEN: Einige Minuten lang behutsam mit Wasser sp\xc3\xbclen. Eventuell vorhandene Kontaktlinsen nach M\xc3\xb6glichkeit entfernen. Weiter sp\xc3\xbclen. Sofort GIFTINFORMATIONSZENTRUM oder Arzt anrufen. ProduktbeschreibungArtikelnummer 7778383Inhaltsstoffe: 5-15%: anionische Tenside, nichtionische Tenside, Seife. Weitere Inhaltsstoffe: Duftstoffe, Konservierungsmittel (Benzisothiazolinone, Phenoxyethanol), Enzyme (Amylase, Subtilisin, Lipase, Cellulase, Mannanase). ArtikeldetailsMarke: Love NatureUrsprungsland: DeutschlandKontaktKontaktname: Love Nature GmbHKontaktadresse: Niederheider Stra\xc3\x9fe 22. 40589 D\xc3\xbcsseldorfMaximale Bestellmenge: 15 St\xc3\xbcckF\xc3\xbcr die vorstehenden Angaben wird keine Haftung \xc3\xbcbernommen. Bitte pr\xc3\xbcfen Sie im Einzelfall die Angaben auf der jeweiligen Produktverpackung, nur diese sind verbindlich.Das Produktdesign kann von der Abbildung abweichen.'",Berliner Str. 41-49,Rewe,Haushalt,2023-07-09,"Gültig ab morgen bis Samstag, 15.07.2023"
Sil Fleckenspray,https://img.rewe-static.de/REWE28_2023/8522595/32524924-7_digital-image.png?impolicy=s-offers&imwidth=200&output-format=image/webp,,https://shop.rewe.de/productList?search=1729713,,"je 500-ml-Fl , (1 l = 5.18)",Aktion,"2,59 €","b'Gefahren- / WarnhinweiseGefahrVerursacht schwere Augensch\xc3\xa4den.Ist \xc3\xa4rztlicher Rat erforderlich, Verpackung oder Kennzeichnungsetikett bereithalten. Darf nicht in die H\xc3\xa4nde von Kindern gelangen. Schutzhandschuhe/Schutzkleidung/Augenschutz/Gesichtsschutz tragen. Nur im Freien oder in gut bel\xc3\xbcfteten R\xc3\xa4umen verwenden. Einatmen von Staub/Rauch/Gas/Nebel/Dampf/Aerosol vermeiden. BEI KONTAKT MIT DEN AUGEN: Einige Minuten lang behutsam mit Wasser sp\xc3\xbclen. Eventuell vorhandene Kontaktlinsen nach M\xc3\xb6glichkeit entfernen. Weiter sp\xc3\xbclen. Sofort GIFTINFORMATIONSZENTRUM/Arzt anrufen. ProduktbeschreibungArtikelnummer 8522595Inhaltsstoffe: 5-15%: anionische Tenside, <5%: nichtionische Tenside.\nWeitere Inhaltsstoffe: Duftstoffe. ArtikeldetailsMarke: SilUrsprungsland: DeutschlandKontaktKontaktname: Henkel Wasch- und Reinigungsmittel GmbHKontaktadresse: D-40191 D\xc3\xbcsseldorfMaximale Bestellmenge: 15 St\xc3\xbcckF\xc3\xbcr die vorstehenden Angaben wird keine Haftung \xc3\xbcbernommen. Bitte pr\xc3\xbcfen Sie im Einzelfall die Angaben auf der jeweiligen Produktverpackung, nur diese sind verbindlich.Das Produktdesign kann von der Abbildung abweichen.'",Berliner Str. 41-49,Rewe,Haushalt,2023-07-09,"Gültig ab morgen bis Samstag, 15.07.2023"
Pril Geschirrspülmittel,https://img.rewe-static.de/REWE28_2023/7984180/32682384-2_digital-image.png?impolicy=s-offers&imwidth=200&output-format=image/webp,,https://shop.rewe.de/productList?search=1729713,,"Original , je 675-ml-Fl , (1 l = 2.21)",Aktion,"1,49 €","b'Gefahren- / WarnhinweiseAchtungKann allergische Hautreaktionen verursachen. Verursacht schwere Augenreizung. Sch\xc3\xa4dlich f\xc3\xbcr Wasserorganismen, mit langfristiger Wirkung.Ist \xc3\xa4rztlicher Rat erforderlich, Verpackung oder Kennzeichnungsetikett bereithalten. Darf nicht in die H\xc3\xa4nde von Kindern gelangen. BEI KONTAKT MIT DEN AUGEN: Einige Minuten lang behutsam mit Wasser sp\xc3\xbclen. Eventuell vorhandene Kontaktlinsen nach M\xc3\xb6glichkeit entfernen. Weiter sp\xc3\xbclen. Bei anhaltender Augenreizung: \xc3\x84rztlichen Rat einholen/\xc3\xa4rztliche Hilfe hinzuziehen. Inhalt/Beh\xc3\xa4lter gem\xc3\xa4\xc3\x9f nationalen Vorschriften der Entsorgung zuf\xc3\xbchren.ProduktbeschreibungArtikelnummer 7984180Inhaltsstoffe: 5-15%: anionische Tenside, <5%: nichtionische Tenside. Weitere Inhaltsstoffe: Konservierungsmittel (Methylisothiazolinone, Benzisothiazolinone), Duftstoffe (Limonene), Enzyme. ArtikeldetailsMarke: PrilUrsprungsland: DeutschlandKontaktKontaktname: Henkel Wasch- und Reinigungsmittel GmbHKontaktadresse: D-40191 D\xc3\xbcsseldorfMaximale Bestellmenge: 15 St\xc3\xbcckF\xc3\xbcr die vorstehenden Angaben wird keine Haftung \xc3\xbcbernommen. Bitte pr\xc3\xbcfen Sie im Einzelfall die Angaben auf der jeweiligen Produktverpackung, nur diese sind verbindlich.Das Produktdesign kann von der Abbildung abweichen.'",Berliner Str. 41-49,Rewe,Haushalt,2023-07-09,"Gültig ab morgen bis Samstag, 15.07.2023"
Perwoll Renew Wolle & Feines Waschmittel,https://img.rewe-static.de/REWE28_2023/8867091/38485180-5_digital-image.png?impolicy=s-offers&imwidth=200&output-format=image/webp,,https://shop.rewe.de/productList?search=1729713,,"je 21-WL-Fl , (1 WL = 0.20)",Aktion,"4,29 €","b'Gefahren- / WarnhinweiseAchtungVerursacht schwere Augenreizung. Kann allergische Hautreaktionen verursachen.  Ist \xc3\xa4rztlicher Rat erforderlich, Verpackung oder Kennzeichnungsetikett bereithalten. Darf nicht in die H\xc3\xa4nde von Kindern gelangen. Schutzhandschuhe/Schutzkleidung/Augenschutz/Gesichtsschutz tragen. BEI BER\xc3\x9cHRUNG MIT DER HAUT: Mit viel Wasser waschen. BEI KONTAKT MIT DEN AUGEN: Einige Minuten lang behutsam mit Wasser sp\xc3\xbclen. Eventuell vorhandene Kontaktlinsen nach M\xc3\xb6glichkeit entfernen. Weiter sp\xc3\xbclen. Bei anhaltender Augenreizung: \xc3\x84rztlichen Rat einholen/\xc3\xa4rztliche Hilfe hinzuziehen. Inhalt/Beh\xc3\xa4lter gem\xc3\xa4\xc3\x9f nationalen Vorschriften der Entsorgung zuf\xc3\xbchren.ProduktbeschreibungArtikelnummer 8867091ArtikeldetailsMarke: PerwollUrsprungsland: DeutschlandKontaktKontaktname: Henkel Wasch- und Reinigungsmittel GmbHKontaktadresse: D-40191 D\xc3\xbcsseldorfMaximale Bestellmenge: 15 St\xc3\xbcckF\xc3\xbcr die vorstehenden Angaben wird keine Haftung \xc3\xbcbernommen. Bitte pr\xc3\xbcfen Sie im Einzelfall die Angaben auf der jeweiligen Produktverpackung, nur diese sind verbindlich.Das Produktdesign kann von der Abbildung abweichen.'",Berliner Str. 41-49,Rewe,Haushalt,2023-07-09,"Gültig ab morgen bis Samstag, 15.07.2023"
Pril Geschirrspülmittel,https://img.rewe-static.de/REWE28_2023/8430871/30955216-20_digital-image.png?impolicy=s-offers&imwidth=200&output-format=image/webp,,https://shop.rewe.de/productList?search=1729713,,"Sensitive Aloe Vera , je 450-ml-Fl , (1 l = 3.31)",Aktion,"1,49 €","b'Gefahren- / WarnhinweiseAchtungVerursacht schwere Augenreizung.Ist \xc3\xa4rztlicher Rat erforderlich, Verpackung oder Kennzeichnungsetikett bereithalten. Darf nicht in die H\xc3\xa4nde von Kindern gelangen. BEI KONTAKT MIT DEN AUGEN: Einige Minuten lang behutsam mit Wasser sp\xc3\xbclen. Eventuell vorhandene Kontaktlinsen nach M\xc3\xb6glichkeit entfernen. Weiter sp\xc3\xbclen. Bei anhaltender Augenreizung: \xc3\x84rztlichen Rat einholen/\xc3\xa4rztliche Hilfe hinzuziehenProduktbeschreibungArtikelnummer 8430871Inhaltsstoffe: 5-15%: anionische Tenside, <5%: amphotere Tenside. Weitere Inhaltsstoffe: Konservierungsmittel (Benzisothiazolinone, Phenoxyethanol), Duftstoffe. ArtikeldetailsMarke: PrilUrsprungsland: DeutschlandKontaktKontaktname: Henkel Wasch- und Reinigungsmittel GmbHKontaktadresse: D-40191 D\xc3\xbcsseldorfMaximale Bestellmenge: 15 St\xc3\xbcckF\xc3\xbcr die vorstehenden Angaben wird keine Haftung \xc3\xbcbernommen. Bitte pr\xc3\xbcfen Sie im Einzelfall die Angaben auf der jeweiligen Produktverpackung, nur diese sind verbindlich.Das Produktdesign kann von der Abbildung abweichen.'",Berliner Str. 41-49,Rewe,Haushalt,2023-07-09,"Gültig ab morgen bis Samstag, 15.07.2023"
Palmolive Flüssigseife,https://img.rewe-static.de/REWE28_2023/1227889/27384433-26_digital-image.png?impolicy=s-offers&imwidth=200&output-format=image/webp,,https://shop.rewe.de/productList?search=1729713,,"versch. Sorten , je 300-ml-Spender , (1 l = 3.30)",Aktion,"0,99 €","b'ProduktbeschreibungArtikelnummer 1227889Palmolive Hygiene-Plus Sensitive Fl\xc3\xbcssigseife enth\xc3\xa4lt Aloe-Vera-Extrakt und einen nat\xc3\xbcrlichen, antibakteriellen Wirkstoff. Die milde Formel, auch f\xc3\xbcr sensible Haut geeignet, reinigt Ihre H\xc3\xa4nde sanft und hygienisch. Hautvertr\xc3\xa4glichkeit dermatologisch getestet. ArtikeldetailsMarke: PalmoliveUrsprungsland: FrankreichKontaktKontaktname: Colgate Palmolive GABA GmbHKontaktadresse: Beim Strohhause 17 Hamburg 20097Maximale Bestellmenge: 15 St\xc3\xbcckF\xc3\xbcr die vorstehenden Angaben wird keine Haftung \xc3\xbcbernommen. Bitte pr\xc3\xbcfen Sie im Einzelfall die Angaben auf der jeweiligen Produktverpackung, nur diese sind verbindlich.Das Produktdesign kann von der Abbildung abweichen.'",Berliner Str. 41-49,Rewe,Drogerie,2023-07-09,"Gültig ab morgen bis Samstag, 15.07.2023"
Elvital Spülung,https://img.rewe-static.de/REWE28_2023/3233160/26208077-16_digital-image.png?impolicy=s-offers&imwidth=200&output-format=image/webp,,https://shop.rewe.de/productList?search=1729713,,"Color , je 250-ml-Fl , (1 l = 11.96)",Aktion,"2,99 €","b""Gefahren- / WarnhinweiseBei Kontakt mit den Augen diese gr\xc3\xbcndlich aussp\xc3\xbclen.ProduktbeschreibungArtikelnummer 3233160Die Sp\xc3\xbclung ist die ideale Erg\xc3\xa4nzung zum Color-Glanz Shampoo von Elvital. Die Haarfarbe wird gesch\xc3\xbctzt und ihr wird zu l\xc3\xa4ngerer Leuchtkraft verholfen. F\xc3\xbcr mehr Farbintensit\xc3\xa4t und Farbtreue bis zu zehn Wochen.Inhaltsstoffe1217072 B - INGREDIENTS:  AQUA / WATER \xe2\x80\xa2 CETEARYL ALCOHOL \xe2\x80\xa2 BEHENTRIMONIUM CHLORIDE \xe2\x80\xa2 CETYL ESTERS \xe2\x80\xa2 COCOS NUCIFERA OIL / COCONUT OIL \xe2\x80\xa2 SODIUM BENZOATE \xe2\x80\xa2 PHENOXYETHANOL \xe2\x80\xa2 PAEONIA OFFICINALIS FLOWER EXTRACT \xe2\x80\xa2 ETHYLHEXYL SALICYLATE \xe2\x80\xa2 TRIDECETH-6 \xe2\x80\xa2 CHLORHEXIDINE DIGLUCONATE \xe2\x80\xa2 BENZYL ALCOHOL \xe2\x80\xa2 BENZYL SALICYLATE \xe2\x80\xa2 LINALOOL \xe2\x80\xa2 AMODIMETHICONE \xe2\x80\xa2 ISOPROPYL ALCOHOL \xe2\x80\xa2 ALPHA-ISOMETHYL IONONE \xe2\x80\xa2 GERANIOL \xe2\x80\xa2 CITRIC ACID \xe2\x80\xa2 POTASSIUM HYDROXIDE \xe2\x80\xa2 CITRONELLOL \xe2\x80\xa2 CETRIMONIUM CHLORIDE \xe2\x80\xa2 POTASSIUM SORBATE \xe2\x80\xa2 HEXYL CINNAMAL \xe2\x80\xa2 GLYCERIN \xe2\x80\xa2 PARFUM / FRAGRANCE (F.I.L. C259456/1).HinweiseInformation: Bei Kontakt mit den Augen diese gr\xc3\xbcndlich aussp\xc3\xbclen.ArtikeldetailsMarke: L'Or\xc3\xa9al ParisUrsprungsland: Elfenbeink\xc3\xbcsteSorte: Color GlanzLaufzeit nach \xc3\x96ffnen: 12 MonateKontaktKontaktname: L'Or\xc3\xa9al Deutschland GmbHKontaktadresse: TSA 75000 93684 ST OUEN CEDEX FRMaximale Bestellmenge: 15 St\xc3\xbcckF\xc3\xbcr die vorstehenden Angaben wird keine Haftung \xc3\xbcbernommen. Bitte pr\xc3\xbcfen Sie im Einzelfall die Angaben auf der jeweiligen Produktverpackung, nur diese sind verbindlich.Das Produktdesign kann von der Abbildung abweichen.""",Berliner Str. 41-49,Rewe,Drogerie,2023-07-09,"Gültig ab morgen bis Samstag, 15.07.2023"
Elvital Shampoo,https://img.rewe-static.de/REWE28_2023/2789935/25113040-23_digital-image.png?impolicy=s-offers&imwidth=200&output-format=image/webp,,https://shop.rewe.de/productList?search=1729713,,"Color , je 300-ml-Fl , (1 l = 9.97)",Aktion,"2,99 €","b""Gefahren- / WarnhinweiseBei Kontakt mit den Augen diese gr\xc3\xbcndlich aussp\xc3\xbclen.ProduktbeschreibungArtikelnummer 2789935L'Or\xc3\xa9al Paris Elvital Color-Glanz Pflege-Shampoo pflegt coloriertes Haar und erh\xc3\xa4lt die Leuchtkraft der Farbe. Coloriertes, get\xc3\xb6ntes oder gestr\xc3\xa4hntes\xc2\xa0 Haar ist besonders sensibel gegen\xc3\xbcber \xc3\xa4u\xc3\x9feren Einfl\xc3\xbcssen. So f\xc3\xbchren z. B. regelm\xc3\xa4\xc3\x9figes Haare-Waschen oder UV-Strahlen dazu, dass die Farbe verblasst, sich ver\xc3\xa4ndert und schnell an Leuchtkraft und Farbintensit\xc3\xa4t verliert. Das L'Oreal Paris Elvital Color-Glanz Pflege-Shampoo sch\xc3\xbctzt die Sch\xc3\xb6nheit der Haarfarbe mit einer besonderen 3-fach-Wirkung: Intensiver Farbschutz\nSchutz vor UV-bedingtem Ausbleichen\nVerl\xc3\xa4ngerte LeuchtkraftInhaltsstoffe1199588 C - INGREDIENTS:  AQUA / WATER \xe2\x80\xa2 SODIUM LAURETH SULFATE \xe2\x80\xa2 DIMETHICONE \xe2\x80\xa2 COCO-BETAINE \xe2\x80\xa2 SODIUM CHLORIDE \xe2\x80\xa2 GLYCOL DISTEARATE \xe2\x80\xa2 GUAR HYDROXYPROPYLTRIMONIUM CHLORIDE \xe2\x80\xa2 COCAMIDE MIPA \xe2\x80\xa2 COCOS NUCIFERA OIL / COCONUT OIL \xe2\x80\xa2 SODIUM BENZOATE \xe2\x80\xa2 SODIUM HYDROXIDE \xe2\x80\xa2 PAEONIA OFFICINALIS FLOWER EXTRACT \xe2\x80\xa2 ETHYLHEXYL SALICYLATE \xe2\x80\xa2 SALICYLIC ACID \xe2\x80\xa2 FUMARIC ACID \xe2\x80\xa2 BENZYL ALCOHOL \xe2\x80\xa2 BENZYL SALICYLATE \xe2\x80\xa2 LINALOOL \xe2\x80\xa2 ALPHA-ISOMETHYL IONONE \xe2\x80\xa2 CARBOMER \xe2\x80\xa2 GERANIOL \xe2\x80\xa2 CITRIC ACID \xe2\x80\xa2 CITRONELLOL \xe2\x80\xa2 POTASSIUM SORBATE \xe2\x80\xa2 HEXYLENE GLYCOL \xe2\x80\xa2 HEXYL CINNAMAL \xe2\x80\xa2 GLYCERIN \xe2\x80\xa2 PARFUM / FRAGRANCE (F.I.L. C259250/1).HinweiseInformation: Bei Kontakt mit den Augen diese sofort gr\xc3\xbcndlich aussp\xc3\xbclen.ArtikeldetailsMarke: L'Or\xc3\xa9al ParisUrsprungsland: GeorgienSorte: Color GlanzLaufzeit nach \xc3\x96ffnen: 12 MonateKontaktKontaktname: L'Or\xc3\xa9al Deutschland GmbHKontaktadresse: TSA 75000 93684 ST OUEN CEDEX FRMaximale Bestellmenge: 15 St\xc3\xbcckF\xc3\xbcr die vorstehenden Angaben wird keine Haftung \xc3\xbcbernommen. Bitte pr\xc3\xbcfen Sie im Einzelfall die Angaben auf der jeweiligen Produktverpackung, nur diese sind verbindlich.Das Produktdesign kann von der Abbildung abweichen.""",Berliner Str. 41-49,Rewe,Drogerie,2023-07-09,"Gültig ab morgen bis Samstag, 15.07.2023"
Axe Duschgel,https://img.rewe-static.de/REWE28_2023/9157379/27629412-14_digital-image.png?impolicy=s-offers&imwidth=200&output-format=image/webp,,https://shop.rewe.de/productList?search=1729713,,"versch. Sorten , je 250-ml-Fl , (1 l = 8.76)",Aktion,"2,19 €","b'ProduktbeschreibungArtikelnummer 9157379\xe2\x80\xa2 AXE Duschgel Alaska f\xc3\xbcr M\xc3\xa4nner sorgt f\xc3\xbcr eine intensive Pflege \n\xe2\x80\xa2 Verbesserte Formulierung dank 12h Long-Lasting Fragrance f\xc3\xbcr ein langanhaltendes Duft- und Frischegef\xc3\xbchl auf der Haut \n\xe2\x80\xa2 Ein w\xc3\xbcrzig-maskuliner Duft nach Sandelholz und Amber, kombiniert mit fruchtigen Akkorden. \n\xe2\x80\xa2 Duschgel mit Skin Active Technology: Pflanzenbasierte Pr\xc3\xa4biotika, die gute Hautbakterien f\xc3\xb6rdern und geruchsbildende Hautbakterien reduzieren, sorgen f\xc3\xbcr weniger K\xc3\xb6rpergeruch und mehr AXE-Duft \n\xe2\x80\xa2 Das Duschgel ist pH-hautneutral, dermatologisch getestet und enth\xc3\xa4lt 5x mehr Feuchtigkeitsspender \xe2\x80\x93 f\xc3\xbcr die beste AXE-Pflege \n\xe2\x80\xa2 Dieses M\xc3\xa4nnerduschgel kombiniert Nat\xc3\xbcrlichkeit mit einer sportlichen, selbstbewussten Note... mehr anzeigenEin gro\xc3\x9fartiger Tag beginnt mit einer gro\xc3\x9fartigen Dusche und es ist nicht egal, welches Duschgel M\xc3\xa4nner verwenden. Denn Duschgele gibt es viele. Aber nur das AXE Duschgel Alaska verbindet Nat\xc3\xbcrlichkeit mit einer sportlichen, selbstbewussten Note. Das Bodywash verleiht einen w\xc3\xbcrzig-maskulinen Duft nach Sandelholz und Amber, kombiniert mit fruchtigen Akkorden. Ein arktisch-k\xc3\xbchler Duft aus \xc3\x96len von Grapefruit und Bergamotte mit den fruchtigen Noten von Melone und Ananas, der erfrischt und neue Energie gibt.\n\nDoch nicht nur das: Das Duschgel von AXE enth\xc3\xa4lt die neue Skin Active Technology: Das sind pflanzenbasierte Pr\xc3\xa4biotika, die gute Hautbakterien f\xc3\xb6rdern und geruchsbildende Hautbakterien reduzieren. Die Folge: weniger K\xc3\xb6rpergeruch, mehr AXE-Duft. Au\xc3\x9ferdem enth\xc3\xa4lt es 5x mehr Feuchtigkeitsspender \xe2\x80\x93 f\xc3\xbcr die beste AXE-Pflege. Das Dusch Gel ist zudem ph-hautneutral und dermatologisch getestet. \n\nAnwendung: Die trockene Haut unter der Dusche befeuchten, die Bodywash in den H\xc3\xa4nden verteilen. K\xc3\xb6rper einsch\xc3\xa4umen. Gr\xc3\xbcndlich absp\xc3\xbclen. Sauber f\xc3\xbchlen. Gut duften. Das AXE Duschgel mit dem 12h Long-Lasting Fragrance \xe2\x80\x93 f\xc3\xbcr ein verbessertes Dufterlebnis unter der Dusche und ein langanhaltendes Duft- und Frischegef\xc3\xbchl auf der Haut.\n\nAXE steht f\xc3\xbcr Nachhaltigkeit \xe2\x80\x93 die Inhaltsstoffe des Duschgels sind zu 87% nat\xc3\xbcrlichen Ursprungs und die Flasche besteht aus 100% recyceltem Plastik (au\xc3\x9fer dem Deckel). \n\nDas AXE Duschgel Alaska passt perfekt zu allen Produkten aus der AXE Alaska Serie, l\xc3\xa4sst sich aber auch mit allen anderen AXE-D\xc3\xbcften kombinieren, sodass man sich voll auf das konzentrieren kann, worauf man Lust hat. AXE Duschgel Alaska \xe2\x80\x93 mit dem sensationellen Duft, der dazu einl\xc3\xa4dt, das Leben in vollen Z\xc3\xbcgen zu genie\xc3\x9fen. \n\nAXE \xe2\x80\x93 The AXE EffectInhaltsstoffeAqua, Sodium Laureth Sulfate, Parfum, Citric Acid, Cocamide MEA, Glycerin, PPG-12, Sodium Benzoate, Sodium Chloride, Sodium Sulfate, Alpha-Isomethyl Ionone, Benzyl Salicylate, Citronellol, Coumarin, Hexyl Cinnamal, Limolene, Linalool, CI 42090.ArtikeldetailsMarke: AxeUrsprungsland: DeutschlandSorte: AlaskaLaufzeit nach \xc3\x96ffnen: 12 MonateKontaktKontaktname: Unilever RAKontaktadresse: 455, 3013 AL, NLMaximale Bestellmenge: 15 St\xc3\xbcckF\xc3\xbcr die vorstehenden Angaben wird keine Haftung \xc3\xbcbernommen. Bitte pr\xc3\xbcfen Sie im Einzelfall die Angaben auf der jeweiligen Produktverpackung, nur diese sind verbindlich.Das Produktdesign kann von der Abbildung abweichen.'",Berliner Str. 41-49,Rewe,Drogerie,2023-07-09,"Gültig ab morgen bis Samstag, 15.07.2023"
Duschdas Duschgel,https://img.rewe-static.de/REWE28_2023/8911414/38937664-11_digital-image.png?impolicy=s-offers&imwidth=200&output-format=image/webp,,https://shop.rewe.de/productList?search=1729713,,"versch. Sorten , je 225-ml-Fl , (1 l = 4.40)",Aktion,"0,99 €","b'ProduktbeschreibungArtikelnummer 8911414Mit Duschdas 3-in-1 Duschgel & Shampoo Noire mit Fresh-Energy-Duftformel aktiv und vital in einen erlebnisreichen Tag starten. Der anregend-w\xc3\xbcrzige Duft vermittelt ein Gef\xc3\xbchl purer Lebendigkeit und gibt einem die Energie, die man f\xc3\xbcr einen vollgepackten Tag braucht. Die praktische Kombination aus Duschgel und Shampoo ist anwendbar f\xc3\xbcr K\xc3\xb6rper, Gesicht und Haar und sorgt f\xc3\xbcr erfrischende Momente im Alltag. Das Duschdas Duschgel & Shampoo kommt in der praktischen nachf\xc3\xbcllbaren 225 ml Flasche, die aus 100% recyceltem Plastik** (rPET) besteht und wiederum vollst\xc3\xa4ndig recycelt werden kann. Sie ist standsicher, leicht zu \xc3\xb6ffnen und eignet sich f\xc3\xbcr ein- oder mehrmaliges Nachf\xc3\xbcllen. Durch das bew\xc3\xa4hrte Kopfsteher-Format ist das 3-in-1 Duschbad in der Eco-Flasche sofort einsatzbereit und sorgt dar\xc3\xbcber hinaus f\xc3\xbcr ein Duschdas Duscherlebnis bis zum letzten Tropfen. Das erfrischende Duschgel ist leicht dosierbar, l\xc3\xa4sst sich schnell auf dem K\xc3\xb6rper und Haar aufsch\xc3\xa4umen und leicht absp\xc3\xbclen. Es hinterl\xc3\xa4sst ein frisches und sauberes Gef\xc3\xbchl. Das Duschdas Duschgel & Shampoo ist pH-hautneutral und somit besonders sanft zur Haut. Es eignet sich f\xc3\xbcr die t\xc3\xa4gliche Anwendung. Einfach die trockene Haut und das Haar unter der Dusche anfeuchten, das Duschgel auf Haut und Haar verteilen, einmassieren und absp\xc3\xbclen. Vitalisiert, erfrischt oder belebt \xe2\x80\x93 so l\xc3\xa4sst das Duschgel M\xc3\xa4nner mit positiver Stimmung in den Tag starten.\n\nJetzt auch die weiteren Duschgele von Duschdas entdecken. Als erste Duschgelmarke Deutschlands liefert Duschdas zuverl\xc3\xa4ssig gute Qualit\xc3\xa4t, eine gro\xc3\x9fe Auswahl an inspirierenden D\xc3\xbcften und langanhaltende Frische f\xc3\xbcr alle. Und das mit einer gut biologisch abbaubaren Formel in einer nachhaltigen Verpackung. Schn\xc3\xb6rkellos, zeitlos, bodenst\xc3\xa4ndig, starke Ergebnisse im funktionalen Nutzen. Beim Thema Duschen denken die Leute an Duschdas. Duschdas hinterl\xc3\xa4sst ein erfrischendes Gef\xc3\xbchl und wirkt k\xc3\xb6rperlich und geistig revitalisierend. Hol Dir frische Energie \xe2\x80\x93 mit Duschdas. *Gem\xc3\xa4\xc3\x9f OECD-Methoden **Ohne Kappe und EtikettInhaltsstoffeIngredients: Aqua, Sodium Laureth Sulfate, Sodium Chloride, Cocamidopropyl Betaine, Parfum, Glycerin, Sodium Benzoate, Citric Acid, Sodium Lactate, Tetrasodium EDTA, Alpha-Isomethyl Ionone, Coumarin, Geraniol, Hexyl Cinnamal, Limonene, Linalool, CI 17200,CI 19140.ArtikeldetailsMarke: DuschdasUrsprungsland: DeutschlandLaufzeit nach \xc3\x96ffnen: 12 MonateKontaktKontaktname: Unilever RAKontaktadresse: 455, 3013 AL, NLMaximale Bestellmenge: 15 St\xc3\xbcckF\xc3\xbcr die vorstehenden Angaben wird keine Haftung \xc3\xbcbernommen. Bitte pr\xc3\xbcfen Sie im Einzelfall die Angaben auf der jeweiligen Produktverpackung, nur diese sind verbindlich.Das Produktdesign kann von der Abbildung abweichen.'",Berliner Str. 41-49,Rewe,Drogerie,2023-07-09,"Gültig ab morgen bis Samstag, 15.07.2023"
Pampers Baby Dry Windeln Single Pack,https://img.rewe-static.de/REWE28_2023/8688573/35018085-9_digital-image.png?impolicy=s-offers&imwidth=200&output-format=image/webp,,https://shop.rewe.de/productList?search=1729713,,"Maxi Größe 4 , je 30-St.-Pckg",Aktion,"7,99 €",nan,Berliner Str. 41-49,Rewe,Drogerie,2023-07-09,"Gültig ab morgen bis Samstag, 15.07.2023"
Pampers Baby Dry Pants Single Pack,https://img.rewe-static.de/REWE28_2023/7839196/35199201-12_digital-image.png?impolicy=s-offers&imwidth=200&output-format=image/webp,,https://shop.rewe.de/productList?search=1729713,,"Größe 5 , je 24-St.-Pckg",Aktion,"7,99 €",nan,Berliner Str. 41-49,Rewe,Drogerie,2023-07-09,"Gültig ab morgen bis Samstag, 15.07.2023"
Gliss Kur Shampoo,https://img.rewe-static.de/REWE28_2023/7207275/27570160-11_digital-image.png?impolicy=s-offers&imwidth=200&output-format=image/webp,,https://shop.rewe.de/productList?search=1729713,,"versch. Sorten , je 250-ml-Fl , (1 l = 9.96)",Aktion,"2,49 €","b'ProduktbeschreibungArtikelnummer 7207275HABEN SIE STROHIGE HAARE UND SPLISS? T\xc3\xa4gliches K\xc3\xa4mmen & Stylen strapaziert das Haar, wodurch die Haarspitzen strohig werden und Haarbruch entsteht. Damit die Haare gesund & geschmeidig bleiben, brauchen sie eine intensive Pflege. GLISS KUR OIL NUTRITIVE bietet: \xe2\x80\x89TIEFENREPAIR OHNE ZU BESCHWEREN SINNLICHE GESCHMEIDIGKEIT UND GESUND GL\xc3\x84NZENDES HAAR GLISS KUR Formeln mit KERATIN SERUM reparieren vorhandene Sch\xc3\xa4den und verst\xc3\xa4rken die Zellstruktur, um zuk\xc3\xbcnftigen Sch\xc3\xa4den vorzubeugen. OIL NUTRITIVE Abgestimmt auf die Bed\xc3\xbcrfnisse von strohigem, splissanf\xc3\xa4lligem Haar, n\xc3\xa4hrt die OIL NUTRITIVE Linie das Haar mit WERTVOLLEN BEAUTY-\xc3\x96LEN. F\xc3\xbcr ein optimales Pflege-Ergebnis, folgen Sie dem GLISS KUR REPARATUR-SYSTEM: SHAMPOO reinigt  SP\xc3\x9cLUNG entwirrt  KUREN pflegenInhaltsstoffeAqua,Sodium Laureth Sulfate, Cocamidopropyl Betaine, Sodium Chloride, Macadamia Ternifolia Seed Oil, Prunus Armeniaca Kernel Oil, Tocopheryl Acetate, Panthenol, Hydrolyzed Keratin, Cocamide MEA, Disodium Cocoamphodiacetate, Sodium Benzoate, Citric Acid, PEG-7 Glyceryl Cocoate, Polyquaternium-10, Parfum, PEG-40 Hydrogenated Castor Oil, PEG-120 Methyl Glucose Dioleate, Propylene Glycol, Butylphenyl Methylpropional, Linalool, CI 19140, CI 15985, CI 47005ArtikeldetailsMarke: Gliss KurUrsprungsland: DeutschlandLaufzeit nach \xc3\x96ffnen: 12 MonateKontaktKontaktname: Schwarzkopf & Henkel GmbHKontaktadresse: D-40191 D\xc3\xbcsseldorfMaximale Bestellmenge: 15 St\xc3\xbcckF\xc3\xbcr die vorstehenden Angaben wird keine Haftung \xc3\xbcbernommen. Bitte pr\xc3\xbcfen Sie im Einzelfall die Angaben auf der jeweiligen Produktverpackung, nur diese sind verbindlich.Das Produktdesign kann von der Abbildung abweichen.'",Berliner Str. 41-49,Rewe,Drogerie,2023-07-09,"Gültig ab morgen bis Samstag, 15.07.2023"
Blend-a-Med Zahncreme,https://img.rewe-static.de/REWE28_2023/3075942/38993170-2_digital-image.png?impolicy=s-offers&imwidth=200&output-format=image/webp,,https://shop.rewe.de/productList?search=1729713,,"Classic oder Frisch , je 75-ml-Tube , (1 l = 11.87)",Aktion,"0,89 €","b'ProduktbeschreibungArtikelnummer 3075942Die blend-a-med Classic Zahncreme enth\xc3\xa4lt Aktiv-Fluorid f\xc3\xbcr saubere, gesunde und starke Z\xc3\xa4hne. Mit dem klassischen Menthol-Geschmack von blend-a-med. Blend-a-med Rundumschutz Classic Zahnpasta bietet 24 Stunden Schutz, bei zweimal t\xc3\xa4glich putzen. Mit dem klassischem Menthol-Geschmack von blend-a-med.InhaltsstoffeIngredients: Aqua, Hydrated Silica, Sorbitol, Sodium Lauryl Sulfate, Cellulose Gum, Aroma, Trisodium Phosphate, Sodium Fluoride, Carbomer, Cl 77891, Sodium Saccharin, Limonene, Sodium Hydroxide, Eugenol, Polysorbate 80HinweiseInformation: F\xc3\xbcr Kinder bis 6 Jahre: Nur erbsengro\xc3\x9fe Menge Zahnpasta benutzen. Zur Vermeidung \xc3\xbcberm\xc3\xa4\xc3\x9figen Verschluckens Z\xc3\xa4hneputzen nur unter Aufsicht. Bei zus\xc3\xa4tzlicher Aufnahme von Fluorid den Zahnarzt oder Arzt befragen. Enth\xc3\xa4lt Natriumfluorid (1450 ppm Fluorid).ArtikeldetailsMarke: Blend-a-medUrsprungsland: DeutschlandKontaktKontaktname: Procter & GambleKontaktadresse: 65823 Schwalbach/Ts., GermanyMaximale Bestellmenge: 15 St\xc3\xbcckF\xc3\xbcr die vorstehenden Angaben wird keine Haftung \xc3\xbcbernommen. Bitte pr\xc3\xbcfen Sie im Einzelfall die Angaben auf der jeweiligen Produktverpackung, nur diese sind verbindlich.Das Produktdesign kann von der Abbildung abweichen.'",Berliner Str. 41-49,Rewe,Drogerie,2023-07-09,"Gültig ab morgen bis Samstag, 15.07.2023"
Colgate Total Zahncreme,https://img.rewe-static.de/REWE28_2023/2226666/34953247-8_digital-image.png?impolicy=s-offers&imwidth=200&output-format=image/webp,,https://shop.rewe.de/productList?search=1729713,,"je 75-ml-Tuben-Pckg , (1 l = 30.53)",Aktion,"2,29 €","b'ProduktbeschreibungArtikelnummer 2226666Colgate Total Zahnapasta enth\xc3\xa4lt eine fortschrittliche Technologie, die Ihren gesamten Mund proaktiv sch\xc3\xbctzt und einen hervorragenden Schutz gegen Plaque, Empfindlichkeit, Verf\xc3\xa4rbungen, Zahnstein und Karies bietet. Sie macht Bakterien ausfindig und bek\xc3\xa4mpft sie, um den Zahnschmelz zu sch\xc3\xbctzen, neutralisiert sofort Ger\xc3\xbcche, die Mundgeruch verursachen, und enth\xc3\xa4lt verbesserte Aromen, die in Ihrem Mund f\xc3\xbcr ein Gef\xc3\xbchl der Sauberkeit und Frische sorgen. Diese Zahnpasta tr\xc3\xa4gt \xc3\xbcberdies dazu bei, Zahnfleischerkrankungen und Zahnschmelzabbau vorzubeugen. Um einen gesunden Mund zu haben, reicht es nicht aus, sich nur um die Z\xc3\xa4hne zu k\xc3\xbcmmern. Deshalb bek\xc3\xa4mpft die Zahnpasta Colgate Total Original Bakterien nicht nur auf Ihren Z\xc3\xa4hnen, sondern auch auf der Zunge, den Wangeninnenseiten und dem Zahnfleisch proaktiv bis zu 12 Stunden lang,* um die Gesundheit des ganzen Mundes zu gew\xc3\xa4hrleisten.** \n *nach 4 Wochen regelm\xc3\xa4\xc3\x9figer Anwendung \n **Schutz f\xc3\xbcr Ihren ganzen Mund, d. h. Z\xc3\xa4hne, Zunge, Wangeninnenseiten und Zahnfleisch... mehr anzeigenInhaltsstoffeAqua, Glycerin, Hydrated Silica, PVM/MA Copolymer, Sodium Lauryl Sulfate, Cellulose Gum, Aroma, Sodium Hydroxide, Carrageenan, Sodium Fluoride, Triclosan, Sodium Saccharin, Limonene, Cl 77891ArtikeldetailsMarke: ColgateUrsprungsland: DeutschlandLaufzeit nach \xc3\x96ffnen: 12 MonatePackungsgr\xc3\xb6\xc3\x9fe: 75mlMaximale Bestellmenge: 15 St\xc3\xbcckF\xc3\xbcr die vorstehenden Angaben wird keine Haftung \xc3\xbcbernommen. Bitte pr\xc3\xbcfen Sie im Einzelfall die Angaben auf der jeweiligen Produktverpackung, nur diese sind verbindlich.Das Produktdesign kann von der Abbildung abweichen.'",Berliner Str. 41-49,Rewe,Drogerie,2023-07-09,"Gültig ab morgen bis Samstag, 15.07.2023"
Vitakraft Poésie Katzennahrung,https://img.rewe-static.de/REWE28_2023/2751452/24817125-19_digital-image.png?impolicy=s-offers&imwidth=200&output-format=image/webp,,https://shop.rewe.de/productList?search=1729713,,"versch. Sorten , je 85-g-Schale/Btl , (1 kg = 4.59)",Aktion,"0,39 €","b'ProduktbeschreibungArtikelnummer 2751452K\xc3\xb6stlich fleischige H\xc3\xa4ppchen, raffiniert kombiniert mit einer feinen K\xc3\xa4sesauce \xe2\x80\x93 dieses leckere Men\xc3\xbc in der Herzschale ist jeden Tag aufs Neue ein Gedicht f\xc3\xbcr Ihre Katze!Jede Schale Po\xc3\xa9sie\xc2\xae Cr\xc3\xa9ation enth\xc3\xa4lt unwiderstehlichen Geschmack, beste Zutaten und eine ausgewogene Portion Liebe, also genau das, was sich Ihr Tiger w\xc3\xbcnscht. Dabei ist das schmackhafte Men\xc3\xbc selbstverst\xc3\xa4ndlich ideal auf die ern\xc3\xa4hrungsphysiologischen Bed\xc3\xbcrfnisse von Katzen abgestimmt und \xc3\xbcberzeugt durch h\xc3\xb6chste Qualit\xc3\xa4t. Und die kann man dank der schonenden Zubereitung sogar sehen. Vitakraft. Aus Liebe.ZusammensetzungZusammensetzung: Fleisch u. tierische Nebenerzeugnisse 55% (Rind, Schwein und Gefl\xc3\xbcgel, 5% Pute);Getreide (Weizen);Mineralstoffe;Milch und Molkereierzeugnisse (2% K\xc3\xa4se);InulinAnalytische Bestandteile: 83,0 % Feuchtigkeit;9,5 % Protein;5,0 % Fettgehalt0,3 % Rohfaser;2,0 % RohascheZusatzstoffe pro kg: 250 i.E. E671 Vitamin D3;15 mg E1 Eisen;1,0 mg E4 Kupfer;1,0 mg E5 Mangan;18,0 mg 3b605, Zink;445 mg TaurinF\xc3\xbctterungsempfehlungEine Katze mit einem Gewicht von 4 kg ben\xc3\xb6tigt ca. 2-3 Schalen pro Tag, abh\xc3\xa4ngig von Aktivit\xc3\xa4t, Alter und Rasse des Tieres. Dazu frisches Trinkwasser reichen.HinweiseAufbewahrungs- und Verwendungshinweis: K\xc3\xbchl und trocken lagern.ArtikeldetailsMarkeVitakraftUrsprungslandDeutschlandGeschmacksrichtungPute in K\xc3\xa4sesauceTierartKatzeAltersstufe des HaustieresAdultFutterartAlleinfutterKontaktKontakt: 0421 48960Zulassungsnummer: DE BW 200010Kontaktname: Vitakraft pet care GmbH & Co. KGKontaktadresse: D-28295 Bremen.Maximale Bestellmenge: 15 St\xc3\xbcckF\xc3\xbcr die vorstehenden Angaben wird keine Haftung \xc3\xbcbernommen. Bitte pr\xc3\xbcfen Sie im Einzelfall die Angaben auf der jeweiligen Produktverpackung, nur diese sind verbindlich.Das Produktdesign kann von der Abbildung abweichen.'",Berliner Str. 41-49,Rewe,Tier,2023-07-09,"Gültig ab morgen bis Samstag, 15.07.2023"
Catsan Hygiene Plus,https://img.rewe-static.de/REWE28_2023/8009189/31263213-5_digital-image.png?impolicy=s-offers&imwidth=200&output-format=image/webp,,https://shop.rewe.de/productList?search=1729713,,"je 9-l-Btl , (1 l = 0.55)",Aktion,"4,99 €","b'ProduktbeschreibungArtikelnummer 8009189CATSAN\xe2\x84\xa2 Hygiene Plus ist eine hochwirksame, nicht-klumpende Katzenstreu, die Fl\xc3\xbcssigkeit schnell und effektiv aufsaugt, bevor Geruch entsteht. Wie ein Schwamm nimmt die Hygienestreu Fl\xc3\xbcssigkeit auf und schlie\xc3\x9ft sie sicher ein. So bleibt die Katzentoilette f\xc3\xbcr Ihre Katze sp\xc3\xbcrbar trocken und hygienisch. Der Extra-Mineralschutz von CATSAN\xe2\x84\xa2 Hygiene bindet Ger\xc3\xbcche besonders lang und zuverl\xc3\xa4ssig. Katzen wissen die geruchsbindende Katsenstreu zu sch\xc3\xa4tzen - und ihre Eigent\xc3\xbcmer auch. \nCATSAN\xe2\x84\xa2 Hygienestreu besteht zu 100 % aus nat\xc3\xbcrlichen Rohstoffen (Quarzsand und Kalk). So entsteht die hygienisch wei\xc3\x9fe Farbe von CATSAN\xe2\x84\xa2 Hygienestreu, ohne auf gef\xc3\xa4hrliche Stoffe wie Bleichmittel zur\xc3\xbcckgreifen zu m\xc3\xbcssen. CATSAN\xe2\x84\xa2 ist frei von gef\xc3\xa4hrlichen Fasern oder anderen unvertr\xc3\xa4glichen Bestandteilen. \nAuch f\xc3\xbcr K\xc3\xa4tzchen geeignet.HinweiseAufbewahrungs- und Verwendungshinweis: Bitte trocken lagern.ArtikeldetailsMarke: CatsanUrsprungsland: DeutschlandKontaktKontaktname: Mars GmbHKontaktadresse: Postfach 1280, 27281 Verden (Aller)Maximale Bestellmenge: 15 St\xc3\xbcckF\xc3\xbcr die vorstehenden Angaben wird keine Haftung \xc3\xbcbernommen. Bitte pr\xc3\xbcfen Sie im Einzelfall die Angaben auf der jeweiligen Produktverpackung, nur diese sind verbindlich.Das Produktdesign kann von der Abbildung abweichen.'",Berliner Str. 41-49,Rewe,Tier,2023-07-09,"Gültig ab morgen bis Samstag, 15.07.2023"
"Edelweiss
            1",https://img.rewe-static.de/REWE28_2023/8905443/39778752-4_digital-image.png?impolicy=s-offers&imwidth=200&output-format=image/webp,,https://shop.rewe.de/productList?search=1729713,,"Sorte »Vroni«, mit silberweißen Blüten , je Topf",Aktion,"2,29 €",nan,Berliner Str. 41-49,Rewe,Freizeit & Mode,2023-07-09,"Gültig ab morgen bis Samstag, 15.07.2023"
"Lavendel
            1",https://img.rewe-static.de/REWE28_2023/7937802/32803965-11_digital-image.png?impolicy=s-offers&imwidth=200&output-format=image/webp,,https://shop.rewe.de/productList?search=1729713,,"herrlich duftend, in dekorativem Balkonkasten , je Topf",Aktion,"4,44 €",nan,Berliner Str. 41-49,Rewe,Freizeit & Mode,2023-07-09,"Gültig ab morgen bis Samstag, 15.07.2023"
"Grillbriketts »Grillis« oder Grillholzkohle »Der Sommerhit«
            3",https://img.rewe-static.de/REWE28_2023/1498474/20984916-13_digital-image.png?impolicy=s-offers&imwidth=200&output-format=image/webp,,https://shop.rewe.de/productList?search=1729713,,"je 3,3-kg-Btl , (1 kg = 2.42)",Aktion,"7,99 €","b'ProduktbeschreibungArtikelnummer 1498474Diese Artikel sind nicht st\xc3\xa4ndig im Sortiment. Verkauf nur solange der Vorrat reicht. Abgabe nur in handels\xc3\xbcblichen Mengen. Aktionspreise sind zeitlich begrenzt. ArtikeldetailsMarke: proFagusKontaktKontaktname: proFagus GmbHKontaktadresse: Uslarer Stra\xc3\x9fe 30 37194 BodenfeldeMaximale Bestellmenge: 2 St\xc3\xbcckF\xc3\xbcr die vorstehenden Angaben wird keine Haftung \xc3\xbcbernommen. Bitte pr\xc3\xbcfen Sie im Einzelfall die Angaben auf der jeweiligen Produktverpackung, nur diese sind verbindlich.Das Produktdesign kann von der Abbildung abweichen.'",Berliner Str. 41-49,Rewe,Freizeit & Mode,2023-07-09,"Gültig ab morgen bis Samstag, 15.07.2023"
"Portulakröschen oder Zauberglöckchen
            1",https://img.rewe-static.de/REWE28_2023/1832840/2541080-5_digital-image.png?impolicy=s-offers&imwidth=200&output-format=image/webp,,https://shop.rewe.de/productList?search=1729713,,"versch. Farben , je Topf",Aktion,"1,99 €",nan,Berliner Str. 41-49,Rewe,Freizeit & Mode,2023-07-09,"Gültig ab morgen bis Samstag, 15.07.2023"
"Enzian
            1",https://img.rewe-static.de/REWE28_2023/1729713/25244190-6_digital-image.png?impolicy=s-offers&imwidth=200&output-format=image/webp,,https://shop.rewe.de/productList?search=1729713,,"blühfreudige Sommerpflanze, mit leuchtend blauer Blüte , je Topf",Aktion,"2,99 €",nan,Berliner Str. 41-49,Rewe,Freizeit & Mode,2023-07-09,"Gültig ab morgen bis Samstag, 15.07.2023"
Wildkräuter Salat,https://img.rewe-static.de/REWE_CENTER_HZ28_2023/7750912/25222650-17_digital-image.png?impolicy=s-offers&imwidth=200&output-format=image/webp,,https://shop.rewe.de/productList?search=7750912,,"je 125-g-Schale , (1 kg = 9.52)",Aktion,"1,19 €",,Felix-Wankel-Strasse 20,Rewe,Topangebote,2023-07-09,"Gültig ab morgen bis Samstag, 15.07.2023"
Barilla Pasta,https://img.rewe-static.de/REWE_CENTER_HZ28_2023/6653839/20768970-25_digital-image.png?impolicy=s-offers&imwidth=200&output-format=image/webp,,https://shop.rewe.de/productList?search=7750912,,"versch. Ausformungen , je 500-g-Pckg , (1 kg = 1.90)",Knaller,"0,95 €","b'ProduktbeschreibungArtikelnummer 6653839Fusilli erschienen in ihrer heutigen Form zuerst in S\xc3\xbcditalien und sind urspr\xc3\xbcnglich der Idee entsprungen, Spaghetti auf einer Stricknadel aufzuwickeln. Erst sp\xc3\xa4ter, bedingt durch die unterschiedlichen geschmacklichen Gewohnheiten in den verschiedenen italienischen Regionen, entstanden Fusilli als eigenst\xc3\xa4ndige Sorte. Im Rahmen des Sortiments von Barilla - Italiens beliebtester Pasta - wurde die Pastasorte Fusilli neu interpretiert und erhielt ihre charakteristische Spiralform, die f\xc3\xbcr die Tradition von Mittel- und Norditalien typisch ist.... mehr anzeigenZutaten & AllergeneZutaten: HARTWEIZENGRIESS, Wasser. Kann Spuren von Sojabohnen enthalten.Allergenhinweise: Enth\xc3\xa4lt: Weizen und Weizenerzeugnisse (glutenhaltiges Getreide). Glutenhaltiges Getreide und glutenhaltige Getreideerzeugnisse. Kann enthalten: Soja und Sojaerzeugnisse.N\xc3\xa4hrwerteDurchschnittliche N\xc3\xa4hrwerteUnzubereitet pro 100 gEnergie1.521 kJEnergie359 kcalFett2 gFett, davon ges\xc3\xa4ttigte Fetts\xc3\xa4uren0,5 gKohlenhydrate71,2 gKohlenhydrate, davon Zucker3,5 gBallaststoffe3 gEiwei\xc3\x9f12,5 gSalz0,013 gHinweiseAufbewahrungs- und Verwendungshinweis: Trocken und vor W\xc3\xa4rme gesch\xc3\xbctzt lagern.ArtikeldetailsMarke: BarillaUrsprungsland: ItalienKontaktKontaktname: Barilla G. e R. Fratelli - Societ\xc3\xa0 per AzioniKontaktadresse: Via Mantova 166, Parma - ItalyF\xc3\xbcr die vorstehenden Angaben wird keine Haftung \xc3\xbcbernommen. Bitte pr\xc3\xbcfen Sie im Einzelfall die Angaben auf der jeweiligen Produktverpackung, nur diese sind verbindlich.Das Produktdesign kann von der Abbildung abweichen.'",Felix-Wankel-Strasse 20,Rewe,Topangebote,2023-07-09,"Gültig ab morgen bis Samstag, 15.07.2023"
Ehrmann Almighurt,https://img.rewe-static.de/REWE_CENTER_HZ28_2023/7659300/9176090-16_digital-image.png?impolicy=s-offers&imwidth=200&output-format=image/webp,,https://shop.rewe.de/productList?search=7750912,,"versch. Sorten , je 150-g-Becher , (1 kg = 2.20)",Knaller,"0,33 €","b'ProduktbeschreibungArtikelnummer 7659300Erlesene Fruchtzubereitung aus Deutschland.Gute Allg\xc3\xa4uer Milch von Familienh\xc3\xb6fen.Zutaten & AllergeneZutaten: JOGHURT mild, Zucker, Heidelbeeren 6,8%, modifizierte St\xc3\xa4rke, f\xc3\xa4rbendes Pflanzenkonzentrat (Karotte), Verdickungsmittel (Pektine, Guarkernmehl), Aroma. Ohne Konservierungsstoffe.Allergenhinweise: Enth\xc3\xa4lt: JoghurtEnth\xc3\xa4lt: Milch und Milcherzeugnisse (einschlie\xc3\x9flich Lactose). Milchzucker (Laktose).N\xc3\xa4hrwerteDurchschnittliche N\xc3\xa4hrwerteUnzubereitet pro 100 gEnergie389 kJEnergie92 kcalFett2,7 gFett, davon ges\xc3\xa4ttigte Fetts\xc3\xa4uren1,8 gKohlenhydrate14 gKohlenhydrate, davon Zucker13 gEiwei\xc3\x9f3 gSalz0,1 gHinweiseAufbewahrungs- und Verwendungshinweis: Bei max. +8 \xc2\xb0C mindestens haltbar bis: siehe DeckelArtikeldetailsMarke: EhrmannUrsprungsland: DeutschlandSorte: HeidelbeereKontaktKontaktname: Ehrmann GmbHKontaktadresse: A.-Ehrmann-Stra\xc3\x9fe 2, 87770 Obersch\xc3\xb6neggMaximale Bestellmenge: 15 St\xc3\xbcckF\xc3\xbcr die vorstehenden Angaben wird keine Haftung \xc3\xbcbernommen. Bitte pr\xc3\xbcfen Sie im Einzelfall die Angaben auf der jeweiligen Produktverpackung, nur diese sind verbindlich.Das Produktdesign kann von der Abbildung abweichen.'",Felix-Wankel-Strasse 20,Rewe,Topangebote,2023-07-09,"Gültig ab morgen bis Samstag, 15.07.2023"
Lavazza Caffè Crema Classico oder Crema e Aroma,https://img.rewe-static.de/REWE_CENTER_HZ28_2023/0293182/30798874-10_digital-image.png?impolicy=s-offers&imwidth=200&output-format=image/webp,,https://shop.rewe.de/productList?search=7750912,,"ganze Bohnen , je 1000-g-Btl",Knaller,"9,99 €","b'ProduktbeschreibungArtikelnummer 293182Eine sehr vielseitige Mischung aus Arabica und Robusta Bohnen. HinweiseAufbewahrungs- und Verwendungshinweis: trocken lagern.ArtikeldetailsMarke: LavazzaUrsprungsland: ItalienKontaktKontaktname: LUIGI LAVAZZA S.p.A.Kontaktadresse: C. SO NOVARA, 59- 10154 TORINO - ITALIAMaximale Bestellmenge: 15 St\xc3\xbcckF\xc3\xbcr die vorstehenden Angaben wird keine Haftung \xc3\xbcbernommen. Bitte pr\xc3\xbcfen Sie im Einzelfall die Angaben auf der jeweiligen Produktverpackung, nur diese sind verbindlich.Das Produktdesign kann von der Abbildung abweichen.'",Felix-Wankel-Strasse 20,Rewe,Topangebote,2023-07-09,"Gültig ab morgen bis Samstag, 15.07.2023"
Campofrio Serrano-Schinken,https://img.rewe-static.de/REWE_CENTER_HZ28_2023/0515409/31641266-6_digital-image.png?impolicy=s-offers&imwidth=200&output-format=image/webp,,https://shop.rewe.de/productList?search=7750912,,je 100 g,Aktion,"2,19 €","b'ProduktbeschreibungArtikelnummer 515409Frisch f\xc3\xbcr dich aus unserer Servicetheke. \n \nZutaten: Schweinefleisch, Salz, Konservierungsstoff: Kaliumnitrat, Natriumnitrit. \n \nN\xc3\xa4hrwerte je 100g: \nEnergie: 889kJ \nEnergie: 2120kcal \nFett: 10g \nFett, davon ges\xc3\xa4ttigte Fetts\xc3\xa4uren: 3,8g \nKohlenhydrate: 0,5g \nKohlenhydrate, davon Zucker: 0,5g \nEiwei\xc3\x9f: 30g \nSalz: 5g Zutaten & AllergeneAllergenhinweise: nullN\xc3\xa4hrwerteDurchschnittliche N\xc3\xa4hrwerteUnzubereitet pro 100 gEnergie889 kJEnergie212 kcalFett10 gFett, davon ges\xc3\xa4ttigte Fetts\xc3\xa4uren3,8 gKohlenhydrate0,5 gKohlenhydrate, davon Zucker0,5 gEiwei\xc3\x9f30 gSalz5 gArtikeldetailsMarke: CampofrioMaximale Bestellmenge: 15 St\xc3\xbcckF\xc3\xbcr die vorstehenden Angaben wird keine Haftung \xc3\xbcbernommen. Bitte pr\xc3\xbcfen Sie im Einzelfall die Angaben auf der jeweiligen Produktverpackung, nur diese sind verbindlich.Das Produktdesign kann von der Abbildung abweichen.'",Felix-Wankel-Strasse 20,Rewe,Topangebote,2023-07-09,"Gültig ab morgen bis Samstag, 15.07.2023"
Oro di Parma Tomaten,https://img.rewe-static.de/REWE_CENTER_HZ28_2023/0690805/1447950-33_digital-image.png?impolicy=s-offers&imwidth=200&output-format=image/webp,,https://shop.rewe.de/p/oro-di-parma-stueckige-tomaten-mit-basilikum-400g/690805,,"versch. Sorten , je 400-g-Dose , (1 kg = 2.48)",Aktion,"0,99 €","ProduktbeschreibungArtikelnummer 690805In der Sonne gereift, sorgfälig ausgewählt, geschält und fein gestückelt, bilden die ORO di Parma-Tomaten mit ihrem intensiven Geschmack, und verfeinert mit Basilikum die ideale Basis für Saucen, Suppen und Co.Zutaten & AllergeneZutaten: Tomatenstücke, Basilikum, Salz, Zucker, natürliches Kräuter-Aroma, natürliches Aroma.NährwerteDurchschnittliche NährwerteUnzubereitet pro 100 gEnergie115 kJEnergie27 kcalFett< 0,5 gFett, davon gesättigte Fettsäuren< 0,1 gKohlenhydrate3,5 gKohlenhydrate, davon Zucker3,5 gBallaststoffe2,2 gEiweiß1,3 gSalz0,6 gHinweiseAufbewahrungs- und Verwendungshinweis: Nach Anbruch im Kühlschrank aufbewahren.ArtikeldetailsMarke: Oro di ParmaNettofüllmenge: 400 GUrsprungsland: ItalienKontaktKontaktname: HengstenbergKontaktadresse: D-73726 EsslingenFür die vorstehenden Angaben wird keine Haftung übernommen. Bitte prüfen Sie im Einzelfall die Angaben auf der jeweiligen Produktverpackung, nur diese sind verbindlich.Das Produktdesign kann von der Abbildung abweichen.",Felix-Wankel-Strasse 20,Rewe,Dein Markt für italienischen Genuss,2023-07-09,"Gültig ab morgen bis Samstag, 15.07.2023"
Barilla Teigwaren,https://img.rewe-static.de/REWE_CENTER_HZ28_2023/2167566/23715522-22_digital-image.png?impolicy=s-offers&imwidth=200&output-format=image/webp,,https://shop.rewe.de/p/barilla-pasta-nudeln-spaghetti-glutenfrei-400g/2167566,,"versch. Sorten, glutenfrei , je 400-g-Pckg , (1 kg = 4.98)",Aktion,"1,99 €","ProduktbeschreibungArtikelnummer 2167566Speziell formuliert für Menschen mit Glutenunverträglichkeit.Zutaten & AllergeneZutaten: weißes Maismehl (60%), gelbes Maismehl (29,5%), braunes Vollkorn-Reismehl (10%), Wasser, Emulgator: Mono- und Diglyceride von Speisefettsäuren.Allergenhinweise: Enthält: Keine deklarationspflichtigen Allergene enthalten.NährwerteDurchschnittliche NährwerteUnzubereitet pro 100 gEnergie1.540 kJEnergie363 kcalFett1,5 gFett, davon gesättigte Fettsäuren0,7 gKohlenhydrate79,6 gKohlenhydrate, davon Zucker0,6 gBallaststoffe1,7 gEiweiß6,9 gSalz0,002 gHinweiseAufbewahrungs- und Verwendungshinweis: Kühl und trocken lagernArtikeldetailsMarke: BarillaEigenschaften: GlutenfreiUrsprungsland: ItalienSorte: Spaghetti glutenfreiKontaktKontaktname: Barilla G. e R. Fratelli S.p.A.Kontaktadresse: Via Mantova 166, Parma - Italy.Für die vorstehenden Angaben wird keine Haftung übernommen. Bitte prüfen Sie im Einzelfall die Angaben auf der jeweiligen Produktverpackung, nur diese sind verbindlich.Das Produktdesign kann von der Abbildung abweichen.",Felix-Wankel-Strasse 20,Rewe,Dein Markt für italienischen Genuss,2023-07-09,"Gültig ab morgen bis Samstag, 15.07.2023"
Barilla Fusilli Rote Linsen oder Risoni aus Hülsenfrüchten,https://img.rewe-static.de/REWE_CENTER_HZ28_2023/8089491/29290677-13_digital-image.png?impolicy=s-offers&imwidth=200&output-format=image/webp,,https://shop.rewe.de/p/barilla-fusilli-rote-linsen-glutenfrei-250g/8089491,,"versch. Sorten , je 250-g-Pckg , (1 kg = 9.96)",Aktion,"2,49 €","ProduktbeschreibungArtikelnummer 8089491Die neuen Fusilli aus roten Linsen von Barilla bieten ein ganz neues Erlebnis mit dem Geschmack und allen Vorteilen von Hülsenfrüchten!

Glutenfrei, cholesterinfrei. Protein- und ballaststoffreich.

Lernen Sie jetzt unsere neue Fusilli aus 100% rotem Linsenmehl kennen.

Machen Sie sich bereit für ein Geschmacksabenteuer! Zutaten & AllergeneZutaten: Mehl aus roten LinsenNährwerteDurchschnittliche NährwerteUnzubereitet pro 100 gEnergie1.416 kJEnergie335 kcalFett2,4 gFett, davon gesättigte Fettsäuren0,5 gKohlenhydrate47,4 gKohlenhydrate, davon Zucker1,8 gBallaststoffe12 gEiweiß25 gSalz0,003 gHinweiseAufbewahrungs- und Verwendungshinweis: Trocken, vor Licht und Wärme geschütztlagern.ArtikeldetailsMarke: BarillaEigenschaften: GlutenfreiUrsprungsland: ItalienKontaktKontaktname: Barilla G. e R. Fratelli S.p.A.Kontaktadresse: Via Mantova 166, Parma - Italy.Für die vorstehenden Angaben wird keine Haftung übernommen. Bitte prüfen Sie im Einzelfall die Angaben auf der jeweiligen Produktverpackung, nur diese sind verbindlich.Das Produktdesign kann von der Abbildung abweichen.",Felix-Wankel-Strasse 20,Rewe,Dein Markt für italienischen Genuss,2023-07-09,"Gültig ab morgen bis Samstag, 15.07.2023"
Lavazza Espresso Kaffeekapseln,https://img.rewe-static.de/REWE_CENTER_HZ28_2023/8810470/35732285-9_digital-image.png?impolicy=s-offers&imwidth=200&output-format=image/webp,,https://shop.rewe.de/p/lavazza-espresso-classico-10-kapseln-57g/8810470,,"je 57-g-Pckg , (1 kg = 43.68)",Aktion,"2,49 €","ProduktbeschreibungArtikelnummer 8810470ArtikeldetailsMarke: LavazzaUrsprungsland: ItalienKontaktKontaktname: Luigi Lavazza Deutschland GmbHKontaktadresse: Platz der Einheit 260327 Frankfurt/M.Für die vorstehenden Angaben wird keine Haftung übernommen. Bitte prüfen Sie im Einzelfall die Angaben auf der jeweiligen Produktverpackung, nur diese sind verbindlich.Das Produktdesign kann von der Abbildung abweichen.",Felix-Wankel-Strasse 20,Rewe,Dein Markt für italienischen Genuss,2023-07-09,"Gültig ab morgen bis Samstag, 15.07.2023"
Lavazza Tierra Kaffeekapseln,https://img.rewe-static.de/REWE_CENTER_HZ28_2023/8751427/35732387-9_digital-image.png?impolicy=s-offers&imwidth=200&output-format=image/webp,,https://shop.rewe.de/p/lavazza-bio-tierra-10-kapseln-55g/8751427,,"je 55-g-Pckg , (1 kg = 45.27)",Aktion,"2,49 €","ProduktbeschreibungArtikelnummer 8751427ArtikeldetailsMarke: LavazzaEigenschaften: BioUrsprungsland: ItalienÖko Kontrollstelle: IT-BIO-009Ort der Erzeugung: EU-LandwirtschaftKontaktKontaktname: Luigi Lavazza Deutschland GmbHKontaktadresse: Platz der Einheit 2, 60327 Frankfurt/M.Für die vorstehenden Angaben wird keine Haftung übernommen. Bitte prüfen Sie im Einzelfall die Angaben auf der jeweiligen Produktverpackung, nur diese sind verbindlich.Das Produktdesign kann von der Abbildung abweichen.",Felix-Wankel-Strasse 20,Rewe,Dein Markt für italienischen Genuss,2023-07-09,"Gültig ab morgen bis Samstag, 15.07.2023"
Iglo Gemüse-Ideen Italienisch,https://img.rewe-static.de/REWE_CENTER_HZ28_2023/0529482/2971930-72_digital-image.png?impolicy=s-offers&imwidth=200&output-format=image/webp,,https://shop.rewe.de/p/lavazza-bio-tierra-10-kapseln-55g/8751427,,"tiefgefroren , je 480-g-Pckg , (1 kg = 4.63)",Aktion,"2,22 €","b'ProduktbeschreibungArtikelnummer 529482Die iglo Gem\xc3\xbcse-Idee Italienisch ist eine knackige Gem\xc3\xbcsemischung, verfeinert mit mediterranen Kr\xc3\xa4utern. Das Gem\xc3\xbcse wird erntefrisch tiefgefroren, damit die vielen wichtigen Vitamine erhalten bleiben. Denn eine zubereitete Portion des italienischen Pfannengem\xc3\xbcses deckt \xc3\xbcber 50% des t\xc3\xa4glichen Vitamin A-Bedarfs. Die Gem\xc3\xbcse-Idee Italienisch l\xc3\xa4sst sich einfach und schnell in der Mikrowelle oder in der Pfanne zubereiten. Au\xc3\x9ferdem enth\xc3\xa4lt das Produkt keine Geschmacksverst\xc3\xa4rker und Farbstoff- und Aromazus\xc3\xa4tze.\n- Verfeinert mit mediterranen Kr\xc3\xa4utern\n- Ohne Zusatz von k\xc3\xbcnstlichen Aromen, Farbstoffen und Geschmacksverst\xc3\xa4rkern\n- Schnelle und einfache Zubereitung\n- Vegan\n- Tiefgefroren... mehr anzeigenZutaten & AllergeneZutaten: Gem\xc3\xbcsemischung (93%) (Brechbohnen, Paprika, Karotten, Zucchini, Zwiebel Brokkoli;in ver\xc3\xa4nderlichen Gewichtsanteilen), pflanzliche Fette und \xc3\x96le (Palmfett***,Kokosnuss\xc3\xb6l,Palmkern\xc3\xb6l***),Kr\xc3\xa4utermischung(roteZwiebel, Petersilie,Basilikum,Knoblauch,Thymian,Oregano),Gem\xc3\xbcsebr\xc3\xbche (Dextrose,Salz,Karotten,Zwiebeln,Lauch,Schalotten,Tomaten,Paprika), Wasser,Zucker,Salz,Gew\xc3\xbcrze.  Dieses Produkt enth\xc3\xa4lt zertifiziertes nachhaltiges Palmfett/ Palmkern\xc3\xb6l.N\xc3\xa4hrwerteDurchschnittliche N\xc3\xa4hrwerteUnzubereitet pro 100 gEnergie233 kJEnergie56 kcalFett2,7 gFett, davon ges\xc3\xa4ttigte Fetts\xc3\xa4uren1,8 gKohlenhydrate4,9 gKohlenhydrate, davon Zucker4,3 gBallaststoffe2,4 gEiwei\xc3\x9f1,8 gSalz0,85 gHinweiseAufbewahrungs- und Verwendungshinweis: Aufbewahrung zu Hause: *** - Fach oder Tiefk\xc3\xbchltruhe (bei minus 18\xc2\xb0 C) mindestens haltbar bis Ende: siehe links, Aufbewahrung zu Hause: ** - Fach 2 Wochen, Aufbewahrung zu Hause: * - Fach 1-3 Tage Information: Nach dem Auftauen nicht wieder einfrieren. Vor Verzehr durcherhitzen.ArtikeldetailsMarke: IgloEigenschaften: Vegan, LaktosefreiUrsprungsland: DeutschlandSorte: ItalienischKontaktKontaktname: iglo GmbHKontaktadresse: Postfach 570 521, 22774 HamburgMaximale Bestellmenge: 15 St\xc3\xbcckF\xc3\xbcr die vorstehenden Angaben wird keine Haftung \xc3\xbcbernommen. Bitte pr\xc3\xbcfen Sie im Einzelfall die Angaben auf der jeweiligen Produktverpackung, nur diese sind verbindlich.Das Produktdesign kann von der Abbildung abweichen.'",Felix-Wankel-Strasse 20,Rewe,Dein Markt für italienischen Genuss,2023-07-09,"Gültig ab morgen bis Samstag, 15.07.2023"
REWE Beste Wahl Thymian,https://img.rewe-static.de/REWE_CENTER_HZ28_2023/8414795/31134576-11_digital-image.png?impolicy=s-offers&imwidth=200&output-format=image/webp,,https://shop.rewe.de/p/lavazza-bio-tierra-10-kapseln-55g/8751427,,"gerebelt , je 16-g-Glas , (1 kg = 86.88)",Aktion,"1,39 €","b""ProduktbeschreibungArtikelnummer 8414795Zutaten & AllergeneZutaten:  Kann Spuren von Gluten, Senf und Sellerie enthalten.HinweiseAufbewahrungshinweise: Trocken und k\xc3\xbchl lagern. Vor Licht sch\xc3\xbctzen.Verwendungshinweise: Trocken lagern. Vor W\xc3\xa4rme sch\xc3\xbctzen.ArtikeldetailsMarke: REWE Beste WahlUrsprungsland: BelgienKontaktKontaktname: ISFI SPICES S.A.Kontaktadresse: 20, avenue de l'industrie, 1420 Braine- l`Alleud, BelgienMaximale Bestellmenge: 15 St\xc3\xbcckF\xc3\xbcr die vorstehenden Angaben wird keine Haftung \xc3\xbcbernommen. Bitte pr\xc3\xbcfen Sie im Einzelfall die Angaben auf der jeweiligen Produktverpackung, nur diese sind verbindlich.Das Produktdesign kann von der Abbildung abweichen.""",Felix-Wankel-Strasse 20,Rewe,Dein Markt für italienischen Genuss,2023-07-09,"Gültig ab morgen bis Samstag, 15.07.2023"
Knack & Back Pizza-Kit,https://img.rewe-static.de/REWE_CENTER_HZ28_2023/2085801/32442590-11_digital-image.png?impolicy=s-offers&imwidth=200&output-format=image/webp,,https://shop.rewe.de/p/knack-back-pizza-kit-600g/2085801,,"je 600-g-Pckg , (1 kg = 3.32)",Aktion,"1,99 €","ProduktbeschreibungArtikelnummer 2085801Wie beim Italiener: Der leckere Pizzateig kommt zusammen mit der fruchtigen Tomaten-Kräuter-Sauce – perfekt für Ihre Wunschpizza „al gusto!“

- Frischteig für Ihre Wunschpizza 

- Der leckere Pizzateig mit mediterraner Tomatensauce mit Kräutern bringen jede Menge südländische Raffinesse nach Hause.

- Der extra-luftige, extra-lockere Pizzateig reicht genau für ein ganzes Backblech für Deinen Lieblings-Moment.

- Mit mediterranem Olivenöl extra vergine. Zutaten & AllergeneZutaten: Teig (67%): WEIZENMEHL, Wasser, Dextrose, WEIZENGLUTEN, Zucker, Backtriebmittel (Diphosphate, Natriumcarbonate), natives Olivenöl extra (1 %), Alkohol, Speisesalz, Magnesiumchlorid, Stabilisator (Xanthan), Mehlbehandlungsmittel (Ascorbinsäure), Sonnenblumenöl. Tomatensauce (33%): Wasser, Tomatenstückchen (25%), Tomatenpüree (16,7%), modifizierte Maisstärke, Zucker, Speisesalz, Zwiebeln, Basilikum, Oregano, Säureregulator (Citronensäure). TEIG KANN EI, MILCH UND SOJA ENTHALTEN.Allergenhinweise: WEIZENMEHL, WEIZENGLUTENEnthält: Weizen und Weizenerzeugnisse (glutenhaltiges Getreide). Kann enthalten: Eier und Eierzeugnisse. Milch und Milcherzeugnisse (einschließlich Lactose). Soja und Sojaerzeugnisse.NährwerteDurchschnittliche NährwerteUnzubereitet pro 100 gEnergie758 kJEnergie179 kcalFett1,6 gFett, davon gesättigte Fettsäuren0,5 gKohlenhydrate32,7 gKohlenhydrate, davon Zucker5,2 gBallaststoffe2 gEiweiß6,5 gSalz1,39 gHinweiseAufbewahrungs- und Verwendungshinweis: Immer im Kühlschrank bei +2°C bis +7°C lagern. Zu verbrauchen bis: siehe Packungsseite.ArtikeldetailsMarke: Knack&BackEigenschaften: VegetarischUrsprungsland: Europäische UnionKontaktKontaktname: General Mills GmbHKontaktadresse: Osterbekstr. 90c, 22083 HamburgFür die vorstehenden Angaben wird keine Haftung übernommen. Bitte prüfen Sie im Einzelfall die Angaben auf der jeweiligen Produktverpackung, nur diese sind verbindlich.Das Produktdesign kann von der Abbildung abweichen.",Felix-Wankel-Strasse 20,Rewe,Dein Markt für italienischen Genuss,2023-07-09,"Gültig ab morgen bis Samstag, 15.07.2023"
Cecchi Vernaccia di San Gimignano DOCG,https://img.rewe-static.de/REWE_CENTER_HZ28_2023/6969739/3338520-38_digital-image.png?impolicy=s-offers&imwidth=200&output-format=image/webp,,https://shop.rewe.de/p/vernaccia-di-san-gimignano-weisswein-cecchi-trocken-0-75l/6969739,,"trocken , je 0,75-l-Fl , (1 l = 6.65)",Aktion,"4,99 €","Bestellung ab 18 Jahren.Für dieses Produkt gilt das Jugendschutzgesetz.ProduktbeschreibungArtikelnummer 6969739- Trockener leichter Weißwein, mit Aromen von tropischen Früchten und mit angenehmer Länge.
- Empfehlung: zu Spargel, Seelachs und Geflügel mit hellen Saucen.
- Trinktemperatur: 8-10°C.

Alkoholgehalt: 12,5 % Vol.

Abgefüllt von:
Casa Vinicola Luigi Cecchi & Figli srl,
Loc. Casina dei Ponti N. 56
Castellina I, 53011
Italien Zutaten & AllergeneZutaten: Zusatzstoffe: E 220Allergenhinweise: Schwefeldioxid und Sulfite in einer Konzentration von mehr als 10 mg/kg oder 10 mg/l, als SO2 angegebenArtikeldetailsMarke: CecchiUrsprungsland: ItalienSchmeckt zu: Vorspeisen & Salat, Fisch & Meeresfrüchten, Geflügel, GemüseMaximale Bestellmenge: 15 StückFür die vorstehenden Angaben wird keine Haftung übernommen. Bitte prüfen Sie im Einzelfall die Angaben auf der jeweiligen Produktverpackung, nur diese sind verbindlich.Das Produktdesign kann von der Abbildung abweichen.",Felix-Wankel-Strasse 20,Rewe,Dein Markt für italienischen Genuss,2023-07-09,"Gültig ab morgen bis Samstag, 15.07.2023"
Dermaris Pizzabrötchen,https://img.rewe-static.de/REWE_CENTER_HZ28_2023/1439807/21344536-24_digital-image.png?impolicy=s-offers&imwidth=200&output-format=image/webp,,https://shop.rewe.de/p/dermaris-pizza-broetchen-natur-250g/1439807,,"Natur , je 250-g-Pckg , (1 kg = 7.16)",Aktion,"1,79 €","ProduktbeschreibungArtikelnummer 1439807Zutaten & AllergeneZutaten: WEIZENMEHL, Trinkwasser, pflanzliche Öle (Rapsöl, natives Olivenöl extra), HARTWEIZENGRIESS, Zucker, Backhefe, Speisesalz.Kann Spuren von Milch und Milcherzeugnissen enthalten.Allergenhinweise: Enthält: Weizen und Weizenerzeugnisse (glutenhaltiges Getreide). Kann enthalten: Milch und Milcherzeugnisse (einschließlich Lactose). Milchzucker (Laktose).NährwerteDurchschnittliche NährwerteUnzubereitet pro 100 gEnergie1.064 kJEnergie252 kcalFett4,6 gFett, davon gesättigte Fettsäuren0,5 gKohlenhydrate44 gKohlenhydrate, davon Zucker3,5 gEiweiß7,5 gSalz1,53 gHinweiseAufbewahrungs- und Verwendungshinweis: Ungeöffnet bei unter + 7° C mindestens haltbar bis s. MHD.ArtikeldetailsMarke: DermarisUrsprungsland: DeutschlandSorte: NaturKontaktKontaktname: Dermaris GmbHKontaktadresse: Schanzenweg 3D-59557 LippstadtFür die vorstehenden Angaben wird keine Haftung übernommen. Bitte prüfen Sie im Einzelfall die Angaben auf der jeweiligen Produktverpackung, nur diese sind verbindlich.Das Produktdesign kann von der Abbildung abweichen.",Felix-Wankel-Strasse 20,Rewe,Dein Markt für italienischen Genuss,2023-07-09,"Gültig ab morgen bis Samstag, 15.07.2023"
Pallini Limoncello,https://img.rewe-static.de/REWE_CENTER_HZ28_2023/2022860/25321953-10_digital-image.png?impolicy=s-offers&imwidth=200&output-format=image/webp,,https://shop.rewe.de/p/pallini-limoncello-liqueur-0-5l/2022860,,"26% Vol. , je 0,5-l-Fl , (1 l = 21.98)",Aktion,"10,99 €","Bestellung ab 18 Jahren.Für dieses Produkt gilt das Jugendschutzgesetz.ProduktbeschreibungArtikelnummer 2022860Zutaten & AllergeneAllergenhinweise: Enthält: Keine deklarationspflichtigen Allergene enthalten.ArtikeldetailsUrsprungsland: ItalienAlkoholgehalt: 26 % Vol.KontaktKontaktname: Pallini SPAKontaktadresse: Via Tiburtina, 1314 00131 Rom, ITFür die vorstehenden Angaben wird keine Haftung übernommen. Bitte prüfen Sie im Einzelfall die Angaben auf der jeweiligen Produktverpackung, nur diese sind verbindlich.Das Produktdesign kann von der Abbildung abweichen.",Felix-Wankel-Strasse 20,Rewe,Dein Markt für italienischen Genuss,2023-07-09,"Gültig ab morgen bis Samstag, 15.07.2023"
"Vivess Espressokocher
            3",https://img.rewe-static.de/REWE_CENTER_HZ28_2023/8380807/33070093-9_digital-image.png?impolicy=s-offers&imwidth=200&output-format=image/webp,,https://shop.rewe.de/productList?search=8380807,,"für 4 Tassen induktions- geeignet , je St",Aktion,"12,99 €",,Felix-Wankel-Strasse 20,Rewe,Dein Markt für italienischen Genuss,2023-07-09,"Gültig ab morgen bis Samstag, 15.07.2023"
REWE Beste Wahl Ciabatta,https://img.rewe-static.de/REWE_CENTER_HZ28_2023/1076627/24593417-19_digital-image.png?impolicy=s-offers&imwidth=200&output-format=image/webp,,https://shop.rewe.de/p/rewe-beste-wahl-ciabatta-300g/1076627,,"je 300-g-Pckg , (1 kg = 3.97)",Aktion,"1,19 €","ProduktbeschreibungArtikelnummer 1076627Im Backofen in wenigen Minuten schnell zubereitet und servierfertig, eignen sich unsere REWE Beste Wahl Aufbackwaren für jede Gelegenheit. Kontakt: Glockenbrot Bäckerei GmbH & Co. oHG, D-60386 Frankfurt am Main, D-85232 Bergkirchen. Zutaten & AllergeneZutaten: WEIZENMEHL, Wasser, WEIZENSAUERTEIG getrocknet, Olivenöl, Speisesalz, Hefe, Stabilisator (Guarkernmehl), Zucker, Gerstenmalzextrakt, Emulgator (Mono- und Diacetylweinsäureester von Mono- und Diglyceriden von Speisefettsäuren), Ethanol.  Kann Spuren von Sesam und Milcherzeugnissen enthalten Zusatzstoffe: E 412, E 472eAllergenhinweise: Glutenhaltiges Getreide (Weizen, Gerste, Roggen, Hafer, Dinkel, Kamut oder Hybridstämme)NährwerteDurchschnittliche Nährwertepro 100 gEnergie1.115 kJEnergie264 kcalFett2,5 gFett, davon gesättigte Fettsäuren0,6 gKohlenhydrate50,4 gKohlenhydrate, davon Zucker3,1 gEiweiß8,1 gSalz1,2 gHinweiseVerwendungshinweise: Trocken lagern. Vor Wärme schützen.ArtikeldetailsMarke: REWE Beste WahlUrsprungsland: DeutschlandKontaktKontaktname: Glockenbrot Bäckerei GmbH & Co. oHGKontaktadresse: Robert-Bosch-Str. 3, 60386 Frankfurt am Main, DeutschlandFür die vorstehenden Angaben wird keine Haftung übernommen. Bitte prüfen Sie im Einzelfall die Angaben auf der jeweiligen Produktverpackung, nur diese sind verbindlich.Das Produktdesign kann von der Abbildung abweichen.",Felix-Wankel-Strasse 20,Rewe,Dein Markt für italienischen Genuss,2023-07-09,"Gültig ab morgen bis Samstag, 15.07.2023"
Sontino Sangiovese IGT,https://img.rewe-static.de/REWE_CENTER_HZ28_2023/7791959/35816374-5_digital-image.png?impolicy=s-offers&imwidth=200&output-format=image/webp,,https://shop.rewe.de/p/sontino-bio-rotwein-sangiovese-vegan-0-75l/7791959,,"halbtrocken , je 0,75-l-Fl , (1 l = 5.99)",Aktion,"4,49 €","Bestellung ab 18 Jahren.Für dieses Produkt gilt das Jugendschutzgesetz.ProduktbeschreibungArtikelnummer 7791959Rubinrot, Duft nach Blaubeeren, zarte
Röstaromen, saftiger Körper, dezente
Säure, verhaltener Tanningehalt.
EMPFEHLUNG: zu Pizza, Pasta und
Käse
TRINKTEMPERATUR: 16-18°C Zutaten & AllergeneZutaten: Enthält SulfiteAllergenhinweise: Enthält: Schwefeldioxid und Sulfite.ArtikeldetailsMarkeSontino Sangiovese BioEigenschaftenBio, VeganUrsprungslandItalienAlkoholgehalt12,5 % Vol.Schmeckt zuPizza, Pasta, KäseÖko KontrollstelleDE-ÖKO-003Ort der ErzeugungEU-LandwirtschaftKontaktKontaktname: F.W. Langguth Erben GmbH & Co. KGKontaktadresse: Dr.-Ernst-Spies-Allee 2, 56841 Traben-TrarbachFür die vorstehenden Angaben wird keine Haftung übernommen. Bitte prüfen Sie im Einzelfall die Angaben auf der jeweiligen Produktverpackung, nur diese sind verbindlich.Das Produktdesign kann von der Abbildung abweichen.",Felix-Wankel-Strasse 20,Rewe,Dein Markt für italienischen Genuss,2023-07-09,"Gültig ab morgen bis Samstag, 15.07.2023"
Citterio Prosciutto di Parma,https://img.rewe-static.de/REWE_CENTER_HZ28_2023/3017150/2598150-34_digital-image.png?impolicy=s-offers&imwidth=200&output-format=image/webp,,https://shop.rewe.de/p/citterio-prosciutto-di-parma-70g/3017150,,"je 70-g-Pckg , (1 kg = 38.43)",Aktion,"2,69 €","ProduktbeschreibungArtikelnummer 3017150luftgetrockneter Schinken, mild-würzig, mit Interleaver, im lackierten DisplaykartonZutaten & AllergeneZutaten: Schweinekeule, Kochsalz.Allergenhinweise: Enthält: Keine deklarationspflichtigen Allergene enthalten.NährwerteDurchschnittliche NährwerteUnzubereitet pro 100 gEnergie1.014 kJEnergie243 kcalFett15 gFett, davon gesättigte Fettsäuren5,3 gKohlenhydrate0,5 gKohlenhydrate, davon Zucker0,5 gEiweiß27 gSalz4,6 gHinweiseAufbewahrungs- und Verwendungshinweis: Unter +7°C lagern und nach dem Öffnen innerhalb von 2-3 Tagen verbrauchen.Information: keine deklarationspflichtigen Zusatzstoffe vorhanden, unter Schutzatmosphäre verpacktArtikeldetailsMarke: CitterioUrsprungsland: ItalienKontaktKontaktname: Giuseppe Citterio Salumificio S.P.A.Kontaktadresse: Corso Europa 206, 20017 RhoFür die vorstehenden Angaben wird keine Haftung übernommen. Bitte prüfen Sie im Einzelfall die Angaben auf der jeweiligen Produktverpackung, nur diese sind verbindlich.Das Produktdesign kann von der Abbildung abweichen.",Felix-Wankel-Strasse 20,Rewe,Dein Markt für italienischen Genuss,2023-07-09,"Gültig ab morgen bis Samstag, 15.07.2023"
Zitronen,https://img.rewe-static.de/REWE_CENTER_HZ28_2023/8131318/8722460-33_digital-image.png?impolicy=s-offers&imwidth=200&output-format=image/webp,,https://shop.rewe.de/p/citterio-prosciutto-di-parma-70g/3017150,,"Sorte: siehe Etikett, Kl. I , je 500-g-Netz , (1 kg = 2.58)",Aktion,"1,29 €",nan,Felix-Wankel-Strasse 20,Rewe,Dein Markt für italienischen Genuss,2023-07-09,"Gültig ab morgen bis Samstag, 15.07.2023"
Barilla Collezione Farfalle,https://img.rewe-static.de/REWE_CENTER_HZ28_2023/7905005/32879874-15_digital-image.png?impolicy=s-offers&imwidth=200&output-format=image/webp,,https://shop.rewe.de/p/citterio-prosciutto-di-parma-70g/3017150,,"je 500-g-Pckg , (1 kg = 3.58)",Knaller,"1,79 €","b'ProduktbeschreibungArtikelnummer 7905005Zutaten & AllergeneZutaten: HARTWEIZENGRIESS, Wasser. Kann Spuren von Sojabohnen enthalten.Allergenhinweise: Enth\xc3\xa4lt: Weizen und Weizenerzeugnisse (glutenhaltiges Getreide). Glutenhaltiges Getreide und glutenhaltige Getreideerzeugnisse. Kann enthalten: Soja und Sojaerzeugnisse.N\xc3\xa4hrwerteDurchschnittliche N\xc3\xa4hrwerteUnzubereitet pro 100 gEnergie1.521 kJEnergie359 kcalFett2 gFett, davon ges\xc3\xa4ttigte Fetts\xc3\xa4uren0,5 gKohlenhydrate71,2 gKohlenhydrate, davon Zucker3,5 gBallaststoffe3 gEiwei\xc3\x9f12,5 gSalz0,013 gHinweiseAufbewahrungs- und Verwendungshinweis: Trocken, vor Licht und W\xc3\xa4rme gesch\xc3\xbctzt lagern.ArtikeldetailsMarke: BarillaUrsprungsland: ItalienKontaktKontaktname: Barilla G. e R. Fratelli S.p.A.Kontaktadresse: Via Mantova 166, Parma - ItalyMaximale Bestellmenge: 15 St\xc3\xbcckF\xc3\xbcr die vorstehenden Angaben wird keine Haftung \xc3\xbcbernommen. Bitte pr\xc3\xbcfen Sie im Einzelfall die Angaben auf der jeweiligen Produktverpackung, nur diese sind verbindlich.Das Produktdesign kann von der Abbildung abweichen.'",Felix-Wankel-Strasse 20,Rewe,Dein Markt für italienischen Genuss,2023-07-09,"Gültig ab morgen bis Samstag, 15.07.2023"
Barilla Spaghetti Al Bronzo,https://img.rewe-static.de/REWE_CENTER_HZ28_2023/8745035/37803714-8_digital-image.png?impolicy=s-offers&imwidth=200&output-format=image/webp,,https://shop.rewe.de/p/citterio-prosciutto-di-parma-70g/3017150,,"je 400-g-Pckg , (1 kg = 4.48)",Knaller,"1,79 €","b'ProduktbeschreibungArtikelnummer 8745035Zutaten & AllergeneZutaten: HARTWEIZENGRIESS, Wasser. Kann Spuren von Sojabohnen und Senf enthalten.Allergenhinweise: Enth\xc3\xa4lt: Weizen und Weizenerzeugnisse (glutenhaltiges Getreide). Glutenhaltiges Getreide und glutenhaltige Getreideerzeugnisse. Kann enthalten: Soja und Sojaerzeugnisse. Senf- und Senferzeugnisse.N\xc3\xa4hrwerteDurchschnittliche N\xc3\xa4hrwerteUnzubereitet pro 100 gEnergie1.521 kJEnergie359 kcalFett2 gFett, davon ges\xc3\xa4ttigte Fetts\xc3\xa4uren0,4 gKohlenhydrate69,7 gKohlenhydrate, davon Zucker3,5 gBallaststoffe3 gEiwei\xc3\x9f14 gSalz0,013 gHinweiseAufbewahrungs- und Verwendungshinweis: Trocken, vor Licht und W\xc3\xa4rme gesch\xc3\xbctzt lagern.ArtikeldetailsMarke: BarillaUrsprungsland: ItalienKontaktKontaktname: Barilla G. e R. Fratelli S.p.A.Kontaktadresse: Via Mantova 166, Parma - ItalyMaximale Bestellmenge: 15 St\xc3\xbcckF\xc3\xbcr die vorstehenden Angaben wird keine Haftung \xc3\xbcbernommen. Bitte pr\xc3\xbcfen Sie im Einzelfall die Angaben auf der jeweiligen Produktverpackung, nur diese sind verbindlich.Das Produktdesign kann von der Abbildung abweichen.'",Felix-Wankel-Strasse 20,Rewe,Dein Markt für italienischen Genuss,2023-07-09,"Gültig ab morgen bis Samstag, 15.07.2023"
Mövenpick Salted Caramel,https://img.rewe-static.de/REWE_CENTER_HZ28_2023/7713567/38472507-14_digital-image.png?impolicy=s-offers&imwidth=200&output-format=image/webp,,https://shop.rewe.de/p/citterio-prosciutto-di-parma-70g/3017150,,"je 800-ml-Becher , (1 l = 2.49)",Aktion,"1,99 €","b'ProduktbeschreibungArtikelnummer 7713567Eis mit Vanillegeschmack, mit gesalzener Karamellsauce, Karamellst\xc3\xbcckchen und kakaobutterhaltigen Konfektst\xc3\xbcckchen mit KaramellgeschmackZutaten & AllergeneZutaten: Entrahmte MILCH, MOLKENERZEUGNIS, Glukosesirup, Zucker,pflanzliche Fette (Kokos, Shea), gezuckerte KONDENSMILCH (eingedickte VOLLMILCH, Zucker, MILCHZUCKER), gezuckerte KONDENSMAGERMILCH (eingedickte entrahmte MILCH, Zucker), Emulgatoren (Mono- und Diglyceride von Speisefetts\xc3\xa4uren, Lecithine), Verdickungsmittel (Johannisbrotkernmehl, Guarkernmehl), Kakaobutter*, Salz, VOLLMILCHPULVER, BUTTERFETT, Feuchthaltemittel (Glycerin), f\xc3\xa4rbende Frucht- und Gem\xc3\xbcsekonzentrate (schwarze Johannisbeere, Apfel, Zitrone, Karotte, Rettich), f\xc3\xa4rbendes Saflorkonzentrat, nat\xc3\xbcrliche Vanillearomen, Kakaomasse*, MILCHZUCKER, nat\xc3\xbcrliche Aromen. *Rainforest Alliance-zertifiziert. Mehr Informationen unter ra.org.KANN SCHALENFR\xc3\x9cCHTE, GLUTENHALTIGE GETREIDE, SOJA UND EIER ENTHALTEN. Wichtig: Kleinkinder (unter 4 Jahren) verf\xc3\xbcgen\xc3\xbcber eine verminderte Kauf\xc3\xa4higkeit und k\xc3\xb6nnten sich an kleinen St\xc3\xbcckchen verschlucken.Allergenhinweise: MILCH, MOLKENERZEUGNIS, KONDENSMILCH, VOLLMILCH, MILCHZUCKER, KONDENSMAGERMILCH, VOLLMILCHPULVER, BUTTERFETT.Enth\xc3\xa4lt: Milch und Milcherzeugnisse (einschlie\xc3\x9flich Lactose). Kann enthalten: Glutenhaltiges Getreide und glutenhaltige Getreideerzeugnisse. Eier und Eierzeugnisse. N\xc3\xbcsse und Nusserzeugnisse. Soja und Sojaerzeugnisse.N\xc3\xa4hrwerteDurchschnittliche N\xc3\xa4hrwerteUnzubereitet pro 100 gEnergie1.009 kJEnergie240 kcalFett9,5 gFett, davon ges\xc3\xa4ttigte Fetts\xc3\xa4uren8,2 gKohlenhydrate37 gKohlenhydrate, davon Zucker29 gBallaststoffe< 0,5 gEiwei\xc3\x9f2 gSalz0,29 gHinweiseAufbewahrungs- und Verwendungshinweis: Bei -18 \xc2\xb0C mindestens haltbar bis Ende: siehe VerpackungsaufdruckInformation: Wichtig: Kleinkinder (unter 4 Jahren) verf\xc3\xbcgen\xc3\xbcber eine verminderte Kauf\xc3\xa4higkeit und k\xc3\xb6nnten sich an kleinen St\xc3\xbcckchen verschlucken.ArtikeldetailsMarke: M\xc3\xb6venpickUrsprungsland: DeutschlandKontaktKontaktname: FRONERI Sch\xc3\xb6ller GmbHKontaktadresse: D-90419 N\xc3\xbcrnbergMaximale Bestellmenge: 15 St\xc3\xbcckF\xc3\xbcr die vorstehenden Angaben wird keine Haftung \xc3\xbcbernommen. Bitte pr\xc3\xbcfen Sie im Einzelfall die Angaben auf der jeweiligen Produktverpackung, nur diese sind verbindlich.Das Produktdesign kann von der Abbildung abweichen.'",Felix-Wankel-Strasse 20,Rewe,Dein Markt für italienischen Genuss,2023-07-09,"Gültig ab morgen bis Samstag, 15.07.2023"
Mövenpick Stracciatella Classico,https://img.rewe-static.de/REWE_CENTER_HZ28_2023/8725654/35463369-11_digital-image.png?impolicy=s-offers&imwidth=200&output-format=image/webp,,https://shop.rewe.de/p/citterio-prosciutto-di-parma-70g/3017150,,"je 900-ml-Becher , (1 l = 2.21)",Aktion,"1,99 €","b'ProduktbeschreibungArtikelnummer 8725654Cremiges Eis mit Stracciatellageschmack mit Schokoladenst\xc3\xbcckchen und einer Schokoladensauce.Zutaten & AllergeneZutaten: Entrahmte MILCH, MOLKENERZEUGNIS, Glukosesirup, Zucker, Kokosfett, Soja\xc3\xb6l, VOLLMILCHPULVER, fettarmer Kakao** (1,3 %), Kakaobutter**, Kakaomasse**, Emulgatoren (Mono- und Diglyceride von Speisefetts\xc3\xa4uren, Lecithine (SOJA)), Verdickungsmittel (Johannisbrotkernmehl, Guarkernmehl), nat\xc3\xbcrliche Aromen (enthalten MILCH), Aroma. **Rainforest Alliance-zertifiziert. Mehr Informationen unter ra.org. KANN SCHALENFR\xc3\x9cCHTE, GLUTENHALTIGE GETREIDE UND EIER ENTHALTEN. Wichtig: Kleinkinder (unter 4 Jahren) verf\xc3\xbcgen \xc3\xbcber eine verminderte Kauf\xc3\xa4higkeit und k\xc3\xb6nnten sich an kleinen St\xc3\xbcckchen verschlucken.Allergenhinweise: Milch, Molkenerzeugnis, Schlagsahne, SojaEnth\xc3\xa4lt: Milch und Milcherzeugnisse (einschlie\xc3\x9flich Lactose). Soja und Sojaerzeugnisse. Kann enthalten: Eier und Eierzeugnisse. N\xc3\xbcsse und Nusserzeugnisse. Glutenhaltiges Getreide und glutenhaltige Getreideerzeugnisse.N\xc3\xa4hrwerteDurchschnittliche N\xc3\xa4hrwerteUnzubereitet pro 100 gEnergie1.079 kJEnergie258 kcalFett15 gFett, davon ges\xc3\xa4ttigte Fetts\xc3\xa4uren9,9 gKohlenhydrate28 gKohlenhydrate, davon Zucker23 gBallaststoffe0,7 gEiwei\xc3\x9f2,9 gSalz0,09 gHinweiseAufbewahrungs- und Verwendungshinweis: Bei -18 \xc2\xb0C mindestens haltbar bis Ende: siehe VerpackungsaufdruckInformation: Wichtig: Kleinkinder (unter 4 Jahren) verf\xc3\xbcgen \xc3\xbcber eine verminderte Kauf\xc3\xa4higkeit und k\xc3\xb6nnten sich an kleinen St\xc3\xbcckchen verschlucken. Packung enth\xc3\xa4lt 9 Portionen. Portionen sollten f\xc3\xbcr Kinder entsprechend ihrem Alter angepasst werden.ArtikeldetailsMarke: M\xc3\xb6venpickUrsprungsland: DeutschlandKontaktKontaktname: FRONERI Sch\xc3\xb6ller GmbHKontaktadresse: D-90419 N\xc3\xbcrnbergMaximale Bestellmenge: 15 St\xc3\xbcckF\xc3\xbcr die vorstehenden Angaben wird keine Haftung \xc3\xbcbernommen. Bitte pr\xc3\xbcfen Sie im Einzelfall die Angaben auf der jeweiligen Produktverpackung, nur diese sind verbindlich.Das Produktdesign kann von der Abbildung abweichen.'",Felix-Wankel-Strasse 20,Rewe,Dein Markt für italienischen Genuss,2023-07-09,"Gültig ab morgen bis Samstag, 15.07.2023"
Arla Finello Gratinkäse,https://img.rewe-static.de/REWE_CENTER_HZ28_2023/0674328/21064797-16_digital-image.png?impolicy=s-offers&imwidth=200&output-format=image/webp,,https://shop.rewe.de/p/citterio-prosciutto-di-parma-70g/3017150,,"dän. Reibekäse , je 150-g-Pckg , (1 kg = 9.93)",Aktion,"1,49 €","b'ProduktbeschreibungArtikelnummer 674328Zutaten & AllergeneZutaten: K\xc3\x84SE, Kartoffelst\xc3\xa4rke.Allergenhinweise: Enth\xc3\xa4lt: Milch und Milcherzeugnisse (einschlie\xc3\x9flich Lactose).N\xc3\xa4hrwerteDurchschnittliche N\xc3\xa4hrwerteUnzubereitet pro 100 gEnergie1.305 kJEnergie314 kcalFett23 gFett, davon ges\xc3\xa4ttigte Fetts\xc3\xa4uren14 gKohlenhydrate2,8 gKohlenhydrate, davon Zucker0,6 gEiwei\xc3\x9f24 gSalz1,5 gHinweiseAufbewahrungs- und Verwendungshinweis: Nach dem \xc3\x96ffnen k\xc3\xbchl aufbewahren.Bei 8 \xc2\xb0C mindestens haltbar bis: siehe VerpackungsaufdruckInformation: Unter Schutzatmosph\xc3\xa4re verpackt.ArtikeldetailsMarke: ArlaUrsprungsland: D\xc3\xa4nemarkSorte: Gratink\xc3\xa4seKontaktKontaktname: Arla Foods ambaKontaktadresse: DK-8260 Viby JMaximale Bestellmenge: 15 St\xc3\xbcckF\xc3\xbcr die vorstehenden Angaben wird keine Haftung \xc3\xbcbernommen. Bitte pr\xc3\xbcfen Sie im Einzelfall die Angaben auf der jeweiligen Produktverpackung, nur diese sind verbindlich.Das Produktdesign kann von der Abbildung abweichen.'",Felix-Wankel-Strasse 20,Rewe,Dein Markt für italienischen Genuss,2023-07-09,"Gültig ab morgen bis Samstag, 15.07.2023"
Barilla Pesto Basilico Vegan,https://img.rewe-static.de/REWE_CENTER_HZ28_2023/3263361/26586190-10_digital-image.png?impolicy=s-offers&imwidth=200&output-format=image/webp,,https://shop.rewe.de/p/citterio-prosciutto-di-parma-70g/3017150,,"je 195-g-Glas , (1 kg = 10.21)",Aktion,"1,99 €","b'ProduktbeschreibungArtikelnummer 3263361Zutaten & AllergeneZutaten: Basilikum 35,6%, pflanzliche \xc3\x96le (Olive, Sonnenblume), CASHEWKERNE, Glukosesirup, Wasser, modifizierte Maisst\xc3\xa4rke, Salz, nat\xc3\xbcrliche Aromen, natives Oliven\xc3\xb6l extra, Zucker, S\xc3\xa4ureregulator Milchs\xc3\xa4ure. Kann Spuren von anderen Schalenfr\xc3\xbcchten (Hartschalenobst) enthalten.Allergenhinweise: Enth\xc3\xa4lt: Kaschunuss und Kaschunusserzeugnisse. Kann enthalten: N\xc3\xbcsse und Nusserzeugnisse.N\xc3\xa4hrwerteDurchschnittliche N\xc3\xa4hrwerteUnzubereitet pro 100 gEnergie1.780 kJEnergie431 kcalFett41 gFett, davon ges\xc3\xa4ttigte Fetts\xc3\xa4uren5,5 gKohlenhydrate12 gKohlenhydrate, davon Zucker3,3 gBallaststoffe2 gEiwei\xc3\x9f2,5 gSalz3 gHinweiseAufbewahrungs- und Verwendungshinweis: Nach dem \xc3\x96ffnen gek\xc3\xbchlt 5 Tage haltbar.ArtikeldetailsMarke: BarillaEigenschaften: Vegan, Vegetarisch, LaktosefreiUrsprungsland: ItalienKontaktKontaktname: Barilla G. e R. Fratelli - Societ\xc3\xa0 per AzioniKontaktadresse: Via Mantova 166, Parma - ItalyMaximale Bestellmenge: 15 St\xc3\xbcckF\xc3\xbcr die vorstehenden Angaben wird keine Haftung \xc3\xbcbernommen. Bitte pr\xc3\xbcfen Sie im Einzelfall die Angaben auf der jeweiligen Produktverpackung, nur diese sind verbindlich.Das Produktdesign kann von der Abbildung abweichen.'",Felix-Wankel-Strasse 20,Rewe,Dein Markt für italienischen Genuss,2023-07-09,"Gültig ab morgen bis Samstag, 15.07.2023"
Barilla Pesto alla Genovese,https://img.rewe-static.de/REWE_CENTER_HZ28_2023/4840313/35802412-5_digital-image.png?impolicy=s-offers&imwidth=200&output-format=image/webp,,https://shop.rewe.de/p/citterio-prosciutto-di-parma-70g/3017150,,"je 190-g-Glas , (1 kg = 10.47)",Aktion,"1,99 €","b'ProduktbeschreibungArtikelnummer 4840313Zutaten & AllergeneZutaten: pflanzliche \xc3\x96le (Olive, Sonnenblume), frisches Basilikum 30%, CASHEWKERNE, Parmigiano Reggiano g.U. K\xc3\xa4se 5% (MILCH), Maisfaser, Molkepulver (MILCH), Salz, MILCHeiweiss, natives Oliven\xc3\xb6l extra, Zucker, Basilikumextrakt, nat\xc3\xbcrliche Aromen (MILCH), S\xc3\xa4ureregulator: Milchs\xc3\xa4ure, Knoblauch. Kann Spuren von anderen Schalenfr\xc3\xbcchten (Hartschalenobst) enthalten.Allergenhinweise: Enth\xc3\xa4lt: Milch und Milcherzeugnisse (einschlie\xc3\x9flich Lactose). N\xc3\xbcsse und Nusserzeugnisse. Kaschunuss und Kaschunusserzeugnisse.N\xc3\xa4hrwerteDurchschnittliche N\xc3\xa4hrwerteUnzubereitet pro 100 gEnergie1.989 kJEnergie482 kcalFett46 gFett, davon ges\xc3\xa4ttigte Fetts\xc3\xa4uren7,1 gKohlenhydrate9,8 gKohlenhydrate, davon Zucker5,5 gBallaststoffe5 gEiwei\xc3\x9f4,7 gSalz3,25 gHinweiseAufbewahrungs- und Verwendungshinweis: Nach dem \xc3\x96ffnen gek\xc3\xbchlt 5 Tage haltbar.ArtikeldetailsMarke: BarillaUrsprungsland: ItalienKontaktKontaktname: Barilla G. e R. Fratelli S.p.A.Kontaktadresse: Via Mantova 166, Parma - ItalyMaximale Bestellmenge: 15 St\xc3\xbcckF\xc3\xbcr die vorstehenden Angaben wird keine Haftung \xc3\xbcbernommen. Bitte pr\xc3\xbcfen Sie im Einzelfall die Angaben auf der jeweiligen Produktverpackung, nur diese sind verbindlich.Das Produktdesign kann von der Abbildung abweichen.'",Felix-Wankel-Strasse 20,Rewe,Dein Markt für italienischen Genuss,2023-07-09,"Gültig ab morgen bis Samstag, 15.07.2023"
REWE Beste Wahl Balsamico Creme,https://img.rewe-static.de/REWE_CENTER_HZ28_2023/0888363/23928271-32_digital-image.png?impolicy=s-offers&imwidth=200&output-format=image/webp,,https://shop.rewe.de/p/citterio-prosciutto-di-parma-70g/3017150,,"je 250-ml-Fl , (1 l = 7.16)",Aktion,"1,79 €","b'ProduktbeschreibungArtikelnummer 888363Ihr au\xc3\x9fergew\xc3\xb6hnlicher Geschmack ist ideal zur Verfeinerung von Salaten, Gem\xc3\xbcse und Fleisch geeinigt.\n\nHergestellt f\xc3\xbcr: REWE Markt GmbH, D-50603 K\xc3\xb6ln. Zutaten & AllergeneZutaten: Traubenmostkonzentrat, Aceto Balsamico di Modena IGP 39% (Traubenmostkonzentrat, Weinessig, Farbstoff Ammonsulfit-Zuckerkul\xc3\xb6r, Antioxidationsmittel KALIUMMETABISULFIT), Weinessig, Verdickungsmittel (Guarkernmehl, Xanthan). Zusatzstoffe: E 150d, E 224, E 412, E 415Allergenhinweise: Schwefeldioxid und Sulfite in einer Konzentration von mehr als 10 mg/kg oder 10 mg/l, als SO2 angegebenN\xc3\xa4hrwerteDurchschnittliche N\xc3\xa4hrwertepro 100 mlEnergie938 kJEnergie220 kcalFett0 gFett, davon ges\xc3\xa4ttigte Fetts\xc3\xa4uren0 gKohlenhydrate52,5 gKohlenhydrate, davon Zucker43,5 gEiwei\xc3\x9f0,5 gSalz1,14 gHinweiseAufbewahrungshinweise: Nach dem \xc3\x96ffnen im K\xc3\xbchlschrank aufbewahren.Verwendungshinweise: Trocken lagern. Vor W\xc3\xa4rme sch\xc3\xbctzen.ArtikeldetailsMarke: REWE Beste WahlUrsprungsland: ItalienKontaktKontaktname: Drogheria e Alimentari Deutschland GmbHKontaktadresse: H\xc3\xbcttenstrasse 87, 87600 Kaufbeuren, DeutschlandMaximale Bestellmenge: 15 St\xc3\xbcckF\xc3\xbcr die vorstehenden Angaben wird keine Haftung \xc3\xbcbernommen. Bitte pr\xc3\xbcfen Sie im Einzelfall die Angaben auf der jeweiligen Produktverpackung, nur diese sind verbindlich.Das Produktdesign kann von der Abbildung abweichen.'",Felix-Wankel-Strasse 20,Rewe,Dein Markt für italienischen Genuss,2023-07-09,"Gültig ab morgen bis Samstag, 15.07.2023"
Rana Tortelloni,https://img.rewe-static.de/REWE_CENTER_HZ28_2023/8657317/33918696-8_digital-image.png?impolicy=s-offers&imwidth=200&output-format=image/webp,,https://shop.rewe.de/p/citterio-prosciutto-di-parma-70g/3017150,,"versch. Sorten , je 250-g-Pckg , (1 kg = 10.76)",Aktion,"2,69 €","b'ProduktbeschreibungArtikelnummer 8657317Zutaten & AllergeneZutaten: F\xc3\x9cLLUNG 53%: Basilikum Pesto 35%,(Sonnenblumen\xc3\xb6l, Basilikum 27% Pecorino Romano g.U. (gesch\xc3\xbctzte Ursprungsbezeichnung) K\xc3\x84SE 14%, KACHUN\xc3\x9cSSE, geriebener K\xc3\x84SE, Kochsalz, Pinienkerne 3%), Ricotta 33% (MOLKE, MILCH, Kochsalz), Pflanzenfasern (Mais und Kartoffeln) Mozzarella K\xc3\x84SE, Paniermehl (WeichWEIZENmehl, Wasser, Kochsalz, Hefe), LAKTOSE, St\xc3\xa4rke, nat\xc3\xbcrliche Aromen (enth\xc3\xa4lt GERSTE). TEIGWAREN 47%: WeichWEIZENmehl, EIER 30%,HartWEIZENgrie\xc3\x9f. Hergestellt in einem Werk, das auch SCHALENFR\xc3\x9cCHTE, FISCHE, KREBSTIERE, WICHTIERE, SOJABOHNEN und SELLERIE verwendet.Allergenhinweise: Enth\xc3\xa4lt: Glutenhaltiges Getreide und glutenhaltige Getreideerzeugnisse. Milch und Milcherzeugnisse (einschlie\xc3\x9flich Lactose). N\xc3\xbcsse und Nusserzeugnisse. Eier und Eierzeugnisse. Kann enthalten: Krebstiere und Krebstiererzeugnisse. Weichtiere und Weichtiererzeugnisse. Fisch und Fischerzeugnisse. Soja und Sojaerzeugnisse. Sellerie und Sellerieerzeugnisse.N\xc3\xa4hrwerteDurchschnittliche N\xc3\xa4hrwerteUnzubereitet pro 100 gEnergie1.225 kJEnergie292 kcalFett12 gFett, davon ges\xc3\xa4ttigte Fetts\xc3\xa4uren3,1 gKohlenhydrate32 gKohlenhydrate, davon Zucker4,1 gBallaststoffe6,2 gEiwei\xc3\x9f11 gSalz0,98 gHinweiseAufbewahrungs- und Verwendungshinweis: Im K\xc3\xbchlschrank bei +4\xc2\xb0C bis max. +7\xc2\xb0C aufbewahren. Nach dem \xc3\x96ffnen innerhalb von 3 Tagen verbrauchen.Information: Unter Schutzatmosph\xc3\xa4re verpackt.ArtikeldetailsMarke: Giovanni RanaUrsprungsland: ItalienKontaktKontaktname: Pastificio RANA S.p.A.Kontaktadresse: Via Pacinotti, 25 - 37057 San Giovanni Lupatoto (VR) - ItaliaMaximale Bestellmenge: 15 St\xc3\xbcckF\xc3\xbcr die vorstehenden Angaben wird keine Haftung \xc3\xbcbernommen. Bitte pr\xc3\xbcfen Sie im Einzelfall die Angaben auf der jeweiligen Produktverpackung, nur diese sind verbindlich.Das Produktdesign kann von der Abbildung abweichen.'",Felix-Wankel-Strasse 20,Rewe,Dein Markt für italienischen Genuss,2023-07-09,"Gültig ab morgen bis Samstag, 15.07.2023"
Alta Badia,https://img.rewe-static.de/REWE_CENTER_HZ28_2023/0351001/26962937-8_digital-image.png?impolicy=s-offers&imwidth=200&output-format=image/webp,,https://shop.rewe.de/p/citterio-prosciutto-di-parma-70g/3017150,,"ital. Hartkäse, mind. 50% Fett i.Tr. , je 100 g",Aktion,"1,99 €","b'ProduktbeschreibungArtikelnummer 351001Frisch f\xc3\xbcr dich aus unserer Servicetheke. \n \nZutaten: pasteurisierte MILCH, Salz, MILCHS\xc3\x84UREBAKTERIEN, tierisches Lab, Konservierungsstoff: LYSOZYM (aus EI), Natamycin, Farbstoff: AMMONSULFITZUCKERKUL\xc3\x96R \n \nLaktosefrei* \n*Laktosegehalt: unter 0, 1g/100g \n \nRinde nicht zum Verzehr geeignet! \n \nN\xc3\xa4hrwerte je 100g: \nEnergie: 1704kJ \nEnergie: 411kcal \nFett: 33,5g \nFett, davon ges\xc3\xa4ttigte Fetts\xc3\xa4uren: 24,1g \nKohlenhydrate: 0,1g \nKohlenhydrate, davon Zucker: 0,1g \nEiwei\xc3\x9f: 27,3g \nSalz: 1,7g ArtikeldetailsEigenschaften: LaktosefreiMaximale Bestellmenge: 15 St\xc3\xbcckF\xc3\xbcr die vorstehenden Angaben wird keine Haftung \xc3\xbcbernommen. Bitte pr\xc3\xbcfen Sie im Einzelfall die Angaben auf der jeweiligen Produktverpackung, nur diese sind verbindlich.Das Produktdesign kann von der Abbildung abweichen.'",Felix-Wankel-Strasse 20,Rewe,Dein Markt für italienischen Genuss,2023-07-09,"Gültig ab morgen bis Samstag, 15.07.2023"
Belli Cantuccini,https://img.rewe-static.de/REWE_CENTER_HZ28_2023/0218662/22322908-38_digital-image.png?impolicy=s-offers&imwidth=200&output-format=image/webp,,https://shop.rewe.de/p/citterio-prosciutto-di-parma-70g/3017150,,"je 250-g-Btl , (1 kg = 10.36)",Aktion,"2,59 €","b""ProduktbeschreibungArtikelnummer 218662Mit 25% Mandelanteil. Zutaten & AllergeneZutaten: WEIZENMEHL, Zucker, MANDELN (25%), pasteurisierte VOLLEIER, pasteurisiertes H\xc3\x9cHNEREIGELB, BUTTER, Bl\xc3\xbctenhonig, Salz. Backtriebmittel: Ammoniumhydrogencarbonat, Dinatriumdiphosphat, Natriumhydrogencarbonat, Aromen. Kann Spuren von anderen SCHALENFR\xc3\x9cCHTEN und SOJA enthalten.Allergenhinweise: Enth\xc3\xa4lt: Weizen und Weizenerzeugnisse (glutenhaltiges Getreide). Mandeln und Mandelerzeugnisse. Eier und Eierzeugnisse. Milch und Milcherzeugnisse (einschlie\xc3\x9flich Lactose). Kann enthalten: Soja und Sojaerzeugnisse. N\xc3\xbcsse und Nusserzeugnisse.N\xc3\xa4hrwerteDurchschnittliche N\xc3\xa4hrwerteUnzubereitet pro 100 gEnergie1.774 kJEnergie424 kcalFett16 gFett, davon ges\xc3\xa4ttigte Fetts\xc3\xa4uren3 gKohlenhydrate60 gKohlenhydrate, davon Zucker32 gEiwei\xc3\x9f10 gSalz0,06 gHinweiseAufbewahrungs- und Verwendungshinweis: K\xc3\xbchl und trocken lagern.ArtikeldetailsUrsprungsland: ItalienKontaktKontaktname: Biscottificio Belli srlKontaktadresse: Via dell'Albereto, 26/28/30, I-50041 Calenzano - FirenzeMaximale Bestellmenge: 15 St\xc3\xbcckF\xc3\xbcr die vorstehenden Angaben wird keine Haftung \xc3\xbcbernommen. Bitte pr\xc3\xbcfen Sie im Einzelfall die Angaben auf der jeweiligen Produktverpackung, nur diese sind verbindlich.Das Produktdesign kann von der Abbildung abweichen.""",Felix-Wankel-Strasse 20,Rewe,Dein Markt für italienischen Genuss,2023-07-09,"Gültig ab morgen bis Samstag, 15.07.2023"
Mionetto Prosecco Spumante DOC,https://img.rewe-static.de/REWE_CENTER_HZ28_2023/2104631/22280027-24_digital-image.png?impolicy=s-offers&imwidth=200&output-format=image/webp,,https://shop.rewe.de/p/citterio-prosciutto-di-parma-70g/3017150,,"versch. Sorten , je 0,75-l-Fl , (1 l = 9.32)",Aktion,"6,99 €","b""Bestellung ab 18 Jahren.F\xc3\xbcr dieses Produkt gilt das Jugendschutzgesetz.ProduktbeschreibungArtikelnummer 2104631Der Prosecco D.O.C. Treviso Brut der Prestige-Linie \xc3\xbcberrascht selbst ausgesprochene Kenner. \nDieser hochwertige Spumante interpretiert die Kategorie 'Brut' v\xc3\xb6llig neu und z\xc3\xa4hlt geschmacklich zu den modernsten seiner Klasse. \nDer Prosecco D.O.C. Treviso Brut besticht durch seine leuchtend strohgelbe Farbe, intensive Perlage, ein fruchtiges Bukett nach Golden Delicious \xc3\x84pfeln und Birnen \nsowie durch feine Aromen nach Akazienhonig. Mionetto Prosecco D.O.C. Treviso Brut zeichnet sich durch sein elegantes Design aus. Das raffiniert moderne Etikett im 27-Grad-Winkel spiegelt sich in der Halsschleife wider.\n\nAlkoholgehalt: 11% Vol.... mehr anzeigenZutaten & AllergeneZutaten:  Enth\xc3\xa4lt Sulfite Zusatzstoffe: E 220Allergenhinweise: Schwefeldioxid und Sulfite in einer Konzentration von mehr als 10 mg/kg oder 10 mg/l, als SO2 angegebenArtikeldetailsMarke: MionettoUrsprungsland: ItalienKontaktKontaktname: Mionetto SPAKontaktadresse: Valdobbiadene, ItalienMaximale Bestellmenge: 15 St\xc3\xbcckF\xc3\xbcr die vorstehenden Angaben wird keine Haftung \xc3\xbcbernommen. Bitte pr\xc3\xbcfen Sie im Einzelfall die Angaben auf der jeweiligen Produktverpackung, nur diese sind verbindlich.Das Produktdesign kann von der Abbildung abweichen.""",Felix-Wankel-Strasse 20,Rewe,Dein Markt für italienischen Genuss,2023-07-09,"Gültig ab morgen bis Samstag, 15.07.2023"
Galbani Mozzarella Mini,https://img.rewe-static.de/REWE_CENTER_HZ28_2023/0594382/965610-29_digital-image.png?impolicy=s-offers&imwidth=200&output-format=image/webp,,https://shop.rewe.de/p/citterio-prosciutto-di-parma-70g/3017150,,"38% Fett i.Tr. , je 260-g-Pckg , (1 kg = 13.27) , 150-g-Abtropfgew.",Aktion,"1,99 €","b'ProduktbeschreibungArtikelnummer 594382Zutaten & AllergeneZutaten: pasteurisierte KuhMILCH, Lab, Salz, S\xc3\xa4uerungsmittel:Zitronens\xc3\xa4ureAllergenhinweise: Enth\xc3\xa4lt: Milch und Milcherzeugnisse (einschlie\xc3\x9flich Lactose).N\xc3\xa4hrwerteDurchschnittliche N\xc3\xa4hrwerteUnzubereitet pro 100 gEnergie819 kJEnergie197 kcalFett13,5 gFett, davon ges\xc3\xa4ttigte Fetts\xc3\xa4uren9,4 gKohlenhydrate1,3 gKohlenhydrate, davon Zucker0,6 gEiwei\xc3\x9f17,5 gSalz0,6 gHinweiseAufbewahrungs- und Verwendungshinweis: bei 8\xc2\xb0C mindestens haltbar bis: siehe VerpackungsaufdruckArtikeldetailsMarke: GalbaniNettof\xc3\xbcllmenge: 260 GUrsprungsland: ItalienAbtropfgewicht: 150 gKontaktKontaktname: Lactalis Deutschland GmbHKontaktadresse: Am Yachthafen 2, 77694 KehlMaximale Bestellmenge: 15 St\xc3\xbcckF\xc3\xbcr die vorstehenden Angaben wird keine Haftung \xc3\xbcbernommen. Bitte pr\xc3\xbcfen Sie im Einzelfall die Angaben auf der jeweiligen Produktverpackung, nur diese sind verbindlich.Das Produktdesign kann von der Abbildung abweichen.'",Felix-Wankel-Strasse 20,Rewe,Dein Markt für italienischen Genuss,2023-07-09,"Gültig ab morgen bis Samstag, 15.07.2023"
Cellini Grappa Oro,https://img.rewe-static.de/REWE_CENTER_HZ28_2023/9687947/3673940-23_digital-image.png?impolicy=s-offers&imwidth=200&output-format=image/webp,,https://shop.rewe.de/p/citterio-prosciutto-di-parma-70g/3017150,,"38% Vol. , je 0,7-l-Fl , (1 l = 12.84)",Aktion,"8,99 €","b'Bestellung ab 18 Jahren.F\xc3\xbcr dieses Produkt gilt das Jugendschutzgesetz.ProduktbeschreibungArtikelnummer 9687947Zutaten & AllergeneAllergenhinweise: Enth\xc3\xa4lt: Keine deklarationspflichtigen Allergene enthalten.HinweiseAufbewahrungs- und Verwendungshinweis: Lagerf\xc3\xa4higkeit 2-3 Jahre, bei Zimmertemperatur servierenArtikeldetailsMarke: CelliniUrsprungsland: ItalienAlkoholgehalt: 38 % Vol.KontaktKontaktname: Rolf Herzberger GmbH & Co. KGKontaktadresse: Am Felsbrunnen 8, 66119 Saarbr\xc3\xbcckenMaximale Bestellmenge: 15 St\xc3\xbcckF\xc3\xbcr die vorstehenden Angaben wird keine Haftung \xc3\xbcbernommen. Bitte pr\xc3\xbcfen Sie im Einzelfall die Angaben auf der jeweiligen Produktverpackung, nur diese sind verbindlich.Das Produktdesign kann von der Abbildung abweichen.'",Felix-Wankel-Strasse 20,Rewe,Dein Markt für italienischen Genuss,2023-07-09,"Gültig ab morgen bis Samstag, 15.07.2023"
Bertolli Brotaufstrich,https://img.rewe-static.de/REWE_CENTER_HZ28_2023/4942531/3398660-52_digital-image.png?impolicy=s-offers&imwidth=200&output-format=image/webp,,https://shop.rewe.de/p/citterio-prosciutto-di-parma-70g/3017150,,"mit mildem Olivenöl , je 250-g-Becher , (1 kg = 5.56)",Aktion,"1,39 €","b'ProduktbeschreibungArtikelnummer 4942531- Das Gute des Olivenbaums \n- Enth\xc3\xa4lt viele einfach unges\xc3\xa4ttigte Fetts\xc3\xa4uren \n- F\xc3\xbcr eine gesunde, ausgewogene Ern\xc3\xa4hrung. \n- Passt hervorragend zu herzhafen Brotbel\xc3\xa4gen \n- Aber auch zu S\xc3\xbc\xc3\x9fem, wie Marmelade oder Honig \n \nDas \xe2\x80\x9eGute des Olivenbaums\xe2\x80\x9c t\xc3\xa4glich aufs Brot! \nDer BERTOLLI Brotaufstrich enth\xc3\xa4lt viele einfach unges\xc3\xa4ttigte Fetts\xc3\xa4uren, die einen wichtigen Bestandteil der traditionellen mediterranen Ern\xc3\xa4hrung darstellen. \nDer BERTOLLI Brotaufstrich tr\xc3\xa4gt somit dem Trend nach einer gesunden und ausgewogenen Ern\xc3\xa4hrung Rechnung. \nEr passt hervorragend sowohl zu herzhaften Brotbel\xc3\xa4gen als auch zu S\xc3\xbc\xc3\x9fem, wie Marmelade oder Honig. Zu den beliebtesten Brotsorten geh\xc3\xb6ren Focaccia, Tramezzino, Ciabatta und Bruschetta. Die mediterranen Brotspezialit\xc3\xa4ten werden oft zusammen mit Tomaten, Oliven und anderen Leckereien als kleiner Imbiss f\xc3\xbcr zwischendurch gereicht. \nDie K\xc3\xbcche Italiens geh\xc3\xb6rt zu den bekanntesten und beliebtesten K\xc3\xbcchen der Welt. Vollkommen zu Recht, denn sie besticht durch ihre frischen Zutaten, ihren Abwechslungsreichtum und gilt zudem als gesund. Hier finden Sie typisch italienische K\xc3\xb6stlichkeiten, mit denen Sie sich \xe2\x80\x9ela Dolce Vita\xe2\x80\x9c in Ihr eigenes Zuhause holen k\xc3\xb6nnen. \n \nBERTOLLI Brotaufstrich ist in 250g und 500g Packungen erh\xc3\xa4ltlich.... mehr anzeigenDas Gute des OlivenbaumsZutaten & AllergeneZutaten: Trinkwasser, pflanzliche \xc3\x96le und Fette (Raps, Palm, Palm ganz geh\xc3\xa4rtet), 7,5% Oliven\xc3\xb6l, BUTTERMILCH, modifizierte St\xc3\xa4rke, Speisesalz (0,4%), Emulgatoren (Mono- und Diglyceride von Speisefetts\xc3\xa4uren, Lecithine), Konservierungsstoff (Kaliumsorbat), S\xc3\xa4uerungsmittel (Citronens\xc3\xa4ure), Aroma, Vitamine (A, D), Farbstoff (Carotin).Allergenhinweise: Enth\xc3\xa4lt: Milch und Milcherzeugnisse (einschlie\xc3\x9flich Lactose).N\xc3\xa4hrwerteDurchschnittliche N\xc3\xa4hrwerteUnzubereitet pro 100 gEnergie1.445 kJEnergie339 kcalFett38 gFett, davon ges\xc3\xa4ttigte Fetts\xc3\xa4uren9 gKohlenhydrate1,7 gKohlenhydrate, davon Zucker< 0,5 gEiwei\xc3\x9f< 0,5 gSalz0,4 gVitamin A800 \xc2\xb5gVitamin D7,5 \xc2\xb5gHinweiseAufbewahrungs- und Verwendungshinweis: Beste Lagerung zwischen +2\xc2\xb0C und +15\xc2\xb0CArtikeldetailsMarke: BertolliUrsprungsland: NiederlandePackungsgr\xc3\xb6\xc3\x9fe: 250gKontaktKontaktname: Upfield Deutschland GmbHKontaktadresse: Valentinskamp 88-90, 20355 HamburgMaximale Bestellmenge: 15 St\xc3\xbcckF\xc3\xbcr die vorstehenden Angaben wird keine Haftung \xc3\xbcbernommen. Bitte pr\xc3\xbcfen Sie im Einzelfall die Angaben auf der jeweiligen Produktverpackung, nur diese sind verbindlich.Das Produktdesign kann von der Abbildung abweichen.'",Felix-Wankel-Strasse 20,Rewe,Dein Markt für italienischen Genuss,2023-07-09,"Gültig ab morgen bis Samstag, 15.07.2023"
REWE Beste Wahl Gnocchi,https://img.rewe-static.de/REWE_CENTER_HZ28_2023/0118000/23128380-35_digital-image.png?impolicy=s-offers&imwidth=200&output-format=image/webp,,https://shop.rewe.de/p/citterio-prosciutto-di-parma-70g/3017150,,"frische, italienische Kartoffelklößchen aus 78% Kartoffelpüree , je 400-g-Btl , (1 kg = 3.73)",Aktion,"1,49 €","b'ProduktbeschreibungArtikelnummer 118000Zutaten & AllergeneZutaten: Kartoffelp\xc3\xbcree 80% (Wasser, Kartoffelflocken 16%), WEIZENMEHL, Kartoffelst\xc3\xa4rke, Reismehl, Speisesalz.  Kann Spuren von Soja enthalten.Allergenhinweise: Glutenhaltiges Getreide (Weizen, Gerste, Roggen, Hafer, Dinkel, Kamut oder Hybridst\xc3\xa4mme)N\xc3\xa4hrwerteDurchschnittliche N\xc3\xa4hrwertepro 100 gEnergie630 kJEnergie149 kcalFett0,6 gFett, davon ges\xc3\xa4ttigte Fetts\xc3\xa4uren0 gKohlenhydrate32 gKohlenhydrate, davon Zucker0,3 gEiwei\xc3\x9f3,3 gSalz1,08 gHinweiseAufbewahrungshinweise:  Nach dem \xc3\x96ffnen k\xc3\xbchl lagern und innerhalb von drei Tagen verzehren.Verwendungshinweise: Bei +4 \xc2\xb0C bis +7 \xc2\xb0CArtikeldetailsMarke: REWE Beste WahlUrsprungsland: ItalienPackungsgr\xc3\xb6\xc3\x9fe: 400gKontaktKontaktname: CIEMME ALIMENTARI S.R.L.Kontaktadresse: VIA FOGGIA, 28/30, BARLETTA, 76121, ItalienMaximale Bestellmenge: 15 St\xc3\xbcckF\xc3\xbcr die vorstehenden Angaben wird keine Haftung \xc3\xbcbernommen. Bitte pr\xc3\xbcfen Sie im Einzelfall die Angaben auf der jeweiligen Produktverpackung, nur diese sind verbindlich.Das Produktdesign kann von der Abbildung abweichen.'",Felix-Wankel-Strasse 20,Rewe,Dein Markt für italienischen Genuss,2023-07-09,"Gültig ab morgen bis Samstag, 15.07.2023"
REWE Feine Welt Burrata,https://img.rewe-static.de/REWE_CENTER_HZ28_2023/8643941/34631257-8_digital-image.png?impolicy=s-offers&imwidth=200&output-format=image/webp,,https://shop.rewe.de/p/citterio-prosciutto-di-parma-70g/3017150,,"je 250-g-Becher-Pckg , (1 kg = 14.90) , 100-g-Abtropfgew.",Aktion,"1,49 €","b'ProduktbeschreibungArtikelnummer 8643941Zutaten & AllergeneZutaten: Zutaten: K\xc3\x84SEREIMILCH, SAHNE 41 %, Speisesalz, mikrobielles Lab, S\xc3\xa4uerungsmittel Milchs\xc3\xa4ure, Konservierungsstoff Kaliumsorbat. Zusatzstoffe: E 202, E 270Allergenhinweise: Milch und Milcherzeugnisse (einschlie\xc3\x9flich Lactose)N\xc3\xa4hrwerteDurchschnittliche N\xc3\xa4hrwertepro 100 gEnergie1.054 kJEnergie255 kcalFett23,9 gFett, davon ges\xc3\xa4ttigte Fetts\xc3\xa4uren15,3 gKohlenhydrate2 gKohlenhydrate, davon Zucker2 gEiwei\xc3\x9f8 gSalz0,54 gArtikeldetailsMarke: REWE Feine WeltNettof\xc3\xbcllmenge: 250 GUrsprungsland: ItalienAbtropfgewicht: 100 gKontaktKontaktname: DELIZIA S.P.A.Kontaktadresse: Contrada Pizunzo Z.I., Noci (BA), 70015, ItalienMaximale Bestellmenge: 15 St\xc3\xbcckF\xc3\xbcr die vorstehenden Angaben wird keine Haftung \xc3\xbcbernommen. Bitte pr\xc3\xbcfen Sie im Einzelfall die Angaben auf der jeweiligen Produktverpackung, nur diese sind verbindlich.Das Produktdesign kann von der Abbildung abweichen.'",Felix-Wankel-Strasse 20,Rewe,Dein Markt für italienischen Genuss,2023-07-09,"Gültig ab morgen bis Samstag, 15.07.2023"
La Gioiosa Prosecco Frizzante Treviso DOC,https://img.rewe-static.de/REWE_CENTER_HZ28_2023/0321558/7433190-34_digital-image.png?impolicy=s-offers&imwidth=200&output-format=image/webp,,https://shop.rewe.de/p/citterio-prosciutto-di-parma-70g/3017150,,"je 0,75-l-Fl , (1 l = 7.99)",Aktion,"5,99 €","b'Bestellung ab 18 Jahren.F\xc3\xbcr dieses Produkt gilt das Jugendschutzgesetz.ProduktbeschreibungArtikelnummer 321558Alkoholgehalt: 10 % Vol. Zutaten & AllergeneZutaten: Nicht deklariert:Perlwein, Antioxidationsmittel (Ascorbins\xc3\xa4ure, Schwefeldioxid). Zusatzstoffe: E 220Allergenhinweise: Schwefeldioxid und Sulfite in einer Konzentration von mehr als 10 mg/kg oder 10 mg/l, als SO2 angegebenN\xc3\xa4hrwerteDurchschnittliche N\xc3\xa4hrwertepro 100 mlEnergie292 kJEnergie70 kcalFett0 gFett, davon ges\xc3\xa4ttigte Fetts\xc3\xa4uren0 gKohlenhydrate2,9 gKohlenhydrate, davon Zucker1,1 gEiwei\xc3\x9f< 0,1 gSalz< 0,02 gHinweiseVerwendungshinweise: Trocken und k\xc3\xbchl lagern. Vor Licht sch\xc3\xbctzen.ArtikeldetailsMarke: La GioiosaUrsprungsland: ItalienKontaktKontaktname: La Gioiosa S.p.A.Kontaktadresse: Crocetta del Montello, 31035, ItalienMaximale Bestellmenge: 15 St\xc3\xbcckF\xc3\xbcr die vorstehenden Angaben wird keine Haftung \xc3\xbcbernommen. Bitte pr\xc3\xbcfen Sie im Einzelfall die Angaben auf der jeweiligen Produktverpackung, nur diese sind verbindlich.Das Produktdesign kann von der Abbildung abweichen.'",Felix-Wankel-Strasse 20,Rewe,Dein Markt für italienischen Genuss,2023-07-09,"Gültig ab morgen bis Samstag, 15.07.2023"
Fabbri Amarenakirschen,https://img.rewe-static.de/REWE_CENTER_HZ28_2023/3797015/1603730-43_digital-image.png?impolicy=s-offers&imwidth=200&output-format=image/webp,,https://shop.rewe.de/p/citterio-prosciutto-di-parma-70g/3017150,,"Frucht in Sirup , je 230-g-Glas , (1 kg = 39.90) , 100-g-Abtropfgew.",Aktion,"3,99 €","b'ProduktbeschreibungArtikelnummer 3797015Zutaten & AllergeneZutaten: Zucker, Sauerkirschen (43%), Glukose Sirup, Wasser, Sauerkirschen saft (4%), S\xc3\xa4uerungsmittel Zitronens\xc3\xa4ure, Aromen, Farbstoff Anthocyane aus Pflanzenextrakt.N\xc3\xa4hrwerteDurchschnittliche N\xc3\xa4hrwerteUnzubereitet pro 100 gEnergie1.160 kJEnergie273 kcalFett0 gFett, davon ges\xc3\xa4ttigte Fetts\xc3\xa4uren0 gKohlenhydrate67 gKohlenhydrate, davon Zucker61 gEiwei\xc3\x9f0 gSalz0,03 gArtikeldetailsMarke: FabbriNettof\xc3\xbcllmenge: 230 GUrsprungsland: ItalienAbtropfgewicht: 100 gKontaktKontaktname: G. Fabbri Deutschland GmbHKontaktadresse: Witneystr. 1 - 82008 UnterhachingMaximale Bestellmenge: 15 St\xc3\xbcckF\xc3\xbcr die vorstehenden Angaben wird keine Haftung \xc3\xbcbernommen. Bitte pr\xc3\xbcfen Sie im Einzelfall die Angaben auf der jeweiligen Produktverpackung, nur diese sind verbindlich.Das Produktdesign kann von der Abbildung abweichen.'",Felix-Wankel-Strasse 20,Rewe,Dein Markt für italienischen Genuss,2023-07-09,"Gültig ab morgen bis Samstag, 15.07.2023"
S. Pellegrino Mineralwasser,https://img.rewe-static.de/REWE_CENTER_HZ28_2023/0106565/9482880-6_digital-image.png?impolicy=s-offers&imwidth=200&output-format=image/webp,,https://shop.rewe.de/p/citterio-prosciutto-di-parma-70g/3017150,,"je 1-l-Fl , zzgl. 0.25 Pfand",Aktion,"0,79 €","b'ProduktbeschreibungArtikelnummer 106565S.Pellegrino bringt echtes italienisches Lebensgef\xc3\xbchl direkt zu Ihnen nach Hause. Ein feinperliges nat\xc3\xbcrliches Mineralwasser f\xc3\xbcr Genie\xc3\x9fer, das stilvoll erfrischt.\n\nUnnachahmlich prickelnd und frisch, so schmeckt S.Pellegrino. Das liegt an der einzigartigen Balance, die das Mineralwasser besonders feinperlig sprudeln l\xc3\xa4sst. Ausgewogen mineralisiert, ist S.Pellegrino ein ebenso spritziger wie authentischer Genuss.\n\nEin Wasser mit Tradition\n\nS.Pellegrino, das bereits seit 1899 Genie\xc3\x9fer begeistert, entspringt in der nahezu unber\xc3\xbchrten Natur der lombardischen Alpen. Auf seiner langen Reise durch breite Schichten Dolomit- und Gipsgestein erh\xc3\xa4lt das Wasser seine ausgewogene Mineralisierung und seine besondere Reinheit. \n\nImmer ein Genuss\n\nMit seinem nat\xc3\xbcrlichen und lebendigen Temperament ist S.Pellegrino ein Wasser, das einfach \xc3\xbcberall genossen werden kann. Darum gibt es den italienischen Klassiker auch in handlichen 1,0L Pet-Flaschen \xe2\x80\x93 Wie geschaffen f\xc3\xbcr geselliges Beisammensein und genussvolles Miteinander. Besonders praktisch: Im Sixpack haben Sie immer eine Flasche in Reserve.\n\nS.Pellegrino\n- Nat\xc3\xbcrliches feinperliges Mineralwasser\n- Erfrischt einfach herrlich italienisch\n- Ein Wasser f\xc3\xbcr anspruchsvolle Genie\xc3\x9fer\n- Ausgewogen mineralisiert und besonders prickelnd\n- Wassergenuss f\xc3\xbcr jede Gelegenheit in handlichen Pet-Flaschen... mehr anzeigenSeit 1899 ist S.Pellegrino eine Ikone italienischen Stils und eines der bekanntesten nat\xc3\xbcrlichen Mineralwasser der Welt. Dank seiner perfekten Balance aus feinperliger Kohlens\xc3\xa4ure, Mineralisierung und einzigartigem Geschmack \xc3\xbcberzeugt es Sommeliers und Spitzenk\xc3\xb6che. \nSo inspiriert S.Pellegrino dazu, genussvolle Momente auszukosten und sie zu teilen.N\xc3\xa4hrwerteDurchschnittliche N\xc3\xa4hrwerteUnzubereitet pro 1 lChlorid49,4 mgCalcium166 mgMagnesium49,5 mgBikarbonat244 mgNatrium30 mgSulfat 4+401 mgHinweiseAufbewahrungs- und Verwendungshinweis: Vor Sonne und Frost sch\xc3\xbctzen und an einem sauberen, trockenen, k\xc3\xbchlen und geruchlosen Ort lagern.Information: Abdampfr\xc3\xbcckstand bei 180 Grad: 853 mg/LpH-Wert an der Quelle: 7,7Aus der S.PELLEGRINO Quelle in SAN PELLEGRINO TERME (BERGAMO) ITALIENArtikeldetailsMarke: San PellegrinoNettof\xc3\xbcllmenge: 1 LUrsprungsland: ItalienPackungsgr\xc3\xb6\xc3\x9fe: 1,0lKontaktKontaktname: SANPELLEGRINO S.P.A.Kontaktadresse: 24016 SAN PELLEGRINO TERME (BG)LOCALIT\xc3\x80 RUSPINO - ITALIENMaximale Bestellmenge: 15 St\xc3\xbcckF\xc3\xbcr die vorstehenden Angaben wird keine Haftung \xc3\xbcbernommen. Bitte pr\xc3\xbcfen Sie im Einzelfall die Angaben auf der jeweiligen Produktverpackung, nur diese sind verbindlich.Das Produktdesign kann von der Abbildung abweichen.'",Felix-Wankel-Strasse 20,Rewe,Dein Markt für italienischen Genuss,2023-07-09,"Gültig ab morgen bis Samstag, 15.07.2023"
REWE Beste Wahl Bolognese Pasta Sauce,https://img.rewe-static.de/REWE_CENTER_HZ28_2023/7123786/27851232-24_digital-image.png?impolicy=s-offers&imwidth=200&output-format=image/webp,,https://shop.rewe.de/p/citterio-prosciutto-di-parma-70g/3017150,,"je 380-ml-Glas , (1 l = 4.18)",Aktion,"1,59 €","b'ProduktbeschreibungArtikelnummer 7123786Zutaten & AllergeneZutaten: Passierte Tomaten 61%, Rindfleisch 28%, Gem\xc3\xbcse 6% (Karotten, Zwiebeln, Knoblauch), Zucker, Salz, S\xc3\xa4uerungsmittel Milchs\xc3\xa4ure, Sonnenblumen\xc3\xb6l, Kr\xc3\xa4uter, Gew\xc3\xbcrze.    Zusatzstoffe: E 270N\xc3\xa4hrwerteDurchschnittliche N\xc3\xa4hrwertepro 100 mlEnergie392 kJEnergie94 kcalFett4,6 gFett, davon ges\xc3\xa4ttigte Fetts\xc3\xa4uren2,3 gKohlenhydrate6,1 gKohlenhydrate, davon Zucker5 gEiwei\xc3\x9f5,9 gSalz1,4 gHinweiseAufbewahrungshinweise: Nach dem \xc3\x96ffnen im K\xc3\xbchlschrank aufbewahren und innerhalb von 3-4 Tagen verbrauchen.Verwendungshinweise: Trocken lagern. Vor W\xc3\xa4rme sch\xc3\xbctzen.ArtikeldetailsMarke: REWE Beste WahlUrsprungsland: ItalienKontaktKontaktname: LA DORIA S.P.A.Kontaktadresse: Via Nazionale, 320, Angri, 84012, ItalienMaximale Bestellmenge: 15 St\xc3\xbcckF\xc3\xbcr die vorstehenden Angaben wird keine Haftung \xc3\xbcbernommen. Bitte pr\xc3\xbcfen Sie im Einzelfall die Angaben auf der jeweiligen Produktverpackung, nur diese sind verbindlich.Das Produktdesign kann von der Abbildung abweichen.'",Felix-Wankel-Strasse 20,Rewe,Dein Markt für italienischen Genuss,2023-07-09,"Gültig ab morgen bis Samstag, 15.07.2023"
Saupiquet Thunfisch,https://img.rewe-static.de/REWE_CENTER_HZ28_2023/2071371/2519210-44_digital-image.png?impolicy=s-offers&imwidth=200&output-format=image/webp,,https://shop.rewe.de/p/citterio-prosciutto-di-parma-70g/3017150,,"Naturale ohne Öl oder in Sonnenblumenöl , je 185-g-Dose , (1 kg = 17.79) , 140-g-Abtropfgew.",Aktion,"2,49 €","b'ProduktbeschreibungArtikelnummer 2071371Zutaten & AllergeneZutaten: THUNFISCH (Skipjack, Katsuwonus pelamis), Wasser, Salz.Allergenhinweise: Enth\xc3\xa4lt: Fisch und Fischerzeugnisse.N\xc3\xa4hrwerteDurchschnittliche N\xc3\xa4hrwerteUnzubereitet pro 100 gEnergie410 kJEnergie97 kcalFett0,5 gFett, davon ges\xc3\xa4ttigte Fetts\xc3\xa4uren0,2 gKohlenhydrate0 gKohlenhydrate, davon Zucker0 gBallaststoffe0 gEiwei\xc3\x9f23 gSalz1,3 gHinweiseAufbewahrungs- und Verwendungshinweis: Mindestens haltbar bis: siehe VerpackungsaufdruckArtikeldetailsMarke: SaupiquetNettof\xc3\xbcllmenge: 185 GUrsprungsland: EcuadorAbtropfgewicht: 140 gSorte: Naturale ohne \xc3\x96lKontaktKontaktname: Saupiquet D GmbHKontaktadresse: Postfach 9307, 47750 KrefeldMaximale Bestellmenge: 15 St\xc3\xbcckF\xc3\xbcr die vorstehenden Angaben wird keine Haftung \xc3\xbcbernommen. Bitte pr\xc3\xbcfen Sie im Einzelfall die Angaben auf der jeweiligen Produktverpackung, nur diese sind verbindlich.Das Produktdesign kann von der Abbildung abweichen.'",Felix-Wankel-Strasse 20,Rewe,Dein Markt für italienischen Genuss,2023-07-09,"Gültig ab morgen bis Samstag, 15.07.2023"
Ponnath Delikatess Prosciutto Cotto,https://img.rewe-static.de/REWE_CENTER_HZ28_2023/2231617/25159847-9_digital-image.png?impolicy=s-offers&imwidth=200&output-format=image/webp,,https://shop.rewe.de/p/citterio-prosciutto-di-parma-70g/3017150,,"je 150-g-Pckg , (1 kg = 15.27)",Aktion,"2,29 €","b'ProduktbeschreibungArtikelnummer 2231617Original italienisches Rezept. Zutaten & AllergeneZutaten: Schweinefleisch, S\xc3\xa4ureregulatoren: Kaliumlactat, Natriumacetate; jodiertes Speisesalz (Speisesalz, Kaliumjodat), Glukosesirup, Gew\xc3\xbcrzextrakte, Gew\xc3\xbcrze, Stabilisator: Triphosphate, Antioxidationsmittel: Natriumascorbat, Konservierungsstoff: Natriumnitrit.N\xc3\xa4hrwerteDurchschnittliche N\xc3\xa4hrwerteUnzubereitet pro 100 gEnergie455 kJEnergie108 kcalFett2,5 gFett, davon ges\xc3\xa4ttigte Fetts\xc3\xa4uren1,1 gKohlenhydrate1 gKohlenhydrate, davon Zucker0,8 gEiwei\xc3\x9f20,2 gSalz2,1 gHinweiseAufbewahrungs- und Verwendungshinweis: Bei unter + 7\xc2\xb0CInformation: Unter Schutzatmosph\xc3\xa4re verpackt.ArtikeldetailsMarke: PonnathUrsprungsland: DeutschlandKontaktKontaktname: Ponnath DIE MEISTERMETZGER GmbHKontaktadresse: Bayreuther Str. 40, D-95478 KemnathF\xc3\xbcr die vorstehenden Angaben wird keine Haftung \xc3\xbcbernommen. Bitte pr\xc3\xbcfen Sie im Einzelfall die Angaben auf der jeweiligen Produktverpackung, nur diese sind verbindlich.Das Produktdesign kann von der Abbildung abweichen.'",Felix-Wankel-Strasse 20,Rewe,Dein Markt für italienischen Genuss,2023-07-09,"Gültig ab morgen bis Samstag, 15.07.2023"
Lavazza Crema e Gusto oder Espresso,https://img.rewe-static.de/REWE_CENTER_HZ28_2023/7713584/29141056-8_digital-image.png?impolicy=s-offers&imwidth=200&output-format=image/webp,,https://shop.rewe.de/p/citterio-prosciutto-di-parma-70g/3017150,,"versch. Sorten , je 250-g-Pckg , (1 kg = 13.96)",Aktion,"3,49 €","b'ProduktbeschreibungArtikelnummer 7713584Die Mischung besteht aus einer Auswahl hochwertiger, rassiger Arabicas (30 %) und Robustas (70 %) und ist ideal f\xc3\xbcr all diejenigen geeignet, die jeden Augenblick des Tages ein intensives Geschmackserlebnis genie\xce\xb2en m\xc3\xb6chten. HinweiseAufbewahrungs- und Verwendungshinweis: trocken lagern.ArtikeldetailsMarke: LavazzaUrsprungsland: ItalienSorte: Crema e GustoKontaktKontaktname: LUIGI LAVAZZA S.p.A.Kontaktadresse: C. SO NOVARA, 59- 10154 TORINO - ITALIAMaximale Bestellmenge: 15 St\xc3\xbcckF\xc3\xbcr die vorstehenden Angaben wird keine Haftung \xc3\xbcbernommen. Bitte pr\xc3\xbcfen Sie im Einzelfall die Angaben auf der jeweiligen Produktverpackung, nur diese sind verbindlich.Das Produktdesign kann von der Abbildung abweichen.'",Felix-Wankel-Strasse 20,Rewe,Dein Markt für italienischen Genuss,2023-07-09,"Gültig ab morgen bis Samstag, 15.07.2023"
Citterio Mailänder Salami Strafino,https://img.rewe-static.de/REWE_CENTER_HZ28_2023/5310075/23629963-7_digital-image.png?impolicy=s-offers&imwidth=200&output-format=image/webp,,https://shop.rewe.de/p/citterio-prosciutto-di-parma-70g/3017150,,je 100 g,Aktion,"2,19 €","b'ProduktbeschreibungArtikelnummer 5310075Frisch f\xc3\xbcr dich aus unserer Servicetheke.\n\nZutaten: Schweinefleisch, Nitritp\xc3\xb6kelsalz (Kochsalz), Konservierungsstoff: E250 Gew\xc3\xbcrze, Zucker, Gew\xc3\xbcrzkr\xc3\xa4uter Antioxidationsmittel: E300, E 301, Konservierungsstoff. E252.\n\n100g Salami werden hergestellt aus 155g Schweinefleisch.\n\nN\xc3\xa4hrwerte je 100g:\nEnergie: 1660kj\nEnergie: 400kcal\nFett: 32g\nFett, davon ges\xc3\xa4ttigte Fetts\xc3\xa4uren: 13g\nKohlenhydrate: 0,5g\nKohlenhydrate, davon Zucker: 0,5g\nEiwei\xc3\x9f: 28g\nSalz: 4,6g fein gek\xc3\xb6rnte Spitzenqualit\xc3\xa4t, leicht ger\xc3\xa4uchert, mindestens 3 Monate gereiftZutaten & AllergeneZutaten: Schweinefleisch, Nitritp\xc3\xb6kelsalz (Kochsalz, Konservierungsstoff: Natriumnitrit), Zucker, Gew\xc3\xbcrze, Gew\xc3\xbcrzkr\xc3\xa4uter, Antioxidationsmittel: Natriumascorbat, Ascorbins\xc3\xa4ure; Konservierungsstoff: Kaliumnitrat. 100g Salami hergestellt aus 155g Schweinefleisch.Allergenhinweise: Enth\xc3\xa4lt: Keine deklarationspflichtigen Allergene enthalten.N\xc3\xa4hrwerteDurchschnittliche N\xc3\xa4hrwerteUnzubereitet pro 100 gEnergie1.660 kJEnergie400 kcalFett32 gFett, davon ges\xc3\xa4ttigte Fetts\xc3\xa4uren13 gKohlenhydrate0,5 gKohlenhydrate, davon Zucker0,5 gEiwei\xc3\x9f28 gSalz4,6 gHinweiseAufbewahrungs- und Verwendungshinweis: Unter +7\xc2\xb0C lagern, nach dem \xc3\x96ffnen innerhalb kurzer Zeit verzehren.Information: Konservierungsstoff: E250 (Natriumnitrit), E252(Kaliumnitrat); Antioxidationsmittel: E301 (Natriumascorbat), E300 (Ascorbins\xc3\xa4ure); Wursth\xc3\xbclle nicht essbar.ArtikeldetailsUrsprungsland: ItalienKontaktKontaktname: Giuseppe Citterio Salumificio S.P.A.Kontaktadresse: Corso Europa 206, 20017 RhoMaximale Bestellmenge: 15 St\xc3\xbcckF\xc3\xbcr die vorstehenden Angaben wird keine Haftung \xc3\xbcbernommen. Bitte pr\xc3\xbcfen Sie im Einzelfall die Angaben auf der jeweiligen Produktverpackung, nur diese sind verbindlich.Das Produktdesign kann von der Abbildung abweichen.'",Felix-Wankel-Strasse 20,Rewe,Dein Markt für italienischen Genuss,2023-07-09,"Gültig ab morgen bis Samstag, 15.07.2023"
Mestemacher Wraps,https://img.rewe-static.de/REWE_CENTER_HZ28_2023/8722477/35581003-6_digital-image.png?impolicy=s-offers&imwidth=200&output-format=image/webp,,https://shop.rewe.de/p/citterio-prosciutto-di-parma-70g/3017150,,"versch. Sorten , je 300-g-Pckg , (1 kg = 7.30)",Aktion,"2,19 €","b'ProduktbeschreibungArtikelnummer 8722477Man nehme italienisches Temperament, ein Originalrezept und kaltgepresstes Oliven\xc3\xb6l. Diese Zutaten machen unsere Wraps zu etwas ganz Besonderem!Zutaten & AllergeneZutaten: DINKELMEHL*1), Wasser, natives Oliven\xc3\xb6l extra* (5 %), Sonnenblumen\xc3\xb6l*, Meersalz, nat\xc3\xbcrliches Rosmarinaroma. * aus biologischem Landbau 1)Mit Dinkelmehl aus der EU. Kann Spuren von SOJA und SENF enthalten.Allergenhinweise: Enth\xc3\xa4lt: Glutenhaltiges Getreide und glutenhaltige Getreideerzeugnisse. Dinkel und Dinkelerzeugnisse (glutenhaltiges Getreide). Kann enthalten: Soja und Sojaerzeugnisse. Senf- und Senferzeugnisse.N\xc3\xa4hrwerteDurchschnittliche N\xc3\xa4hrwerteUnzubereitet pro 100 gEnergie1.280 kJEnergie304 kcalFett8,6 gFett, davon ges\xc3\xa4ttigte Fetts\xc3\xa4uren1,1 gKohlenhydrate45,7 gKohlenhydrate, davon Zucker1 gBallaststoffe3,1 gEiwei\xc3\x9f9,5 gSalz1,1 gHinweiseAufbewahrungs- und Verwendungshinweis: K\xc3\xbchl und trocken lagern.ArtikeldetailsMarkeMestemacherEigenschaftenVegan, BioUrsprungslandItalienServiervorschlagNach Belieben f\xc3\xbcllen, z.B. mit Salat oder Geschnetzeltem.\xc3\x96ko KontrollstelleIT-BIO-007Ort der ErzeugungEU-LandwirtschaftKontaktKontaktname: Mestemacher GmbHKontaktadresse: Postfach 2451 - 33254 G\xc3\xbcterslohF\xc3\xbcr die vorstehenden Angaben wird keine Haftung \xc3\xbcbernommen. Bitte pr\xc3\xbcfen Sie im Einzelfall die Angaben auf der jeweiligen Produktverpackung, nur diese sind verbindlich.Das Produktdesign kann von der Abbildung abweichen.'",Felix-Wankel-Strasse 20,Rewe,Dein Markt für italienischen Genuss,2023-07-09,"Gültig ab morgen bis Samstag, 15.07.2023"
Gelb- oder weißfleischige Nektarinen,https://img.rewe-static.de/REWE_CENTER_HZ28_2023/1952216/8687110-16_digital-image.png?impolicy=s-offers&imwidth=200&output-format=image/webp,,https://shop.rewe.de/p/citterio-prosciutto-di-parma-70g/3017150,,"Kl. I , je 1 kg",Aktion,"2,99 €",nan,Felix-Wankel-Strasse 20,Rewe,Obst & Gemüse,2023-07-09,"Gültig ab morgen bis Samstag, 15.07.2023"
Cherry Romatomaten,https://img.rewe-static.de/REWE_CENTER_HZ28_2023/7011307/31264808-6_digital-image.png?impolicy=s-offers&imwidth=200&output-format=image/webp,,https://shop.rewe.de/p/citterio-prosciutto-di-parma-70g/3017150,,"Kl. I , je 400-g-Eimer , (1 kg = 6.23)",Aktion,"2,49 €",nan,Felix-Wankel-Strasse 20,Rewe,Obst & Gemüse,2023-07-09,"Gültig ab morgen bis Samstag, 15.07.2023"
Kluth Nusskernmischung,https://img.rewe-static.de/REWE_CENTER_HZ28_2023/7137980/26996585-15_digital-image.png?impolicy=s-offers&imwidth=200&output-format=image/webp,,https://shop.rewe.de/p/citterio-prosciutto-di-parma-70g/3017150,,"je 200-g-Btl , (1 kg = 14.95)",Aktion,"2,99 €","b'ProduktbeschreibungArtikelnummer 7137980Zutaten & AllergeneZutaten: CASHEWKERNE, MANDELN(blanchiert), MANDELN, R\xc3\x96MER-HASELNUSSKERNE, WALNUSSKERNEKann Spuren von weiteren Schalenfr\xc3\xbcchten und Erdn\xc3\xbcssen enthalten.Allergenhinweise: Kann enthalten: N\xc3\xbcsse und Nusserzeugnisse.N\xc3\xa4hrwerteDurchschnittliche N\xc3\xa4hrwerteUnzubereitet pro 100 gEnergie2.608 kJEnergie630 kcalFett54 gFett, davon ges\xc3\xa4ttigte Fetts\xc3\xa4uren5,6 gFett, davon einfach unges\xc3\xa4ttigte Fetts\xc3\xa4uren32 gFett, davon mehrfach unges\xc3\xa4ttigte Fetts\xc3\xa4uren14 gKohlenhydrate11 gKohlenhydrate, davon Zucker4,8 gBallaststoffe7,7 gEiwei\xc3\x9f21 gSalz0,01 gVitamin E16 mgHinweiseAufbewahrungs- und Verwendungshinweis: Bei trockener Lagerung mindestens haltbar bis Ende: siehe VerpackungsaufdruckInformation: unter Schutzatmosph\xc3\xa4re verpacktArtikeldetailsMarke: KluthUrsprungsland: DeutschlandKontaktKontaktname: Herbert Kluth (GmbH & Co. KG)Kontaktadresse: Heidekoppel 31, 24558 Henstedt-UlzburgF\xc3\xbcr die vorstehenden Angaben wird keine Haftung \xc3\xbcbernommen. Bitte pr\xc3\xbcfen Sie im Einzelfall die Angaben auf der jeweiligen Produktverpackung, nur diese sind verbindlich.Das Produktdesign kann von der Abbildung abweichen.'",Felix-Wankel-Strasse 20,Rewe,Obst & Gemüse,2023-07-09,"Gültig ab morgen bis Samstag, 15.07.2023"
Honigmelone,https://img.rewe-static.de/REWE_CENTER_HZ28_2023/8436752/8613000-32_digital-image.png?impolicy=s-offers&imwidth=200&output-format=image/webp,,https://shop.rewe.de/p/citterio-prosciutto-di-parma-70g/3017150,,"Kl. I , je St",Aktion,"2,99 €",nan,Felix-Wankel-Strasse 20,Rewe,Obst & Gemüse,2023-07-09,"Gültig ab morgen bis Samstag, 15.07.2023"
Mini Rispentomaten,https://img.rewe-static.de/REWE_CENTER_HZ28_2023/1365342/31264784-8_digital-image.png?impolicy=s-offers&imwidth=200&output-format=image/webp,,https://shop.rewe.de/p/citterio-prosciutto-di-parma-70g/3017150,,"Kl. I , je 350-g-Schale , (1 kg = 4.26)",Aktion,"1,49 €",nan,Felix-Wankel-Strasse 20,Rewe,Obst & Gemüse,2023-07-09,"Gültig ab morgen bis Samstag, 15.07.2023"
Paprika Mix,https://img.rewe-static.de/REWE_CENTER_HZ28_2023/1913973/20938720-3_digital-image.png?impolicy=s-offers&imwidth=200&output-format=image/webp,,https://shop.rewe.de/p/citterio-prosciutto-di-parma-70g/3017150,,"Kl. I , je 500-g-Pckg , (1 kg = 3.38)",Aktion,"1,69 €",nan,Felix-Wankel-Strasse 20,Rewe,Obst & Gemüse,2023-07-09,"Gültig ab morgen bis Samstag, 15.07.2023"
Avocados,https://img.rewe-static.de/REWE_CENTER_HZ28_2023/8906591/33086431-2_digital-image.png?impolicy=s-offers&imwidth=200&output-format=image/webp,,https://shop.rewe.de/p/citterio-prosciutto-di-parma-70g/3017150,,"»Hass«, Kl. I , je 700-g-Netz , (1 kg = 2.84)",Aktion,"1,99 €",nan,Felix-Wankel-Strasse 20,Rewe,Obst & Gemüse,2023-07-09,"Gültig ab morgen bis Samstag, 15.07.2023"
Speisemöhren,https://img.rewe-static.de/REWE_CENTER_HZ28_2023/8108969/34636887-3_digital-image.png?impolicy=s-offers&imwidth=200&output-format=image/webp,,https://shop.rewe.de/p/citterio-prosciutto-di-parma-70g/3017150,,"Kl. I , je 1-kg-Btl",Aktion,"1,29 €",nan,Felix-Wankel-Strasse 20,Rewe,Obst & Gemüse,2023-07-09,"Gültig ab morgen bis Samstag, 15.07.2023"
Gelb- oder weißfleischige Bio Nektarinen,https://img.rewe-static.de/REWE_CENTER_HZ28_2023/0429803/31335233-4_digital-image.png?impolicy=s-offers&imwidth=200&output-format=image/webp,,https://shop.rewe.de/p/citterio-prosciutto-di-parma-70g/3017150,,"Kl. II , je 1 kg",,"3,99 €",nan,Felix-Wankel-Strasse 20,Rewe,Obst & Gemüse,2023-07-09,"Gültig ab morgen bis Samstag, 15.07.2023"
Brombeeren,https://img.rewe-static.de/REWE_CENTER_HZ28_2023/0561586/12563490-11_digital-image.png?impolicy=s-offers&imwidth=200&output-format=image/webp,,https://shop.rewe.de/p/citterio-prosciutto-di-parma-70g/3017150,,"Kl. I , je 125-g-Schale , (1 kg = 14.32)",Aktion,"1,79 €",nan,Felix-Wankel-Strasse 20,Rewe,Obst & Gemüse,2023-07-09,"Gültig ab morgen bis Samstag, 15.07.2023"
Bio Bananen,https://img.rewe-static.de/REWE_CENTER_HZ28_2023/7708685/30177546-11_digital-image.png?impolicy=s-offers&imwidth=200&output-format=image/webp,,https://shop.rewe.de/p/citterio-prosciutto-di-parma-70g/3017150,,je 1 kg,,"1,79 €",nan,Felix-Wankel-Strasse 20,Rewe,Obst & Gemüse,2023-07-09,"Gültig ab morgen bis Samstag, 15.07.2023"
Rote Bio Tafeläpfel,https://img.rewe-static.de/REWE_CENTER_HZ28_2023/3366162/30888510-8_digital-image.png?impolicy=s-offers&imwidth=200&output-format=image/webp,,https://shop.rewe.de/p/citterio-prosciutto-di-parma-70g/3017150,,"Sorte: siehe Etikett, Kl. II , je 1-kg-Netz",,"1,99 €",nan,Felix-Wankel-Strasse 20,Rewe,Obst & Gemüse,2023-07-09,"Gültig ab morgen bis Samstag, 15.07.2023"
Mini Gurken,https://img.rewe-static.de/REWE_CENTER_HZ28_2023/7240489/32111765-5_digital-image.png?impolicy=s-offers&imwidth=200&output-format=image/webp,,https://shop.rewe.de/p/citterio-prosciutto-di-parma-70g/3017150,,"Kl. I , je St",Aktion,"0,45 €",nan,Felix-Wankel-Strasse 20,Rewe,Obst & Gemüse,2023-07-09,"Gültig ab morgen bis Samstag, 15.07.2023"
Bio Bunte Salate,https://img.rewe-static.de/REWE_CENTER_HZ28_2023/0146421/27990259-3_digital-image.png?impolicy=s-offers&imwidth=200&output-format=image/webp,,https://shop.rewe.de/p/citterio-prosciutto-di-parma-70g/3017150,,"Kl. II , je St",,"1,99 €",nan,Felix-Wankel-Strasse 20,Rewe,Obst & Gemüse,2023-07-09,"Gültig ab morgen bis Samstag, 15.07.2023"
Rispentomaten,https://img.rewe-static.de/REWE_CENTER_HZ28_2023/2061181/34638052-8_digital-image.png?impolicy=s-offers&imwidth=200&output-format=image/webp,,https://shop.rewe.de/p/citterio-prosciutto-di-parma-70g/3017150,,"Kl. I , je 1 kg",Aktion,"0,89 €",nan,Felix-Wankel-Strasse 20,Rewe,Obst & Gemüse,2023-07-09,"Gültig ab morgen bis Samstag, 15.07.2023"
Wildkräuter Salat,https://img.rewe-static.de/REWE_CENTER_HZ28_2023/7750912/25222650-17_digital-image.png?impolicy=s-offers&imwidth=200&output-format=image/webp,,https://shop.rewe.de/p/citterio-prosciutto-di-parma-70g/3017150,,"je 125-g-Schale , (1 kg = 9.52)",Aktion,"1,19 €",nan,Felix-Wankel-Strasse 20,Rewe,Obst & Gemüse,2023-07-09,"Gültig ab morgen bis Samstag, 15.07.2023"
Speisekartoffeln,https://img.rewe-static.de/REWE_CENTER_HZ28_2023/8019779/33066527-3_digital-image.png?impolicy=s-offers&imwidth=200&output-format=image/webp,,https://shop.rewe.de/p/citterio-prosciutto-di-parma-70g/3017150,,"Sorte, Kocheigenschaft und Ursprung: siehe Etikett, Qualität I , je 2-kg-Netz , (1 kg = 1.50)",Aktion,"2,99 €",nan,Felix-Wankel-Strasse 20,Rewe,Obst & Gemüse,2023-07-09,"Gültig ab morgen bis Samstag, 15.07.2023"
Zitronen,https://img.rewe-static.de/REWE_CENTER_HZ28_2023/8131318/8722460-33_digital-image.png?impolicy=s-offers&imwidth=200&output-format=image/webp,,https://shop.rewe.de/p/citterio-prosciutto-di-parma-70g/3017150,,"Sorte: siehe Etikett, Kl. I , je 500-g-Netz , (1 kg = 2.58)",Aktion,"1,29 €",nan,Felix-Wankel-Strasse 20,Rewe,Obst & Gemüse,2023-07-09,"Gültig ab morgen bis Samstag, 15.07.2023"
Plattnektarinen,https://img.rewe-static.de/REWE_CENTER_HZ28_2023/2454901/12387090-12_digital-image.png?impolicy=s-offers&imwidth=200&output-format=image/webp,,https://shop.rewe.de/p/citterio-prosciutto-di-parma-70g/3017150,,"Kl. I , je 500-g-Schale , (1 kg = 3.98)",Aktion,"1,99 €","b'ProduktbeschreibungArtikelnummer 2454901Spanien; Klasse I; Ursprungsland und Klasse k\xc3\xb6nnen je nach Angebot abweichen. \n\nSind im online Shop bei einem Produkt alternative Herkunftsl\xc3\xa4nder angegeben, so gilt das an der Ware ausgezeichnete Herkunftsland, welches Sie bei Warenlieferung \xc3\xbcberpr\xc3\xbcfen k\xc3\xb6nnen. ArtikeldetailsUrsprungsland: SpanienF\xc3\xbcr die vorstehenden Angaben wird keine Haftung \xc3\xbcbernommen. Bitte pr\xc3\xbcfen Sie im Einzelfall die Angaben auf der jeweiligen Produktverpackung, nur diese sind verbindlich.Das Produktdesign kann von der Abbildung abweichen.'",Felix-Wankel-Strasse 20,Rewe,Obst & Gemüse,2023-07-09,"Gültig ab morgen bis Samstag, 15.07.2023"
Eisbergsalat,https://img.rewe-static.de/REWE_CENTER_HZ28_2023/1366237/36750087-3_digital-image.png?impolicy=s-offers&imwidth=200&output-format=image/webp,,https://shop.rewe.de/p/citterio-prosciutto-di-parma-70g/3017150,,"Kl. I , je St",Aktion,"0,75 €",nan,Felix-Wankel-Strasse 20,Rewe,Obst & Gemüse,2023-07-09,"Gültig ab morgen bis Samstag, 15.07.2023"
Radieschen,https://img.rewe-static.de/REWE_CENTER_HZ28_2023/6909086/4732590-14_digital-image.png?impolicy=s-offers&imwidth=200&output-format=image/webp,,https://shop.rewe.de/p/citterio-prosciutto-di-parma-70g/3017150,,"Kl. I , je Bund",Aktion,"0,49 €",nan,Felix-Wankel-Strasse 20,Rewe,Obst & Gemüse,2023-07-09,"Gültig ab morgen bis Samstag, 15.07.2023"
Rote Stachelbeeren oder Rote Johannisbeeren,https://img.rewe-static.de/REWE_CENTER_HZ28_2023/8399383/8570030-27_digital-image.png?impolicy=s-offers&imwidth=200&output-format=image/webp,,https://shop.rewe.de/p/citterio-prosciutto-di-parma-70g/3017150,,"Kl. I , je z.B. 500 g , (1 kg = 4.98)",Aktion,"2,49 €",nan,Felix-Wankel-Strasse 20,Rewe,Obst & Gemüse,2023-07-09,"Gültig ab morgen bis Samstag, 15.07.2023"
Bio Zucchini,https://img.rewe-static.de/REWE_CENTER_HZ28_2023/8181276/29354659-9_digital-image.png?impolicy=s-offers&imwidth=200&output-format=image/webp,,https://shop.rewe.de/p/citterio-prosciutto-di-parma-70g/3017150,,"Kl. II , je 500-g-Pckg , (1 kg = 2.58)",,"1,29 €",nan,Felix-Wankel-Strasse 20,Rewe,Obst & Gemüse,2023-07-09,"Gültig ab morgen bis Samstag, 15.07.2023"
Gelb- oder weißfleischige Pfirsiche,https://img.rewe-static.de/REWE_CENTER_HZ28_2023/7126212/31363907-4_digital-image.png?impolicy=s-offers&imwidth=200&output-format=image/webp,,https://shop.rewe.de/p/citterio-prosciutto-di-parma-70g/3017150,,"Kl. I , je 1-kg-Schale",Aktion,"1,69 €",nan,Felix-Wankel-Strasse 20,Rewe,Obst & Gemüse,2023-07-09,"Gültig ab morgen bis Samstag, 15.07.2023"
Dunkle Pflaumen,https://img.rewe-static.de/REWE_CENTER_HZ28_2023/7673066/20190760-11_digital-image.png?impolicy=s-offers&imwidth=200&output-format=image/webp,,https://shop.rewe.de/p/citterio-prosciutto-di-parma-70g/3017150,,"Kl. I , je 500-g-Schale , (1 kg = 3.38)",Aktion,"1,69 €",nan,Felix-Wankel-Strasse 20,Rewe,Obst & Gemüse,2023-07-09,"Gültig ab morgen bis Samstag, 15.07.2023"
10% Rabatt auf alle REWE Beste Wahl Produkte,https://img.rewe-static.de/REWE_TH25_2023/8939024/39291866-9_digital-image.png?impolicy=s-offers&imwidth=200&output-format=image/webp,,https://shop.rewe.de/p/citterio-prosciutto-di-parma-70g/3017150,,Beim Kauf von mindestens 2 Produkten,App Deal,-10%,nan,Felix-Wankel-Strasse 20,Rewe,Mit der REWE App sparen,2023-07-09,"Gültig ab morgen bis Samstag, 15.07.2023"
Freixenet Produkten,https://img.rewe-static.de/REWE_CENTER_HZ28_2023/8467214/31461078-22_digital-image.png?impolicy=s-offers&imwidth=200&output-format=image/webp,20fach Punkte,https://shop.rewe.de/p/citterio-prosciutto-di-parma-70g/3017150,im Gesamtwert von über 2 €,,,,nan,Felix-Wankel-Strasse 20,Rewe,PAYBACK Punkte Highlights,2023-07-09,"Gültig ab morgen bis Samstag, 15.07.2023"
Batterien Energizer/Duracell,https://img.rewe-static.de/REWE_CENTER_HZ28_2023/7996783/40194438-6_digital-image.png?impolicy=s-offers&imwidth=200&output-format=image/webp,10fach Punkte,https://shop.rewe.de/p/citterio-prosciutto-di-parma-70g/3017150,im Gesamtwert von über 2 €,,,,nan,Felix-Wankel-Strasse 20,Rewe,PAYBACK Punkte Highlights,2023-07-09,"Gültig ab morgen bis Samstag, 15.07.2023"
Ültje Produkten,https://img.rewe-static.de/REWE_CENTER_HZ28_2023/7884382/33479751-4_digital-image.png?impolicy=s-offers&imwidth=200&output-format=image/webp,30fach Punkte,https://shop.rewe.de/p/citterio-prosciutto-di-parma-70g/3017150,im Gesamtwert von über 2 €,,,,nan,Felix-Wankel-Strasse 20,Rewe,PAYBACK Punkte Highlights,2023-07-09,"Gültig ab morgen bis Samstag, 15.07.2023"
Capri Sun Produkten,https://img.rewe-static.de/REWE_CENTER_HZ28_2023/0194646/26222775-19_digital-image.png?impolicy=s-offers&imwidth=200&output-format=image/webp,20fach Punkte,https://shop.rewe.de/p/citterio-prosciutto-di-parma-70g/3017150,im Gesamtwert von über 2 €,,,,nan,Felix-Wankel-Strasse 20,Rewe,PAYBACK Punkte Highlights,2023-07-09,"Gültig ab morgen bis Samstag, 15.07.2023"
Fackelbrot,https://img.rewe-static.de/REWE_CENTER_HZ28_2023/2149313/25038501-16_digital-image.png?impolicy=s-offers&imwidth=200&output-format=image/webp,,https://shop.rewe.de/p/citterio-prosciutto-di-parma-70g/3017150,,"versch. Sorten , je 100 g",Knaller,"1,29 €","b'ProduktbeschreibungArtikelnummer 2149313Frisch f\xc3\xbcr dich aus unserer Servicetheke. \n \nZutaten: 60% Weizentortilla (69% Weizenmehl, Wasser, Raps\xc3\xb6l, Backmittel (Backtriebmittel: E500, E450; Emulgator: E471; Traubenzucker, Konservierungsstoff: E202, E282; S\xc3\xa4uerungsmittel: E296; Stabilisator: E466; Mehlbehandlungsmittel: E920; Feuchthaltemittel: E422), Leinsamen, jodiertes Speisesalz, Karamell), 27% Fr\xc3\xbchlingszwiebelf\xc3\xbcllung (Salatmayonnaise 50% Fett (Raps\xc3\xb6l, Wasser, modifizierte St\xc3\xa4rke, Eigelb, Verdickungsmittel: E401, E412; Senfsaaten, Zucker, Branntweinessig, Salz, Gew\xc3\xbcrze), 24% Fr\xc3\xbchlingszwiebel, Gew\xc3\xbcrze (Sellerie), Kr\xc3\xa4uter, Salz, Glucosesirup, Raps\xc3\xb6l, Knoblauch, S\xc3\xa4uerungsmittel: E330; Verdickungsmittel: E417, E412; Konservierungsstoffe: E211, E202; modifizierte St\xc3\xa4rke, St\xc3\xa4rke, Maltodextrin, Hefe, Milcheiwei\xc3\x9f), 13 % Cheddar-Mozzarella-K\xc3\xa4semix 45% Fett i.Tr. (Milch, Salz, St\xc3\xa4rke, Farbstoff: E160b). \n \nN\xc3\xa4hrwerte je 100g: \nEnergie: 1390kJ \nEnergie: 332kcal \nFett: 19g \nFett, davon ges\xc3\xa4ttigte Fetts\xc3\xa4uren: 4,7g \nKohlenhydrate: 31g \nKohlenhydrate, davon Zucker: 2,5g \nEiwei\xc3\x9f: 9g \nNatrium: 0,8g \nBallaststoffe: 2,2g \n \nHerkunftsland: \nWeizentortilla: D\xc3\xa4nemark \nFr\xc3\xbchlingszwiebelf\xc3\xbcllung: Deutschland \nCheddar-Mozzarella-K\xc3\xa4semix: Niederlande... mehr anzeigenZutaten & AllergeneZutaten: 60% WEIzenfladen (WEIZENMEHL, Wasser, Palm\xc3\xb6l, jodiertes SpEIsesalz (SpEIsesalz, Kaliumjodat), LEInsamen, Backtriebmittel E500, S\xc3\xa4ureregulator E330, E296, Verdickungsmittel E412, Feuchthaltemittel E422, Emulgator E471, Konservierungsstoffe E202, E282), 26% Fr\xc3\xbchlingszwiebelf\xc3\xbcllung (Salatmayonnaise 50% Fett (Raps\xc3\xb6l, Wasser, modifizierte St\xc3\xa4rke, EIgelb, Verdickungsmittel E401, E412, SENFsaat, Zucker, BranntwEInessig, Salz, Gew\xc3\xbcrze), 24% Fr\xc3\xbchlingszwiebel, Gew\xc3\xbcrze (SELLERIE), Kr\xc3\xa4uter, Salz, Glucosesirup, Raps\xc3\xb6l, Knoblauch, S\xc3\xa4uerungsmittel E330, Verdickungsmittel E417, E412, Konservierungsstoffe E211, E202, modifizierte St\xc3\xa4rke, St\xc3\xa4rke, Maltodextrin, Hefe, MILCHEIwEI\xc3\x9f), 13 % Cheddar-Mozzarella-K\xc3\xa4semix 45% Fett i.Tr. (MILCH, SpEIsesalz, St\xc3\xa4rke, Farbstoff E160b), Karamell, f\xc3\xa4rbend.  Sesam, Soja, Sulfit, Erdnuss, LupineArtikeldetailsMarke: BardF\xc3\xbcr die vorstehenden Angaben wird keine Haftung \xc3\xbcbernommen. Bitte pr\xc3\xbcfen Sie im Einzelfall die Angaben auf der jeweiligen Produktverpackung, nur diese sind verbindlich.Das Produktdesign kann von der Abbildung abweichen.'",Felix-Wankel-Strasse 20,Rewe,Frische & Convenience,2023-07-09,"Gültig ab morgen bis Samstag, 15.07.2023"
Spare Ribs,https://img.rewe-static.de/REWE_CENTER_HZ28_2023/2290040/31070165-4_digital-image.png?impolicy=s-offers&imwidth=200&output-format=image/webp,,https://shop.rewe.de/p/citterio-prosciutto-di-parma-70g/3017150,,"vom Schwein, in versch. Marinaden, SB-verpackt , je 1 kg",Knaller,"9,90 €",nan,Felix-Wankel-Strasse 20,Rewe,Frische & Convenience,2023-07-09,"Gültig ab morgen bis Samstag, 15.07.2023"
Schweine-Filet,https://img.rewe-static.de/REWE_CENTER_HZ28_2023/2532018/34373114-10_digital-image.png?impolicy=s-offers&imwidth=200&output-format=image/webp,,https://shop.rewe.de/p/citterio-prosciutto-di-parma-70g/3017150,,je 100 g,Knaller,"0,88 €","b'ProduktbeschreibungArtikelnummer 2532018Das beste St\xc3\xbcck vom Schwein, ideal auch f\xc3\xbcr Medaillons; SB-verpackt. Ursprung: Deutschland. Um einen Hinweis zur tats\xc3\xa4chlichen Herkunft zu erhalten, beachten Sie bitte die Angaben auf der Ihnen gelieferten Ware selbst; nur diese sind ma\xc3\x9fgeblich wie auch verbindlich. VOR DEM VERZEHR GUT DURCHGAREN. NICHT ZUM ROHVERZEHR GEEIGNET. Die Haltbarkeit des Produktes ist bis zum angegebenen Datum durch die Einhaltung der angegebenen Temperatur gesichert. Bei einer Unterbrechung der K\xc3\xbchlkette \xc3\xbcber +4 \xc2\xb0C, empfehlen wir Ihnen den Verzehr am Tag des Einkaufes. Nach \xc3\x96ffnen der Packung Ware noch am selben Tag verwenden.... mehr anzeigenZutaten & AllergeneZutaten: -  -N\xc3\xa4hrwerteDurchschnittliche N\xc3\xa4hrwertepro 100 gEnergie448 kJEnergie106 kcalFett2 gFett, davon ges\xc3\xa4ttigte Fetts\xc3\xa4uren0,7 gKohlenhydrate0 gKohlenhydrate, davon Zucker0 gBallaststoffe0 gEiwei\xc3\x9f22 gSalz0,19 gArtikeldetailsMarke: Wilhelm BrandenburgNachhaltigkeitWeitere Informationen zu den Siegeln findest du in unserer Siegelkunde.Maximale Bestellmenge: 15 St\xc3\xbcckF\xc3\xbcr die vorstehenden Angaben wird keine Haftung \xc3\xbcbernommen. Bitte pr\xc3\xbcfen Sie im Einzelfall die Angaben auf der jeweiligen Produktverpackung, nur diese sind verbindlich.Das Produktdesign kann von der Abbildung abweichen.'",Felix-Wankel-Strasse 20,Rewe,Frische & Convenience,2023-07-09,"Gültig ab morgen bis Samstag, 15.07.2023"
Hackfleisch gemischt,https://img.rewe-static.de/REWE_CENTER_HZ28_2023/8818612/36852327-13_digital-image.png?impolicy=s-offers&imwidth=200&output-format=image/webp,,https://shop.rewe.de/p/citterio-prosciutto-di-parma-70g/3017150,,"vom Rind und Schwein, XXL Family Pack , je 1000-g-Pckg",Knaller,"7,77 €",nan,Felix-Wankel-Strasse 20,Rewe,Frische & Convenience,2023-07-09,"Gültig ab morgen bis Samstag, 15.07.2023"
Milram Burlander,https://img.rewe-static.de/REWE_CENTER_HZ28_2023/7898150/33768441-6_digital-image.png?impolicy=s-offers&imwidth=200&output-format=image/webp,,https://shop.rewe.de/p/milram-burlander-in-scheiben/7898150,,"Schnittkäse, 45% Fett i.Tr. , je 100 g",Aktion,"0,99 €","ProduktbeschreibungArtikelnummer 7898150Frisch für dich aus unserer Servicetheke. 
 
45% Fett i. Tr. 
 
Zutaten: pasteurisierte MILCH, Speisesalz, Säuerungskulturen, mikrobielles Lab, Farbstoff: Beta-Carotin, Konservierungsstoffe: Natamycin (zur Oberflächenbehandlung). 
 
Laktosefrei* 
*Laktosegehalt: unter 0, 1g/100g 
 
Rinde zum Verzehr geeignet! 
 
Nährwerte je 100g: 
Energie: 1439kJ 
Energie: 346kcal 
Fett: 27g 
Fett, davon gesättigte Fettsäuren: 18,6g 
Kohlenhydrate: 0,1g 
Kohlenhydrate, davon Zucker: 0,1g 
Eiweiß: 25g 
Salz: 1,3g... mehr anzeigenZutaten & AllergeneZutaten: pasteurisierte KUHMILCH, Speisesalz, Säuerungskulturen, mikrobielles Lab, Farbstoff: Carotin, Konservierungsstoff: Natamycin (nur zur Oberflächenbehandlung)Allergenhinweise: Enthält: Milch und Milcherzeugnisse (einschließlich Lactose).NährwerteDurchschnittliche NährwerteUnzubereitet pro 100 gEnergie1.439 kJEnergie346 kcalFett27 gFett, davon gesättigte Fettsäuren18,6 gKohlenhydrate< 0,1 gKohlenhydrate, davon Zucker< 0,1 gEiweiß25 gSalz1,3 gHinweiseAufbewahrungs- und Verwendungshinweis: Ungeöffnet bei +4°C bis +7°C mindestens haltbar bis: Nach dem Öffnen kühl lagern und innerhalb weniger Tage verbrauchen.ArtikeldetailsMarke: MilramUrsprungsland: DeutschlandKontaktKontaktname: DMK GmbHKontaktadresse: Industriestrasse 27, 27404 ZEVEN, GERMANYFür die vorstehenden Angaben wird keine Haftung übernommen. Bitte prüfen Sie im Einzelfall die Angaben auf der jeweiligen Produktverpackung, nur diese sind verbindlich.Das Produktdesign kann von der Abbildung abweichen.",Felix-Wankel-Strasse 20,Rewe,Frische & Convenience,2023-07-09,"Gültig ab morgen bis Samstag, 15.07.2023"
Rote Wurst,https://img.rewe-static.de/REWE_CENTER_HZ28_2023/7731883/23270769-10_digital-image.png?impolicy=s-offers&imwidth=200&output-format=image/webp,,https://shop.rewe.de/p/milram-burlander-in-scheiben/7898150,,je 100 g,Aktion,"0,88 €","b'ProduktbeschreibungArtikelnummer 7731883Frisch f\xc3\xbcr dich aus unserer Servicetheke.\n\nZutaten: Schweinefleisch 80%, Wasser, Speck, jodiertes Speisesalz (Speisesalz, Kaliumjodat), Konservierungsstoff (Natriumnitrit), Gew\xc3\xbcrze, Stabilisatoren (Natriumcitrate, Diphosphate), Dextrose, Antioxidationsmittel (Ascorbins\xc3\xa4ure) , Gew\xc3\xbcrzextrakte, Maltodextrin, Schweinedarm, Rauch.\n\nKann Spuren von GLUTEN, MILCH und SENF enthalten.\n\nN\xc3\xa4hrwerte je 100g:\nEnergie: 1179kJ\nEnergie: 285kcal\nFett: 26g\nFett, davon ges\xc3\xa4ttigte Fetts\xc3\xa4uren: 12g\nKohlenhydrate: 0,5g\nKohlenhydrate, davon Zucker: 0,5g\nEiwei\xc3\x9f: 12g\nSalz: 2,2g... mehr anzeigenArtikeldetailsMarke: Wilhelm BrandenburgMaximale Bestellmenge: 15 St\xc3\xbcckF\xc3\xbcr die vorstehenden Angaben wird keine Haftung \xc3\xbcbernommen. Bitte pr\xc3\xbcfen Sie im Einzelfall die Angaben auf der jeweiligen Produktverpackung, nur diese sind verbindlich.Das Produktdesign kann von der Abbildung abweichen.Bei abgewogenen Waren zahlen Sie die im Markt tats\xc3\xa4chlich gewogene Menge. Der bei Abholung oder Lieferung zu zahlende Betrag kann deshalb von dem hier angegebenen Betrag abweichen. F\xc3\xbcr die Berechnung des hier angegebenen Betrags wird ein Durchschnittsgewicht des jeweiligen Artikels zu Grunde gelegt.'",Felix-Wankel-Strasse 20,Rewe,Frische & Convenience,2023-07-09,"Gültig ab morgen bis Samstag, 15.07.2023"
Bresso Pikante Kräuter,https://img.rewe-static.de/REWE_CENTER_HZ28_2023/7693462/38657484-6_digital-image.png?impolicy=s-offers&imwidth=200&output-format=image/webp,,https://shop.rewe.de/productList?search=7693462,,"je 150-g-Becher , (1 kg = 9.27)",Aktion,"1,39 €",,Felix-Wankel-Strasse 20,Rewe,Frische & Convenience,2023-07-09,"Gültig ab morgen bis Samstag, 15.07.2023"
Meggle Baguette,https://img.rewe-static.de/REWE_CENTER_HZ28_2023/0330377/2767470-60_digital-image.png?impolicy=s-offers&imwidth=200&output-format=image/webp,,https://shop.rewe.de/p/meggle-klassik-baguette-kraeuter-butter-160g/330377,,"versch. Sorten , je 160-g-Pckg , (1 kg = 6.19)",Aktion,"0,99 €","ProduktbeschreibungArtikelnummer 330377Zutaten & AllergeneZutaten: WEIZENMEHL, Wasser, KRÄUTERBUTTER (BUTTERZUBEREITUNG) 20% (BUTTER, Zwiebeln, Kräuter, Petersilie, Knoblauch, Gewürze, Salz, Stärke, Zitronensaftkonzentrat, Knoblauchextrakt), ROGGENMEHL, HARTWEIZENGRIEß, WEIZENMALZMEHL, WEIZENGLUTEN, Salz, Hefe, natürliches Aroma.Allergenhinweise: Enthält: Glutenhaltiges Getreide und glutenhaltige Getreideerzeugnisse. Milch und Milcherzeugnisse (einschließlich Lactose).NährwerteDurchschnittliche NährwerteUnzubereitet pro 100 gEnergie1.266 kJEnergie302 kcalFett13 gFett, davon gesättigte Fettsäuren8,2 gKohlenhydrate38 gKohlenhydrate, davon Zucker2,6 gBallaststoffe2,5 gEiweiß7 gSalz1,4 gHinweiseAufbewahrungs- und Verwendungshinweis: kühl, sauber, trocken lagernInformation: Unter Schutzatmosphäre verpackt.ArtikeldetailsMarke: MeggleUrsprungsland: DeutschlandSorte: KräuterbutterKontaktKontaktname: Molkerei MEGGLE Wasserburg GmbH & Co. KGKontaktadresse: Megglestr. 6-1283512 WasserburgFür die vorstehenden Angaben wird keine Haftung übernommen. Bitte prüfen Sie im Einzelfall die Angaben auf der jeweiligen Produktverpackung, nur diese sind verbindlich.Das Produktdesign kann von der Abbildung abweichen.",Felix-Wankel-Strasse 20,Rewe,Frische & Convenience,2023-07-09,"Gültig ab morgen bis Samstag, 15.07.2023"
Etorki,https://img.rewe-static.de/REWE_CENTER_HZ28_2023/7327242/24091218-12_digital-image.png?impolicy=s-offers&imwidth=200&output-format=image/webp,,https://shop.rewe.de/p/meggle-klassik-baguette-kraeuter-butter-160g/330377,,"frz. Schnittkäse, aus Schafsmilch hergestellt, 54% Fett i.Tr. , je 100 g",Aktion,"1,89 €","b'ProduktbeschreibungArtikelnummer 7327242Frisch f\xc3\xbcr dich aus unserer Servicetheke. \n \nZutaten: pasteurisierte SCHAFSMILCH, Speisesalz, Konservierungsstoffe: Natamycin, LYSOZYM (aus EI), tierisches Lab. \n \nAllergene: Kuh-, Ziegen- und SCHAFSMILCH. \n \nLaktosefrei* \n*Laktosegehalt: unter 0, 1g/100g \n \nKunststoff\xc3\xbcberzug nicht zum Verzehr geeignet! Hergestellt in Maul\xc3\xa9on im Herzen des Baskenlandes, aus Schafsmilch, die in einem Umkreis von 80 km um die K\xc3\xa4serei gesammelt wird.  ETORKI\xc2\xae RESERVE symbolisiert die ganze Kraft und den Reichtum des Baskenlandes. Von unseren K\xc3\xa4semeistern gereift und ausgew\xc3\xa4hlt, ist sein Geschmack offen und schafartig. Seine Textur ist schmelzend und charakteristisch.Zutaten & AllergeneZutaten: pasteurisierte SCHAFSMILCH, Speisesalz, K\xc3\xa4sereikulturen, Lab, Konservierungsstoffe Natamycin (in der Rinde), Lysozym ( aus EIKLAR ). Hergestellt in einer K\xc3\xa4serei die Kuh- , Ziegen - und Schafsmilch verarbeitet.Allergenhinweise: Milch,EiklarEnth\xc3\xa4lt: Milch und Milcherzeugnisse (einschlie\xc3\x9flich Lactose). Eier und Eierzeugnisse.N\xc3\xa4hrwerteDurchschnittliche N\xc3\xa4hrwerteUnzubereitet pro 100 gEnergie1.629 kJEnergie393 kcalFett33 gFett, davon ges\xc3\xa4ttigte Fetts\xc3\xa4uren23 gKohlenhydrate< 0,5 gKohlenhydrate, davon Zucker< 0,5 gEiwei\xc3\x9f24 gSalz1,5 gCalcium710 mgHinweiseAufbewahrungs- und Verwendungshinweis: Bei +2\xc2\xb0C bis +8\xc2\xb0C mindestens haltbar bis: siehe VerpackungsaufdruckInformation: Kunststoff\xc3\xbcberzug nicht zum Verzehr geeignet., 54% Fett i.Tr.ArtikeldetailsMarke: EtorkiUrsprungsland: FrankreichKontaktKontaktname: Fromageries des ChaumesKontaktadresse: 155 avenue Rauski 64110 Juran\xc3\xa7on FranceMaximale Bestellmenge: 15 St\xc3\xbcckF\xc3\xbcr die vorstehenden Angaben wird keine Haftung \xc3\xbcbernommen. Bitte pr\xc3\xbcfen Sie im Einzelfall die Angaben auf der jeweiligen Produktverpackung, nur diese sind verbindlich.Das Produktdesign kann von der Abbildung abweichen.'",Felix-Wankel-Strasse 20,Rewe,Frische & Convenience,2023-07-09,"Gültig ab morgen bis Samstag, 15.07.2023"
St. Mang Allgäuer Limburger,https://img.rewe-static.de/REWE_CENTER_HZ28_2023/4485173/942460-35_digital-image.png?impolicy=s-offers&imwidth=200&output-format=image/webp,,https://shop.rewe.de/p/meggle-klassik-baguette-kraeuter-butter-160g/330377,,"Weichkäse, 40% Fett i.Tr. , je 200-g-Pckg , (1 kg = 9.45)",Aktion,"1,89 €","b'ProduktbeschreibungArtikelnummer 4485173Der St.Mang Limburger ist ein \xe2\x80\x9eOriginal Allg\xc3\xa4uer\xe2\x80\x9c \xe2\x80\x93 so charaktervoll und\nausdrucksstark, wie das Allg\xc3\xa4u. Zur  Herstellung unserer K\xc3\xa4sespezialit\xc3\xa4ten verwenden wir nur\nbeste Allg\xc3\xa4uer Kuhmilch und die Original St.Mang Rotkulturen, welche unserem Limburger seine typische orangerote Rinde verleihen. Der Geschmack entwickelt sich je nach Reifestadium von\nmild-w\xc3\xbcrzig bis herzhaft-pikant.Zutaten & AllergeneZutaten: pasteurisierte MILCH, Salz, mikrobielles Lab, Milchs\xc3\xa4uerungskulturen, Reifungskulturen.Allergenhinweise: Enth\xc3\xa4lt: Milch und Milcherzeugnisse (einschlie\xc3\x9flich Lactose).N\xc3\xa4hrwerteDurchschnittliche N\xc3\xa4hrwerteUnzubereitet pro 100 gEnergie1.103 kJEnergie265 kcalFett19 gFett, davon ges\xc3\xa4ttigte Fetts\xc3\xa4uren12 gKohlenhydrate< 0,5 gKohlenhydrate, davon Zucker< 0,5 gEiwei\xc3\x9f23 gSalz2,3 gHinweiseAufbewahrungs- und Verwendungshinweis: Bei +2\xc2\xb0C - +8\xc2\xb0C mindestens haltbar bis: siehe Verpackungsaufdruck.ArtikeldetailsMarke: St. MangNettof\xc3\xbcllmenge: 200 GEigenschaften: VegetarischUrsprungsland: DeutschlandKontaktKontaktname: Mang K\xc3\xa4sewerkKontaktadresse: Untere Hauptstra\xc3\x9fe 287754 Kammlach/Allg\xc3\xa4uMaximale Bestellmenge: 15 St\xc3\xbcckF\xc3\xbcr die vorstehenden Angaben wird keine Haftung \xc3\xbcbernommen. Bitte pr\xc3\xbcfen Sie im Einzelfall die Angaben auf der jeweiligen Produktverpackung, nur diese sind verbindlich.Das Produktdesign kann von der Abbildung abweichen.'",Felix-Wankel-Strasse 20,Rewe,Frische & Convenience,2023-07-09,"Gültig ab morgen bis Samstag, 15.07.2023"
Schulte Edelsalami,https://img.rewe-static.de/REWE_CENTER_HZ28_2023/8261047/25900106-4_digital-image.png?impolicy=s-offers&imwidth=200&output-format=image/webp,,https://shop.rewe.de/p/meggle-klassik-baguette-kraeuter-butter-160g/330377,,"mit Rind , je 100 g",Aktion,"1,99 €","b'ProduktbeschreibungArtikelnummer 8261047Frisch f\xc3\xbcr dich aus unserer Servicetheke. \n \nZutaten Schweinefleisch, Rindfleisch, jodiertes Speisesalz (Speisesalz, Kaliumjodat),Gew\xc3\xbcrze, Dextrose, Antioxidationsmittel: Natriumascorbat, Konservierungsstoff: Natriumnitrit, Reifekultur, Buchenholzrauch. \n \nKann Spuren von SENF, SELLERIE und MILCH enthalten. \n \n100g Salami werden aus 108g Schweinefleisch und 27g Rindfleisch hergestellt. \n \nN\xc3\xa4hrwerte je 100g: \nEnergie: 1387kJ \nEnergie: 334kcal \nFett: 26g \nFett, davon ges\xc3\xa4ttigte Fetts\xc3\xa4uren: 12,2g \nKohlenhydrate: 1g \nKohlenhydrate, davon Zucker: 1g \nEiwei\xc3\x9f: 24g \nSalz: 3,8g... mehr anzeigenArtikeldetailsMarke: SchulteMaximale Bestellmenge: 15 St\xc3\xbcckF\xc3\xbcr die vorstehenden Angaben wird keine Haftung \xc3\xbcbernommen. Bitte pr\xc3\xbcfen Sie im Einzelfall die Angaben auf der jeweiligen Produktverpackung, nur diese sind verbindlich.Das Produktdesign kann von der Abbildung abweichen.'",Felix-Wankel-Strasse 20,Rewe,Frische & Convenience,2023-07-09,"Gültig ab morgen bis Samstag, 15.07.2023"
Meica Curry-King XXL,https://img.rewe-static.de/REWE_CENTER_HZ28_2023/0866749/5388540-56_digital-image.png?impolicy=s-offers&imwidth=200&output-format=image/webp,,https://shop.rewe.de/p/meica-curryking-xxl-fix-fertig-400g/866749,,"je 400-g-Schale , (1 kg = 7.48)",Aktion,"2,99 €","ProduktbeschreibungArtikelnummer 866749Zutaten & AllergeneZutaten: 50 % Bockwurst [Schweinefleisch, Trinkwasser, Speck, Speisesalz, Gewürze, Gewürzextrakte (mit SELLERIE), Dextrose, Antioxidationsmittel: Ascorbinsäure, Konservierungsstoff: Natriumnitrit, Rauch], Curry-Sauce [Trinkwasser, Tomatenmark, Zucker, Branntweinessig, Apfelmark, modifizierte Stärke, Salz, Gewürze, Verdickungsmittel: Guarkernmehl, Johannisbrotkernmehl], Currypulver (im extra Tütchen). Kann Spuren von MILCHEIWEIß, SENF enthaltenAllergenhinweise: Enthält: Sellerie und Sellerieerzeugnisse. Kann enthalten: Milch und Milcherzeugnisse (einschließlich Lactose). Senf- und Senferzeugnisse.NährwerteDurchschnittliche NährwerteUnzubereitet pro 100 gEnergie875 kJEnergie210 kcalFett14 gFett, davon gesättigte Fettsäuren5,2 gKohlenhydrate13 gKohlenhydrate, davon Zucker13 gEiweiß8 gSalz1,6 gHinweiseAufbewahrungs- und Verwendungshinweis: Temperaturbereich zwischen 5°C und 7°CArtikeldetailsMarke: MeicaUrsprungsland: DeutschlandPackungsgröße: 400gKontaktKontaktname: Meica GmbH & Co. KGKontaktadresse: Meicastraße 6, 26188 EdewechtFür die vorstehenden Angaben wird keine Haftung übernommen. Bitte prüfen Sie im Einzelfall die Angaben auf der jeweiligen Produktverpackung, nur diese sind verbindlich.Das Produktdesign kann von der Abbildung abweichen.",Felix-Wankel-Strasse 20,Rewe,Frische & Convenience,2023-07-09,"Gültig ab morgen bis Samstag, 15.07.2023"
Steinhaus Krustenbraten,https://img.rewe-static.de/REWE_CENTER_HZ28_2023/5309239/32884061-7_digital-image.png?impolicy=s-offers&imwidth=200&output-format=image/webp,,https://shop.rewe.de/p/steinhaus-krustenbraten-in-scheiben/5309239,,"Haltungsform 2 , je 100 g",Aktion,"1,89 €","ProduktbeschreibungArtikelnummer 5309239Frisch für dich aus unserer Servicetheke. 
 
Zutaten: Schweinefleisch, jodiertes Nitritpökelsalz (Speisesalz, Kaliumjodat, Konservierungsstoff: Natriumnitrit), Stabilisator: Triphosphate, Antioxidationsmittel: Natriumascorbat, Gewürzextrakte (Lauch). 
 
Kann Spuren von SENF, SELLERIE und SESAM enthalten. 
 
Nährwerte je 100g: 
Energie: 683kJ 
Energie: 164kcal 
Fett: 10g 
Fett, davon gesättigte Fettsäuren: 2,5g 
Kohlenhydrate: 0,5g 
Kohlenhydrate, davon Zucker: 0,3g 
Eiweiß: 18g 
Salz: 2,5g Zutaten & AllergeneAllergenhinweise: nullNährwerteDurchschnittliche NährwerteUnzubereitet pro 100 gEnergie683 kJEnergie164 kcalFett10 gFett, davon gesättigte Fettsäuren2,5 gKohlenhydrate0,5 gKohlenhydrate, davon Zucker0,3 gEiweiß18 gSalz2,5 gArtikeldetailsMarke: SteinhausFür die vorstehenden Angaben wird keine Haftung übernommen. Bitte prüfen Sie im Einzelfall die Angaben auf der jeweiligen Produktverpackung, nur diese sind verbindlich.Das Produktdesign kann von der Abbildung abweichen.",Felix-Wankel-Strasse 20,Rewe,Frische & Convenience,2023-07-09,"Gültig ab morgen bis Samstag, 15.07.2023"
Chovi Allioli oder Allioli Vegan,https://img.rewe-static.de/REWE_CENTER_HZ28_2023/7195463/27958666-13_digital-image.png?impolicy=s-offers&imwidth=200&output-format=image/webp,,https://shop.rewe.de/p/chovi-allioli-knoblauchcreme-150ml/7195463,,"je 150-g-Becher , (1 kg = 11.93)",Aktion,"1,79 €","ProduktbeschreibungArtikelnummer 7195463Zutaten & AllergeneZutaten: 81% Pflanzenöl*, 8% pasteurisierte EIER aus Freilandhaltung, 6% Knoblauch, Salz, Zitronensaftkonzentrat, Konservierungsstoff E 202, *Sonnennblumenöl (gekennzeichnet mit AG) oder Rapsöl (gekennzeichnet mit AN), siehe Kürzel neben der Charge.Allergenhinweise: Enthält: Eier und Eierzeugnisse.NährwerteDurchschnittliche NährwerteUnzubereitet pro 100 gEnergie3.080 kJEnergie749 kcalFett82 gFett, davon gesättigte Fettsäuren10 gKohlenhydrate1,5 gKohlenhydrate, davon Zucker0 gBallaststoffe0,1 gEiweiß1,2 gSalz1,3 gHinweiseAufbewahrungs- und Verwendungshinweis: Gekühlt mindestens haltbar bis siehe VerpackungsaufdruckArtikeldetailsMarke: ChoviUrsprungsland: SpanienKontaktKontaktname: Müller-Moers GmbH & Co. KGKontaktadresse: Genender Weg 647445 MoersFür die vorstehenden Angaben wird keine Haftung übernommen. Bitte prüfen Sie im Einzelfall die Angaben auf der jeweiligen Produktverpackung, nur diese sind verbindlich.Das Produktdesign kann von der Abbildung abweichen.",Felix-Wankel-Strasse 20,Rewe,Frische & Convenience,2023-07-09,"Gültig ab morgen bis Samstag, 15.07.2023"
Knack & Back Pizza-Kit,https://img.rewe-static.de/REWE_CENTER_HZ28_2023/2085801/32442590-11_digital-image.png?impolicy=s-offers&imwidth=200&output-format=image/webp,,https://shop.rewe.de/p/chovi-allioli-knoblauchcreme-150ml/7195463,,"je 600-g-Pckg , (1 kg = 3.32)",Aktion,"1,99 €","b'ProduktbeschreibungArtikelnummer 2085801Wie beim Italiener: Der leckere Pizzateig kommt zusammen mit der fruchtigen Tomaten-Kr\xc3\xa4uter-Sauce \xe2\x80\x93 perfekt f\xc3\xbcr Ihre Wunschpizza \xe2\x80\x9eal gusto!\xe2\x80\x9c\n\n- Frischteig f\xc3\xbcr Ihre Wunschpizza \n\n- Der leckere Pizzateig mit mediterraner Tomatensauce mit Kr\xc3\xa4utern bringen jede Menge s\xc3\xbcdl\xc3\xa4ndische Raffinesse nach Hause.\n\n- Der extra-luftige, extra-lockere Pizzateig reicht genau f\xc3\xbcr ein ganzes Backblech f\xc3\xbcr Deinen Lieblings-Moment.\n\n- Mit mediterranem Oliven\xc3\xb6l extra vergine. Zutaten & AllergeneZutaten: Teig (67%): WEIZENMEHL, Wasser, Dextrose, WEIZENGLUTEN, Zucker, Backtriebmittel (Diphosphate, Natriumcarbonate), natives Oliven\xc3\xb6l extra (1 %), Alkohol, Speisesalz, Magnesiumchlorid, Stabilisator (Xanthan), Mehlbehandlungsmittel (Ascorbins\xc3\xa4ure), Sonnenblumen\xc3\xb6l. Tomatensauce (33%): Wasser, Tomatenst\xc3\xbcckchen (25%), Tomatenp\xc3\xbcree (16,7%), modifizierte Maisst\xc3\xa4rke, Zucker, Speisesalz, Zwiebeln, Basilikum, Oregano, S\xc3\xa4ureregulator (Citronens\xc3\xa4ure). TEIG KANN EI, MILCH UND SOJA ENTHALTEN.Allergenhinweise: WEIZENMEHL, WEIZENGLUTENEnth\xc3\xa4lt: Weizen und Weizenerzeugnisse (glutenhaltiges Getreide). Kann enthalten: Eier und Eierzeugnisse. Milch und Milcherzeugnisse (einschlie\xc3\x9flich Lactose). Soja und Sojaerzeugnisse.N\xc3\xa4hrwerteDurchschnittliche N\xc3\xa4hrwerteUnzubereitet pro 100 gEnergie758 kJEnergie179 kcalFett1,6 gFett, davon ges\xc3\xa4ttigte Fetts\xc3\xa4uren0,5 gKohlenhydrate32,7 gKohlenhydrate, davon Zucker5,2 gBallaststoffe2 gEiwei\xc3\x9f6,5 gSalz1,39 gHinweiseAufbewahrungs- und Verwendungshinweis: Immer im K\xc3\xbchlschrank bei +2\xc2\xb0C bis +7\xc2\xb0C lagern. Zu verbrauchen bis: siehe Packungsseite.ArtikeldetailsMarke: Knack&BackEigenschaften: VegetarischUrsprungsland: Europ\xc3\xa4ische UnionKontaktKontaktname: General Mills GmbHKontaktadresse: Osterbekstr. 90c, 22083 HamburgF\xc3\xbcr die vorstehenden Angaben wird keine Haftung \xc3\xbcbernommen. Bitte pr\xc3\xbcfen Sie im Einzelfall die Angaben auf der jeweiligen Produktverpackung, nur diese sind verbindlich.Das Produktdesign kann von der Abbildung abweichen.'",Felix-Wankel-Strasse 20,Rewe,Frische & Convenience,2023-07-09,"Gültig ab morgen bis Samstag, 15.07.2023"
Käserebellen König Ludwig Bierkäse,https://img.rewe-static.de/REWE_CENTER_HZ28_2023/1345155/20251695-8_digital-image.png?impolicy=s-offers&imwidth=200&output-format=image/webp,,https://shop.rewe.de/p/kaeserebellen-koenig-ludwig-bierkaese-in-scheiben/1345155,,"Schnittkäse, mind. 50% Fett i.Tr. , je 100 g",Aktion,"1,99 €","ProduktbeschreibungArtikelnummer 1345155Frisch für dich aus unserer Servicetheke. 
 
König Ludwig Bierkäse 70 Tage gereift SCHNITTKÄSE mindestens 50% Fett i. Tr. 
 
Zutaten: pasteurisierte MILCH, Salz, KÄSEREIKULTUREN, tierisches Lab, Dunkelbier (Wasser, GERSTENMALZ, Hopfenextrakt) 
 
Laktosefrei* 
*Laktosegehalt: unter 0,1g/100g 
 
Kunststoffüberzug nicht zum Verzehr geeignet! 
 
Nährwerte je 100g: 
Energie: 1667kJ 
Energie: 402kcal 
Fett: 34g 
Fett, davon gesättigt: 22,40g 
Kohlenhydrate: 0,10g 
Kohlenhydrate, davon Zucker: 0,10g 
Eiweiß: 24g 
Salz: 1,50g... mehr anzeigenZutaten & AllergeneZutaten: pasteurisierte MILCH, Salz, KÄSEREIKULTUREN, tierisches Lab, Dunkelbier (Wasser, GERSTENMALZ, Hopfenextrakt)Allergenhinweise: nullNährwerteDurchschnittliche NährwerteUnzubereitet pro 100 gEnergie1.667 kJEnergie402 kcalFett34 gFett, davon gesättigte Fettsäuren22,4 gKohlenhydrate0,1 gKohlenhydrate, davon Zucker0,1 gEiweiß24 gSalz1,5 gArtikeldetailsMarke: König LudwigEigenschaften: LaktosefreiFür die vorstehenden Angaben wird keine Haftung übernommen. Bitte prüfen Sie im Einzelfall die Angaben auf der jeweiligen Produktverpackung, nur diese sind verbindlich.Das Produktdesign kann von der Abbildung abweichen.",Felix-Wankel-Strasse 20,Rewe,Frische & Convenience,2023-07-09,"Gültig ab morgen bis Samstag, 15.07.2023"
Gazi Schaf- oder Ziegenkäse,https://img.rewe-static.de/REWE_CENTER_HZ28_2023/7711509/37883476-6_digital-image.png?impolicy=s-offers&imwidth=200&output-format=image/webp,,https://shop.rewe.de/p/kaeserebellen-koenig-ludwig-bierkaese-in-scheiben/1345155,,"50% Fett i.Tr. , je 150-g-Pckg , (1 kg = 14.60)",Aktion,"2,19 €","b'ProduktbeschreibungArtikelnummer 7711509Zutaten & AllergeneZutaten: pasteurisierte SCHAFMILCH, Speisesalz, mikrobielles Lab, Milchs\xc3\xa4urekulturenAllergenhinweise: Enth\xc3\xa4lt: Milch und Milcherzeugnisse (einschlie\xc3\x9flich Lactose).N\xc3\xa4hrwerteDurchschnittliche N\xc3\xa4hrwerteUnzubereitet pro 100 gEnergie1.140 kJEnergie275 kcalFett23 gFett, davon ges\xc3\xa4ttigte Fetts\xc3\xa4uren17 gKohlenhydrate1 gKohlenhydrate, davon Zucker0,1 gEiwei\xc3\x9f16 gSalz2,4 gHinweiseAufbewahrungs- und Verwendungshinweis: Unge\xc3\xb6ffnet bei +4\xc2\xb0C bis +8\xc2\xb0C mindestens haltbar bis: siehe AufdruckInformation: 50% Fett i.Tr.ArtikeldetailsMarke: GaziNettof\xc3\xbcllmenge: 150 GUrsprungsland: GriechenlandKontaktKontaktname: garmo AGKontaktadresse: Ulmer Stra\xc3\x9fe 181-191, 70188 StuttgartF\xc3\xbcr die vorstehenden Angaben wird keine Haftung \xc3\xbcbernommen. Bitte pr\xc3\xbcfen Sie im Einzelfall die Angaben auf der jeweiligen Produktverpackung, nur diese sind verbindlich.Das Produktdesign kann von der Abbildung abweichen.'",Felix-Wankel-Strasse 20,Rewe,Frische & Convenience,2023-07-09,"Gültig ab morgen bis Samstag, 15.07.2023"
"Zwiebelmettwurst, Zwiebelmettwurst-kugel oder Puten-zwiebelmettwurst",https://img.rewe-static.de/REWE_CENTER_HZ28_2023/7225733/30597714-6_digital-image.png?impolicy=s-offers&imwidth=200&output-format=image/webp,,https://shop.rewe.de/p/kaeserebellen-koenig-ludwig-bierkaese-in-scheiben/1345155,,je 100 g,Aktion,"1,49 €","b'ProduktbeschreibungArtikelnummer 7225733Frisch f\xc3\xbcr dich aus unserer Servicetheke. \n \nZutaten: 91 % Schweinefleisch, S\xc3\xa4ureregulator Kaliumlactrat, jodiertes Nitritp\xc3\xb6kelsalz (Speisesalz), Konservierungsstoff Natriumnitrit, S\xc3\xa4uerungsmittel: MILCHS\xc3\x84URE, Zwiebeln, Trockenglukosesirup, Verdickungsmittel: Guarkernmehl, Johannisbrotkernmehl, Xanthan, Gew\xc3\xbcrze (enth\xc3\xa4lt SELLERIE), Dextrose, Geschmacksverst\xc3\xa4rker: Mononatriumglutamat, Antioxidationsmittel: Natriumascorbat, Ascorbins\xc3\xa4ure. \n \nKann Spuren von SENF enthalten. \n \nN\xc3\xa4hrwerte je 100g: \nEnergie: 655kJ \nEnergie: 157kcal \nFett: 8,5g \nFett, davon ges\xc3\xa4ttigt: 4,5g \nKohlenhydrate: 1g \nKohlenhydrate, davon Zucker: 1g \nEiwei\xc3\x9f: 19g \nSalz: 2,5g... mehr anzeigenZutaten & AllergeneAllergenhinweise: nullN\xc3\xa4hrwerteDurchschnittliche N\xc3\xa4hrwerteUnzubereitet pro 100 gEnergie655 kJEnergie157 kcalFett8,5 gFett, davon ges\xc3\xa4ttigte Fetts\xc3\xa4uren4,5 gKohlenhydrate1 gKohlenhydrate, davon Zucker1 gEiwei\xc3\x9f19 gSalz2,5 gArtikeldetailsMarke: Wilhelm BrandenburgMaximale Bestellmenge: 15 St\xc3\xbcckF\xc3\xbcr die vorstehenden Angaben wird keine Haftung \xc3\xbcbernommen. Bitte pr\xc3\xbcfen Sie im Einzelfall die Angaben auf der jeweiligen Produktverpackung, nur diese sind verbindlich.Das Produktdesign kann von der Abbildung abweichen.Bei abgewogenen Waren zahlen Sie die im Markt tats\xc3\xa4chlich gewogene Menge. Der bei Abholung oder Lieferung zu zahlende Betrag kann deshalb von dem hier angegebenen Betrag abweichen. F\xc3\xbcr die Berechnung des hier angegebenen Betrags wird ein Durchschnittsgewicht des jeweiligen Artikels zu Grunde gelegt.'",Felix-Wankel-Strasse 20,Rewe,Frische & Convenience,2023-07-09,"Gültig ab morgen bis Samstag, 15.07.2023"
Bio-Alpikoner Eichenrinde,https://img.rewe-static.de/REWE_CENTER_HZ28_2023/1417764/21017614-12_digital-image.png?impolicy=s-offers&imwidth=200&output-format=image/webp,,https://shop.rewe.de/productList?search=1417764,,"Schweizer Schnittkäse, 48% Fett i.Tr. , je 100 g",Aktion,"2,29 €",,Felix-Wankel-Strasse 20,Rewe,Frische & Convenience,2023-07-09,"Gültig ab morgen bis Samstag, 15.07.2023"
Steinhaus Krakauer oder Krakauer mit Käse,https://img.rewe-static.de/REWE_CENTER_HZ28_2023/2714531/5327350-33_digital-image.png?impolicy=s-offers&imwidth=200&output-format=image/webp,,https://shop.rewe.de/p/steinhaus-krakauer-500g/2714531,,"über Buchenholz geräuchert , je 500-g-Pckg , (1 kg = 9.98)",Aktion,"4,99 €","ProduktbeschreibungArtikelnummer 2714531Zutaten & AllergeneZutaten: Schweinefleisch 92%, Wasser, jodiertes Nitritpökelsalz (Speisesalz, Kaliumjodat, Konservierungsstoff: Natriumnitrit), Gewürze (enthalten SENF), TAFELSENF (Wasser, SENFsaaten Branntweinessig, Speisesalz, Gewürze, Zucker), Knoblauch, Dextrose, Gewürzextrakte (Pfeffer, Ingwer), Stabilisator: Diphosphate, Antioxidationsmittel: Ascorbinsäure, Schweinedarm, Buchenholzrauch. Kann Spuren von GLUTEN, SOJA, SESAMSAMEN und MILCH (einschließlich LAKTOSE) enthalten.Allergenhinweise: Enthält: Senf- und Senferzeugnisse. Kann enthalten: Weizen und Weizenerzeugnisse (glutenhaltiges Getreide). Milch und Milcherzeugnisse (einschließlich Lactose). Soja und Sojaerzeugnisse. Sesamsamen und Sesamsamenerzeugnisse.NährwerteDurchschnittliche NährwerteUnzubereitet pro 100 gEnergie1.189 kJEnergie287 kcalFett25 gFett, davon gesättigte Fettsäuren10 gKohlenhydrate1 gKohlenhydrate, davon Zucker0,5 gEiweiß15 gSalz2,3 gHinweiseAufbewahrungs- und Verwendungshinweis: Bei < +7 °C mindestens haltbar bis: tt.mm.jjjjArtikeldetailsMarke: SteinhausUrsprungsland: DeutschlandKontaktKontaktname: Steinhaus GmbHKontaktadresse: Tenter Weg 13, 42897 RemscheidFür die vorstehenden Angaben wird keine Haftung übernommen. Bitte prüfen Sie im Einzelfall die Angaben auf der jeweiligen Produktverpackung, nur diese sind verbindlich.Das Produktdesign kann von der Abbildung abweichen.",Felix-Wankel-Strasse 20,Rewe,Frische & Convenience,2023-07-09,"Gültig ab morgen bis Samstag, 15.07.2023"
Spinat-Käse-Bratwurst,https://img.rewe-static.de/REWE_CENTER_HZ28_2023/0074010/25041032-9_digital-image.png?impolicy=s-offers&imwidth=200&output-format=image/webp,,https://shop.rewe.de/p/steinhaus-krakauer-500g/2714531,,"je 3 x 90-g-Pckg , (1 kg = 10.33)",Aktion,"2,79 €","b'ProduktbeschreibungArtikelnummer 74010Zutaten & AllergeneZutaten: Schweinefleisch 62%, Spinat 12%, K\xc3\x84SE 10%, Wasser, jodiertes Speisesalz, Gew\xc3\xbcrze, Maismehl, Glukosesirup, Emulgator Mono- und Diglyceride von Speisefetts\xc3\xa4uren, Stabilisatoren (Natriumcitrate, Diphosphate), Dextrose, Zitronen\xc3\xb6l, Gew\xc3\xbcrzextrakte, S\xc3\xa4uerungsmittel Citronens\xc3\xa4ure, Antioxidationsmittel Ascorbins\xc3\xa4ure, S\xc3\xa4ureregulator Natriumacetate, Schweinedarm. Zusatzstoffe: E 262, E 300, E 330, E 331, E 450, E 471N\xc3\xa4hrwerteDurchschnittliche N\xc3\xa4hrwertepro 100 gEnergie983 kJEnergie237 kcalFett18,4 gFett, davon ges\xc3\xa4ttigte Fetts\xc3\xa4uren8,3 gKohlenhydrate1,8 gKohlenhydrate, davon Zucker0,8 gBallaststoffe0,1 gEiwei\xc3\x9f15,9 gSalz1,77 gArtikeldetailsMarke: Wilhelm BrandenburgKontaktKontaktname: Metzgerei Robert M\xc3\xbcller Gro\xc3\x9fkunden GmbHKontaktadresse: Industriestr. 2;36103;Flieden;DEUF\xc3\xbcr die vorstehenden Angaben wird keine Haftung \xc3\xbcbernommen. Bitte pr\xc3\xbcfen Sie im Einzelfall die Angaben auf der jeweiligen Produktverpackung, nur diese sind verbindlich.Das Produktdesign kann von der Abbildung abweichen.'",Felix-Wankel-Strasse 20,Rewe,Frische & Convenience,2023-07-09,"Gültig ab morgen bis Samstag, 15.07.2023"
Imperial Hähnchen-Salami,https://img.rewe-static.de/REWE_CENTER_HZ28_2023/1269111/30616979-4_digital-image.png?impolicy=s-offers&imwidth=200&output-format=image/webp,,https://shop.rewe.de/p/imperial-haehnchensalami-in-scheiben/1269111,,je 100 g,Aktion,"1,99 €","ProduktbeschreibungArtikelnummer 1269111Frisch für dich aus unserer Servicetheke. 
 
Zutaten: Hähnchenfleisch, Pflanzenfett (Palm), Speisesalz, MILCHEIWEISS, Dextrose, Kräuter, Aroma, Antioxidationsmittel: Natriumascorbat, Farbstoff: Echtes Karmin, Konservierungsstoff: Natriumnitrit, Kaliumnitrat, Fermente, Rauch. Kann Spuren enthalten von: SELLERIE, SENF. 
 
100g Produkt werden hergestellt aus 105g Hähnchenfleisch. feinkörnige geräucherte Salami mit Pflanzenfett, mindestens drei Wochen langsam gereift, mit ausgewählten Gewürzen verfeinert, im bunt-bedruckten Darm, halbe StückeZutaten & AllergeneZutaten: Hähnchenfleisch, ungehärtetes Pflanzenfett (Palmfett) (12%), Speisesalz, Hühnerfleischweiß, Dextrose, Zucker, Aroma, Antioxidationsmittel: Natriumascorbat; Farbstoff: Echtes Karmin; Säureregulator: Milchsäure; Konservierungsstoff: Natriumnitrit, Kaliumnitrat; Starterkulturen, Rauch. Kann Spuren enthalten von: MILCH, SENF, SELLERIE. 100g Produkt werden hergestellt aus 103g Hähnchenfleisch.Allergenhinweise: Enthält: Keine deklarationspflichtigen Allergene enthalten. Kann enthalten: Milch und Milcherzeugnisse (einschließlich Lactose). Sellerie und Sellerieerzeugnisse. Senf- und Senferzeugnisse.NährwerteDurchschnittliche NährwerteUnzubereitet pro 100 gEnergie1.100 kJEnergie265 kcalFett21 gFett, davon gesättigte Fettsäuren6,3 gKohlenhydrate0,5 gKohlenhydrate, davon Zucker0,5 gEiweiß19 gSalz3,2 gHinweiseAufbewahrungs- und Verwendungshinweis: Unter +7°C lagern, nach dem Öffnen innerhalb kurzer Zeit verzehren.Information: Antioxidationsmittel: E301 (Natriumascorbat); Farbstoff: E120 (Echtes Karmin); Säureregulator: E270 (Milchsäure); Konservierungsstoff: E250 (Natriumnitrit), E252 (Kaliumnitrat); Wursthülle nicht essbar.ArtikeldetailsUrsprungsland: BelgienKontaktKontaktname: Imperial Meat Products N.V.Kontaktadresse: Grote Baan 200, 9920 LievegemFür die vorstehenden Angaben wird keine Haftung übernommen. Bitte prüfen Sie im Einzelfall die Angaben auf der jeweiligen Produktverpackung, nur diese sind verbindlich.Das Produktdesign kann von der Abbildung abweichen.",Felix-Wankel-Strasse 20,Rewe,Frische & Convenience,2023-07-09,"Gültig ab morgen bis Samstag, 15.07.2023"
Deutsche See Lachs-Filet,https://img.rewe-static.de/REWE_CENTER_HZ28_2023/8437260/30793152-8_digital-image.png?impolicy=s-offers&imwidth=200&output-format=image/webp,,https://shop.rewe.de/p/imperial-haehnchensalami-in-scheiben/1269111,,"mit Haut , je 250-g-Schale , (1 kg = 19.96)",Aktion,"4,99 €","b'ProduktbeschreibungArtikelnummer 8437260Zutaten & AllergeneZutaten: LACHSFILETAllergenhinweise: Enth\xc3\xa4lt: Fisch und Fischerzeugnisse.N\xc3\xa4hrwerteDurchschnittliche N\xc3\xa4hrwerteUnzubereitet pro 100 gEnergie924 kJEnergie222 kcalFett16 gFett, davon ges\xc3\xa4ttigte Fetts\xc3\xa4uren3,3 gKohlenhydrate0 gKohlenhydrate, davon Zucker0 gEiwei\xc3\x9f20,2 gSalz0,24 gHinweiseAufbewahrungs- und Verwendungshinweis: bei 0 - 2\xc2\xb0CInformation: Nur im durchgegarten Zustand verzehren!. Auf 70 \xc2\xb0C Kerntemperatur erhitzen und mind. 2 Min. halten. Unter Schutzatmosp\xc3\xa4re verpackt.ArtikeldetailsMarke: Deutsche SeeUrsprungsland: DeutschlandKontaktKontaktname: Deutsche See GmbHKontaktadresse: Maifischstrasse 3-9, 27572 BremerhavenF\xc3\xbcr die vorstehenden Angaben wird keine Haftung \xc3\xbcbernommen. Bitte pr\xc3\xbcfen Sie im Einzelfall die Angaben auf der jeweiligen Produktverpackung, nur diese sind verbindlich.Das Produktdesign kann von der Abbildung abweichen.'",Felix-Wankel-Strasse 20,Rewe,Frische & Convenience,2023-07-09,"Gültig ab morgen bis Samstag, 15.07.2023"
Merl Zarte Heringsfilets,https://img.rewe-static.de/REWE_CENTER_HZ28_2023/6920730/7398540-35_digital-image.png?impolicy=s-offers&imwidth=200&output-format=image/webp,,https://shop.rewe.de/p/imperial-haehnchensalami-in-scheiben/1269111,,"in Sahnesauce, versch. Sorten , je 250-g-Becher , (1 kg = 9.16)",Aktion,"2,29 €","b'ProduktbeschreibungArtikelnummer 6920730Ohne KonservierungsstoffeZutaten & AllergeneZutaten: 40% enth\xc3\xa4utete HERINGSFILETS ,40% Sahnesauce ( Raps\xc3\xb6l,Trinkwasser, Zucker, SAURE SAHNE, 10% SCHLAGSAHNE,Branntweinessig, EIGELB, Speisesalz, SENFMEHL, Gew\xc3\xbcrze,Verdickungsmittel (Johannisbrotkernmehl,Guarkernmehl)), 7% \xc3\x84pfel,7% Zwiebeln, 6% Gurken.Hering (Clupea harengus),gefangen im Nordostatlantik (Nordsee undNorwegische See),FAO (27-16,27-03),Fangmethoden: Ringwaden ohne FADs und pelagische SchleppnetzeN\xc3\xa4hrwerteDurchschnittliche N\xc3\xa4hrwerteUnzubereitet pro 100 gEnergie1.033 kJEnergie249 kcalFett20,7 gFett, davon ges\xc3\xa4ttigte Fetts\xc3\xa4uren3,1 gKohlenhydrate7,2 gKohlenhydrate, davon Zucker7,1 gBallaststoffe0,3 gEiwei\xc3\x9f7,8 gSalz1,4 gHinweiseAufbewahrungs- und Verwendungshinweis: Bei +2\xc2\xb0C bis +7\xc2\xb0C mindestens haltbar bis: siehe AufdruckArtikeldetailsMarke: MerlNettof\xc3\xbcllmenge: 250 GUrsprungsland: DeutschlandSorte: In SahnesauceKontaktKontaktname: Edmund Merl GmbH & Co. KGKontaktadresse: 50321 Br\xc3\xbchl Wesselinger Str. 18-20Maximale Bestellmenge: 15 St\xc3\xbcckF\xc3\xbcr die vorstehenden Angaben wird keine Haftung \xc3\xbcbernommen. Bitte pr\xc3\xbcfen Sie im Einzelfall die Angaben auf der jeweiligen Produktverpackung, nur diese sind verbindlich.Das Produktdesign kann von der Abbildung abweichen.'",Felix-Wankel-Strasse 20,Rewe,Frische & Convenience,2023-07-09,"Gültig ab morgen bis Samstag, 15.07.2023"
Bergamino Di Bufala,https://img.rewe-static.de/REWE_CENTER_HZ28_2023/8287537/29437626-10_digital-image.png?impolicy=s-offers&imwidth=200&output-format=image/webp,,https://shop.rewe.de/p/bergamino-di-bufala-italienischer-weichkaese/8287537,,"ital. Weichkäse, aus Büffelmilch hergestellt, mind. 60% Fett i.Tr. , je 100 g",Aktion,"2,29 €","ProduktbeschreibungArtikelnummer 8287537Frisch für dich aus unserer Servicetheke. Zutaten & AllergeneZutaten: BÜFFELMILCH, Salz, Labaustauschstoff, Penicillium.Allergenhinweise: Enthält: Milch und Milcherzeugnisse (einschließlich Lactose).NährwerteDurchschnittliche NährwerteUnzubereitet pro 100 gEnergie1.254 kJEnergie303 kcalFett28 gFett, davon gesättigte Fettsäuren20,4 gKohlenhydrate0,2 gKohlenhydrate, davon Zucker0,2 gEiweiß12,6 gSalz1,3 gHinweiseAufbewahrungs- und Verwendungshinweis: bei maximal +8°C lagernArtikeldetailsUrsprungsland: ItalienKontaktKontaktname: Ruwisch & Zuck - Die Käsespezialisten GmbH & Co. KGKontaktadresse: Hägenstraße 11, 30559 HannoverFür die vorstehenden Angaben wird keine Haftung übernommen. Bitte prüfen Sie im Einzelfall die Angaben auf der jeweiligen Produktverpackung, nur diese sind verbindlich.Das Produktdesign kann von der Abbildung abweichen.",Felix-Wankel-Strasse 20,Rewe,Frische & Convenience,2023-07-09,"Gültig ab morgen bis Samstag, 15.07.2023"
Virginia Pfefferschinken,https://img.rewe-static.de/REWE_CENTER_HZ28_2023/1428942/37769208-6_digital-image.png?impolicy=s-offers&imwidth=200&output-format=image/webp,,https://shop.rewe.de/p/bergamino-di-bufala-italienischer-weichkaese/8287537,,"geräuchert und luftgetrocknet, besonders mild , je 100 g",Aktion,"2,79 €","b'ProduktbeschreibungArtikelnummer 1428942Frisch f\xc3\xbcr dich aus unserer Servicetheke. \n \nZutaten: Schweinefleisch, Speisesalz, Dextrose, Maltodextrin, Gew\xc3\xbcrze, Kr\xc3\xa4uter, Kr\xc3\xa4uterextrakte, S\xc3\xa4ureregulator: Natriumlactat, Geschmacksverst\xc3\xa4rker: Mononatriumglutamat, Antioxidationsmittel: Natriumascorbat, Konservierungsstoff: Natriumnitrit, Kaliumnitrat, Fermente, Raucharoma, Rauch. \n \nPfefferh\xc3\xbclle: Pfeffer, St\xc3\xa4rke, MILCHPULVER, Schweinegelatine, Konservierungsstoff: Kaliumsorbat. \n \n100g Produkt bereitet aus 135g Fleisch und 4g Pfeffer. Zutaten & AllergeneAllergenhinweise: nullN\xc3\xa4hrwerteDurchschnittliche N\xc3\xa4hrwerteUnzubereitet pro 100 gEnergie602 kJEnergie143 kcalFett3 gFett, davon ges\xc3\xa4ttigte Fetts\xc3\xa4uren1,1 gKohlenhydrate0,9 gKohlenhydrate, davon Zucker0,9 gEiwei\xc3\x9f28 gSalz4,4 gMaximale Bestellmenge: 15 St\xc3\xbcckF\xc3\xbcr die vorstehenden Angaben wird keine Haftung \xc3\xbcbernommen. Bitte pr\xc3\xbcfen Sie im Einzelfall die Angaben auf der jeweiligen Produktverpackung, nur diese sind verbindlich.Das Produktdesign kann von der Abbildung abweichen.'",Felix-Wankel-Strasse 20,Rewe,Frische & Convenience,2023-07-09,"Gültig ab morgen bis Samstag, 15.07.2023"
REWE Beste Wahl Tagliatelle,https://img.rewe-static.de/REWE_CENTER_HZ28_2023/0118047/22923270-33_digital-image.png?impolicy=s-offers&imwidth=200&output-format=image/webp,,https://shop.rewe.de/p/bergamino-di-bufala-italienischer-weichkaese/8287537,,"je 400-g-Btl , (1 kg = 3.73)",Aktion,"1,49 €","b'ProduktbeschreibungArtikelnummer 118047Hergestellt f\xc3\xbcr: REWE Markt GmbH, D-50603 K\xc3\xb6ln Zutaten & AllergeneZutaten: HARTWEIZENGRIESS, Wasser, VOLLEI* 13%, Raps\xc3\xb6l, Speisesalz.*aus FreilandhaltungAllergenhinweise: Eier und Eierzeugnisse , Glutenhaltiges Getreide (Weizen, Gerste, Roggen, Hafer, Dinkel, Kamut oder Hybridst\xc3\xa4mme)N\xc3\xa4hrwerteDurchschnittliche N\xc3\xa4hrwertepro 100 gEnergie759 kJEnergie180 kcalFett2,5 gFett, davon ges\xc3\xa4ttigte Fetts\xc3\xa4uren0,5 gKohlenhydrate31 gKohlenhydrate, davon Zucker0,5 gEiwei\xc3\x9f7 gSalz0,5 gHinweiseVerwendungshinweise: bei +2 \xc2\xb0C bis +7 \xc2\xb0C lagernArtikeldetailsMarke: REWE Beste WahlUrsprungsland: DeutschlandKontaktKontaktname: Landmanns GmbHKontaktadresse: 91183 Abenberg, DeutschlandMaximale Bestellmenge: 15 St\xc3\xbcckF\xc3\xbcr die vorstehenden Angaben wird keine Haftung \xc3\xbcbernommen. Bitte pr\xc3\xbcfen Sie im Einzelfall die Angaben auf der jeweiligen Produktverpackung, nur diese sind verbindlich.Das Produktdesign kann von der Abbildung abweichen.'",Felix-Wankel-Strasse 20,Rewe,Frische & Convenience,2023-07-09,"Gültig ab morgen bis Samstag, 15.07.2023"
Dermaris Pizzabrötchen,https://img.rewe-static.de/REWE_CENTER_HZ28_2023/1439807/21344536-24_digital-image.png?impolicy=s-offers&imwidth=200&output-format=image/webp,,https://shop.rewe.de/p/bergamino-di-bufala-italienischer-weichkaese/8287537,,"Natur , je 250-g-Pckg , (1 kg = 7.16)",Aktion,"1,79 €","b'ProduktbeschreibungArtikelnummer 1439807Zutaten & AllergeneZutaten: WEIZENMEHL, Trinkwasser, pflanzliche \xc3\x96le (Raps\xc3\xb6l, natives Oliven\xc3\xb6l extra), HARTWEIZENGRIESS, Zucker, Backhefe, Speisesalz.Kann Spuren von Milch und Milcherzeugnissen enthalten.Allergenhinweise: Enth\xc3\xa4lt: Weizen und Weizenerzeugnisse (glutenhaltiges Getreide). Kann enthalten: Milch und Milcherzeugnisse (einschlie\xc3\x9flich Lactose). Milchzucker (Laktose).N\xc3\xa4hrwerteDurchschnittliche N\xc3\xa4hrwerteUnzubereitet pro 100 gEnergie1.064 kJEnergie252 kcalFett4,6 gFett, davon ges\xc3\xa4ttigte Fetts\xc3\xa4uren0,5 gKohlenhydrate44 gKohlenhydrate, davon Zucker3,5 gEiwei\xc3\x9f7,5 gSalz1,53 gHinweiseAufbewahrungs- und Verwendungshinweis: Unge\xc3\xb6ffnet bei unter + 7\xc2\xb0 C mindestens haltbar bis s. MHD.ArtikeldetailsMarke: DermarisUrsprungsland: DeutschlandSorte: NaturKontaktKontaktname: Dermaris GmbHKontaktadresse: Schanzenweg 3D-59557 LippstadtF\xc3\xbcr die vorstehenden Angaben wird keine Haftung \xc3\xbcbernommen. Bitte pr\xc3\xbcfen Sie im Einzelfall die Angaben auf der jeweiligen Produktverpackung, nur diese sind verbindlich.Das Produktdesign kann von der Abbildung abweichen.'",Felix-Wankel-Strasse 20,Rewe,Frische & Convenience,2023-07-09,"Gültig ab morgen bis Samstag, 15.07.2023"
REWE Beste Wahl Frische Pastasauce,https://img.rewe-static.de/REWE_CENTER_HZ28_2023/0941229/20216520-13_digital-image.png?impolicy=s-offers&imwidth=200&output-format=image/webp,,https://shop.rewe.de/p/rewe-beste-wahl-pastasauce-tomate-mozzarella-200g/941229,,"versch. Sorten , je 200-g-Btl , (1 kg = 7.45)",Aktion,"1,49 €","ProduktbeschreibungArtikelnummer 941229Hergestellt für: REWE Markt GmbH, D-50603 Köln Zutaten & AllergeneZutaten: Tomaten 38%, Wasser, CRÈME FRAÎCHE 10%, SAHNE, Mozzarella 5% (MILCH, Speisesalz, Säuerungskulturen, mikrobielles Lab), natives Olivenöl, Zwiebeln, getrocknete Tomaten 4% (Tomaten, Speisesalz), Zucker, jodiertes Speisesalz (Speisesalz, Kaliumjodat), Gewürze, Kräuter.  Kann Spuren von Gluten, Soja, Sellerie und Sesamsamen enthalten.Allergenhinweise: Milch und Milcherzeugnisse (einschließlich Lactose)NährwerteDurchschnittliche Nährwertepro 100 gEnergie484 kJEnergie117 kcalFett8,5 gFett, davon gesättigte Fettsäuren4 gKohlenhydrate6 gKohlenhydrate, davon Zucker4 gEiweiß3 gSalz1 gHinweiseVerwendungshinweise: bei +2 °C bis +7 °C lagernArtikeldetailsMarke: REWE Beste WahlUrsprungsland: DeutschlandSorte: Tomate-MozzarellaKontaktKontaktname: Steinhaus GmbHKontaktadresse: Tenter Weg 13, 42897 Remscheid, DeutschlandFür die vorstehenden Angaben wird keine Haftung übernommen. Bitte prüfen Sie im Einzelfall die Angaben auf der jeweiligen Produktverpackung, nur diese sind verbindlich.Das Produktdesign kann von der Abbildung abweichen.",Felix-Wankel-Strasse 20,Rewe,Frische & Convenience,2023-07-09,"Gültig ab morgen bis Samstag, 15.07.2023"
Reinert Aspik-Aufschnitt,https://img.rewe-static.de/REWE_CENTER_HZ28_2023/8844402/39006025-7_digital-image.png?impolicy=s-offers&imwidth=200&output-format=image/webp,,https://shop.rewe.de/p/rewe-beste-wahl-pastasauce-tomate-mozzarella-200g/941229,,"versch. Sorten , je 100 g",Aktion,"1,19 €","b'ProduktbeschreibungArtikelnummer 8844402Frisch f\xc3\xbcr dich aus unserer Servicetheke.\n\nZutaten: 51% Schweinefleisch, Wasser, 5% Champignons, Branntweinessig, Zucker, Speisegelatine (Schwein), Speisesalz, S\xc3\xa4uerungsmittel: Citronens\xc3\xa4ure; Stabilisator: Diphosphate; Antioxidationsmittel: Natriumascorbat; Konservierungsstoff: Natriumnitrit. Wursth\xc3\xbclle nicht essbar Zutaten & AllergeneAllergenhinweise: nullN\xc3\xa4hrwerteDurchschnittliche N\xc3\xa4hrwerteUnzubereitet pro 100 gEnergie408 kJEnergie97 kcalFett2 gFett, davon ges\xc3\xa4ttigte Fetts\xc3\xa4uren0,8 gKohlenhydrate2,5 gKohlenhydrate, davon Zucker2 gEiwei\xc3\x9f17 gSalz2 gArtikeldetailsMarke: ReinertMaximale Bestellmenge: 15 St\xc3\xbcckF\xc3\xbcr die vorstehenden Angaben wird keine Haftung \xc3\xbcbernommen. Bitte pr\xc3\xbcfen Sie im Einzelfall die Angaben auf der jeweiligen Produktverpackung, nur diese sind verbindlich.Das Produktdesign kann von der Abbildung abweichen.'",Felix-Wankel-Strasse 20,Rewe,Frische & Convenience,2023-07-09,"Gültig ab morgen bis Samstag, 15.07.2023"
Meisterklasse Schinkenzwiebel- mettwurst,https://img.rewe-static.de/REWE_CENTER_HZ28_2023/5926556/3903460-31_digital-image.png?impolicy=s-offers&imwidth=200&output-format=image/webp,,https://shop.rewe.de/p/meisterklasse-schinkenzwiebelmettwurst-200g/5926556,,"je 200-g-Pckg , (1 kg = 9.95)",Aktion,"1,99 €","ProduktbeschreibungArtikelnummer 5926556Zutaten & AllergeneZutaten: Schweinefleisch 94%, jodiertes Speisesalz (Speisesalz, Kaliumjodat), Konservierungsstoff (Natriumnitrit), Säureregulator (Kaliumlactat), Säuerungsmittel (Milchsäure), Zwiebeln, Gewürze, Verdickungsmittel (Guarkernmehl), Antioxidationsmittel (Natriumascorbat, Ascorbinsäure), färbendes Lebensmittel Rote-Bete-Pulver, Gewürzextrakte, Dextrose, Reifekulturen.  Kann Spuren von Sellerie und Senf enthalten Zusatzstoffe: E250, E270, E300, E301, E326, E412NährwerteDurchschnittliche Nährwertepro 100 gEnergie689 kJEnergie165 kcalFett10 gFett, davon gesättigte Fettsäuren4 gKohlenhydrate< 0,5 gKohlenhydrate, davon Zucker< 0,5 gBallaststoffe< 0,5 gEiweiß18 gSalz2,6 gArtikeldetailsMarke: MeisterklasseKontaktKontaktname: OVO Vertriebs-GmbHKontaktadresse: Domstraße 2050668 KölnFür die vorstehenden Angaben wird keine Haftung übernommen. Bitte prüfen Sie im Einzelfall die Angaben auf der jeweiligen Produktverpackung, nur diese sind verbindlich.Das Produktdesign kann von der Abbildung abweichen.",Felix-Wankel-Strasse 20,Rewe,Frische & Convenience,2023-07-09,"Gültig ab morgen bis Samstag, 15.07.2023"
Palatum Partyschale,https://img.rewe-static.de/REWE_CENTER_HZ28_2023/1387047/24370859-16_digital-image.png?impolicy=s-offers&imwidth=200&output-format=image/webp,,https://shop.rewe.de/p/meisterklasse-schinkenzwiebelmettwurst-200g/5926556,,"versch. Sorten , je 270-g-Schale , (1 kg = 14.78)",Aktion,"3,99 €","b'ProduktbeschreibungArtikelnummer 1387047Zutaten & AllergeneZutaten: Oliven gr\xc3\xbcn ohne Stein , Gem\xc3\xbcsek\xc3\xbcrbisse, Champignon gegrillt, Sonnenblumen\xc3\xb6l, FRISCHK\xc3\x84SE (66 % Fett i.Tr., aus Kuhmilch), Kirschpaprika, Oliven\xc3\xb6l, Zucker, Peperoni, Salz, Ahornsirup, Kr\xc3\xa4uter, Gew\xc3\xbcrzmischung, Knoblauch, modifizierte St\xc3\xa4rke (Mais), Festigungsmittel: Calciumchlorid, Antioxidationsmittel: Ascorbins\xc3\xa4ure, S\xc3\xa4uerungsmittel: Milchs\xc3\xa4ure, Citronens\xc3\xa4ure und Essigs\xc3\xa4ure, Konservierungsstoff: Sorbins\xc3\xa4ure und Benzoes\xc3\xa4ure. Spuren von GLUTEN/WEIZEN und SELLERIE m\xc3\xb6glich.Allergenhinweise: Enth\xc3\xa4lt: Milch und Milcherzeugnisse (einschlie\xc3\x9flich Lactose). Kann enthalten: Weizen und Weizenerzeugnisse (glutenhaltiges Getreide). Sellerie und Sellerieerzeugnisse.N\xc3\xa4hrwerteDurchschnittliche N\xc3\xa4hrwerteUnzubereitet pro 100 gEnergie743 kJEnergie180 kcalFett15,6 gFett, davon ges\xc3\xa4ttigte Fetts\xc3\xa4uren3,7 gKohlenhydrate6,2 gKohlenhydrate, davon Zucker5,4 gBallaststoffe2 gEiwei\xc3\x9f2,6 gSalz1,89 gHinweiseAufbewahrungs- und Verwendungshinweis: Bei 4-7 \xc2\xb0C lagern. Nach dem \xc3\x96ffnen innerhalb von 3 Tagen verzehren.Information: Unter Schutzatmosph\xc3\xa4re verpackt.ArtikeldetailsNettof\xc3\xbcllmenge: 270 GEigenschaften: VegetarischUrsprungsland: DeutschlandKontaktKontaktname: Palatum Feinkost KGKontaktadresse: Carl-von-Linde-Str. 28, 85716 Unterschlei\xc3\x9fheim, DEMaximale Bestellmenge: 15 St\xc3\xbcckF\xc3\xbcr die vorstehenden Angaben wird keine Haftung \xc3\xbcbernommen. Bitte pr\xc3\xbcfen Sie im Einzelfall die Angaben auf der jeweiligen Produktverpackung, nur diese sind verbindlich.Das Produktdesign kann von der Abbildung abweichen.'",Felix-Wankel-Strasse 20,Rewe,Frische & Convenience,2023-07-09,"Gültig ab morgen bis Samstag, 15.07.2023"
Old Amsterdam Tasty Grill,https://img.rewe-static.de/REWE_CENTER_HZ28_2023/7644610/39134492-10_digital-image.png?impolicy=s-offers&imwidth=200&output-format=image/webp,,https://shop.rewe.de/p/old-amsterdam-pfannen-grilltaler-140g/7644610,,"je 140-g-Pckg , (1 kg = 19.93)",Aktion,"2,79 €","ProduktbeschreibungArtikelnummer 7644610Mit dem charaktervollen Geschmack von Old Amsterdam. Schnell und einfach auf dem Grill oder in der Pfanne zubereitet. Rezeptinspiration finden Sie auf: www.oldamsterdam.nl.Zutaten & AllergeneZutaten: 69,0% Käse (MILCH (pasteurisiert), Salz, Starterkulturen (enthält MILCH), mikrobieller Labaustauschstoff, Konservierungsstoff (E251),Farbstoff (Carotin)), Wasser, SAHNE, HÜHNEREI-EIWEISSPULVER, StärkeAllergenhinweise: Milch, sahne, hühnerei-eiweißpulver,Enthält: Milch und Milcherzeugnisse (einschließlich Lactose). Milchzucker (Laktose). Eier und Eierzeugnisse.NährwerteDurchschnittliche NährwerteUnzubereitet pro 100 gEnergie1.357 kJEnergie327 kcalFett25 gFett, davon gesättigte Fettsäuren18 gKohlenhydrate4,6 gKohlenhydrate, davon Zucker0,4 gEiweiß21 gSalz1,4 gHinweiseAufbewahrungs- und Verwendungshinweis: Gekühlt lagern bei max 7ºCInformation: Unter Schutzatmosphäre verpacktArtikeldetailsMarke: Old AmsterdamUrsprungsland: DeutschlandKontaktKontaktname: Westland Kaasspecialiteiten B.V.Kontaktadresse: PO box 13, NL-1270AA Huizen, HollandFür die vorstehenden Angaben wird keine Haftung übernommen. Bitte prüfen Sie im Einzelfall die Angaben auf der jeweiligen Produktverpackung, nur diese sind verbindlich.Das Produktdesign kann von der Abbildung abweichen.",Felix-Wankel-Strasse 20,Rewe,Frische & Convenience,2023-07-09,"Gültig ab morgen bis Samstag, 15.07.2023"
Ananas,https://img.rewe-static.de/REWE_CENTER_HZ28_2023/7718364/38355056-8_digital-image.png?impolicy=s-offers&imwidth=200&output-format=image/webp,,https://shop.rewe.de/productList?search=7718364,,"ganz, geschält , je 400-g-Becher , (1 kg = 6.98)",Aktion,"2,79 €",,Felix-Wankel-Strasse 20,Rewe,Frische & Convenience,2023-07-09,"Gültig ab morgen bis Samstag, 15.07.2023"
Mondarella Grill-Camembert,https://img.rewe-static.de/REWE_CENTER_HZ28_2023/7684624/39489687-7_digital-image.png?impolicy=s-offers&imwidth=200&output-format=image/webp,,https://shop.rewe.de/productList?search=7718364,,"versch. Sorten , je 95-g-Pckg , (1 kg = 20.95)",Aktion,"1,99 €","b'ProduktbeschreibungArtikelnummer 7684624Zutaten & AllergeneZutaten: Wasser, pflanzliches Fett (Sheabutter), 10 % Mandeln (gemahlen), native St\xc3\xa4rke, Salz, Verdickungsmittel (Carrageen), Dextrose, nat\xc3\xbcrliches Aroma, Inulin, S\xc3\xa4uerungsmittel (\xc3\x84pfels\xc3\xa4ure), vegane EdelschimmelkulturenAllergenhinweise: Enth\xc3\xa4lt: Mandeln und Mandelerzeugnisse.N\xc3\xa4hrwerteDurchschnittliche N\xc3\xa4hrwerteUnzubereitet pro 100 gEnergie1.001 kJEnergie242 kcalFett21 gFett, davon ges\xc3\xa4ttigte Fetts\xc3\xa4uren9 gKohlenhydrate8,1 gKohlenhydrate, davon Zucker0,9 gBallaststoffe3,1 gEiwei\xc3\x9f3,6 gSalz1,9 gHinweiseAufbewahrungs- und Verwendungshinweis: Unge\xc3\xb6ffnet bei max. +8\xc2\xb0C mindestens haltbar bis: tt.mm.jjjjArtikeldetailsEigenschaften: Laktosefrei, VeganUrsprungsland: DeutschlandKontaktKontaktname: Mondarella GmbHKontaktadresse: Oberwallstr. 6 10117 Berlin, DeutschlandF\xc3\xbcr die vorstehenden Angaben wird keine Haftung \xc3\xbcbernommen. Bitte pr\xc3\xbcfen Sie im Einzelfall die Angaben auf der jeweiligen Produktverpackung, nur diese sind verbindlich.Das Produktdesign kann von der Abbildung abweichen.'",Felix-Wankel-Strasse 20,Rewe,Frische & Convenience,2023-07-09,"Gültig ab morgen bis Samstag, 15.07.2023"
Meister Filet-Räucherling,https://img.rewe-static.de/REWE_CENTER_HZ28_2023/8733656/35461800-10_digital-image.png?impolicy=s-offers&imwidth=200&output-format=image/webp,,https://shop.rewe.de/p/meister-filetraeucherling/8733656,,je 100 g,Aktion,"1,59 €","ProduktbeschreibungArtikelnummer 8733656Frisch für dich aus unserer Servicetheke.

Zutaten: Schweinefleisch, jodiertes Speisesalz (Speisesalz, Kaliumjodat), Würze, Dextrose, Glucosesirup, Gewürzextrakte, Antioxidations- mittel (Natriumascorbat), Stabilisator (Diposphate), Konservierungsstoff (Natriumnitrit, Natriumacetate), Buchenholzrauch.

Nährwerte je 100g:
Energie: 474kJ
Energie: 112kcal
Fett: 2g
Fett, davon gesättigte Fettsäuren: 0,8g
Kohlenhydrate: 0,5g
Kohlenhydrate, davon Zucker: 0,5g
Eiweiß: 23g
Salz: 2,5g Für die vorstehenden Angaben wird keine Haftung übernommen. Bitte prüfen Sie im Einzelfall die Angaben auf der jeweiligen Produktverpackung, nur diese sind verbindlich.Das Produktdesign kann von der Abbildung abweichen.",Felix-Wankel-Strasse 20,Rewe,Frische & Convenience,2023-07-09,"Gültig ab morgen bis Samstag, 15.07.2023"
Houdek Kabanos,https://img.rewe-static.de/REWE_CENTER_HZ28_2023/0147757/1513960-88_digital-image.png?impolicy=s-offers&imwidth=200&output-format=image/webp,,https://shop.rewe.de/p/houdek-kabanos-kaese-150g/147757,,"versch. Sorten , je 150-g-Pckg , (1 kg = 13.27)",Aktion,"1,99 €","ProduktbeschreibungArtikelnummer 147757Mit Käse aus Heumilch verfeinert. Im Sommer bekommen die Kühe für die Heumilch Gräser undKräuter auf der Weide, im Winter Heu.Zutaten & AllergeneZutaten: Schweinefleisch, HARTKÄSE (aus Heumilch g.t.S.)* 45% Fett i.Tr., jodiertes Speisesalz (Speisesalz, Kaliumiodat), Gewürze, getrockneter Glucosesirup, Zucker, Dextrose, Antioxidationsmittel: Natriumascorbat, Ascorbinsäure; Konservierungsstoff: Natriumnitrit, Naturdarm (Schwein),Buchenholzrauch. *mit Rohmilch hergestellt100g sind hergestellt aus 100g Schweinefleisch und 19g HARTKÄSE. Kann Spuren von SENF und SELLERIE enthalten.Allergenhinweise: Enthält: Milch und Milcherzeugnisse (einschließlich Lactose).NährwerteDurchschnittliche NährwerteUnzubereitet pro 100 gEnergie1.300 kJEnergie313 kcalFett24 gFett, davon gesättigte Fettsäuren11 gKohlenhydrate2 gKohlenhydrate, davon Zucker1,5 gBallaststoffe0,5 gEiweiß22 gSalz2,5 gHinweiseAufbewahrungs- und Verwendungshinweis: Nach dem Öffnen auch gekühlt nur begrenzt haltbar.Information: Unter Schutzatmosphäre verpackt.ArtikeldetailsMarke: HoudekUrsprungsland: DeutschlandKontaktKontaktname: Rudolf und Robert Houdek GmbHKontaktadresse: 82319 StarnbergFür die vorstehenden Angaben wird keine Haftung übernommen. Bitte prüfen Sie im Einzelfall die Angaben auf der jeweiligen Produktverpackung, nur diese sind verbindlich.Das Produktdesign kann von der Abbildung abweichen.",Felix-Wankel-Strasse 20,Rewe,Frische & Convenience,2023-07-09,"Gültig ab morgen bis Samstag, 15.07.2023"
Palatum Mammut Oliven,https://img.rewe-static.de/REWE_CENTER_HZ28_2023/3356124/22260138-4_digital-image.png?impolicy=s-offers&imwidth=200&output-format=image/webp,,https://shop.rewe.de/p/gruene-mammut-oliven-mit-paprika-ca-100g/3356124,,"mit Paprika gefüllt , je 100 g",Aktion,"1,79 €","ProduktbeschreibungArtikelnummer 3356124Frisch für dich aus unserer Servicetheke. grüne griechische Mammut Oliven, mit Paprika gefüllt, in Öl und frischenKräutern eingelegtZutaten & AllergeneZutaten: Grüne Oliven mit Naturpaprika (80%) (grüne Oliven, Paprika (15%), Salz, Säuerungsmittel: Citronensäure und Milchsäure; Antioxidationsmittel: Ascorbinsäure); Rapsöl, Knoblauch, Kräuter, Olivenöl, Konservierungsstoff: Sorbinsäure. Kann Spuren von MILCH/LACTOSE und MANDELN/NÜSSEN enthalten.Allergenhinweise: Enthält: Keine deklarationspflichtigen Allergene enthalten. Kann enthalten: Nüsse und Nusserzeugnisse. Mandeln und Mandelerzeugnisse. Milch und Milcherzeugnisse (einschließlich Lactose).NährwerteDurchschnittliche NährwerteUnzubereitet pro 100 gEnergie1.208 kJEnergie294 kcalFett31 gFett, davon gesättigte Fettsäuren3,3 gKohlenhydrate1,3 gKohlenhydrate, davon Zucker0,1 gEiweiß1,3 gSalz2,43 gHinweiseAufbewahrungs- und Verwendungshinweis: Unter +7°C lagern, nach dem Öffnen innerhalb kurzer Zeit verzehren.Information: Verdickungsmittel: E401 (Natriumalginat), E412 (Guarkernmehl);Antioxidationsmittel: E300 (Ascorbinsäure);Säuerungsmittel: E330 (Citronensäure), E270 (Milchsäure); Konservierungsstoff: E202 (Kaliumsorbat);Festigungsmittel: E509 (Calciumchlorid); Unter Schutzatmosphäre verpackt.ArtikeldetailsNettofüllmenge: 0,8 KGUrsprungsland: DeutschlandAbtropfgewicht: 700 gKontaktKontaktname: Palatum Feinkost KGKontaktadresse: Carl-von-Linde-Str. 28, 85716 UnterschleißheimFür die vorstehenden Angaben wird keine Haftung übernommen. Bitte prüfen Sie im Einzelfall die Angaben auf der jeweiligen Produktverpackung, nur diese sind verbindlich.Das Produktdesign kann von der Abbildung abweichen.Bei abgewogenen Waren zahlen Sie die im Markt tatsächlich gewogene Menge. Der bei Abholung oder Lieferung zu zahlende Betrag kann deshalb von dem hier angegebenen Betrag abweichen. Für die Berechnung des hier angegebenen Betrags wird ein Durchschnittsgewicht des jeweiligen Artikels zu Grunde gelegt.",Felix-Wankel-Strasse 20,Rewe,Frische & Convenience,2023-07-09,"Gültig ab morgen bis Samstag, 15.07.2023"
Garnelen,https://img.rewe-static.de/REWE_CENTER_HZ28_2023/9163107/22260227-5_digital-image.png?impolicy=s-offers&imwidth=200&output-format=image/webp,,https://shop.rewe.de/p/franz-crevetten-gekocht/9163107,,"mit Kopf und Schale, gegart, getaut , je 100 g",Aktion,"1,89 €","ProduktbeschreibungArtikelnummer 9163107Frisch für dich aus unserer Servicetheke. Zutaten & AllergeneZutaten: 1) GARNELEN 99 %, Salz, Zucker, Konservierungsstoff: NATRIUMMETABISULFIT, Säuerungsmittel: Citronensäure 2) GARNELEN 99 %, Salz, Konservierungsstoff: NATRIUMMETABISULFIT, Säuerungsmittel: CitronensäureAllergenhinweise: Enthält: Krebstiere und Krebstiererzeugnisse. Schwefeldioxid und Sulfite.NährwerteDurchschnittliche NährwerteUnzubereitet pro 100 gEnergie437 kJEnergie103 kcalFett1,8 gFett, davon gesättigte Fettsäuren0,4 gKohlenhydrate0 gKohlenhydrate, davon Zucker0 gEiweiß21,8 gSalz1,8 gHinweiseAufbewahrungs- und Verwendungshinweis: Gekühlt bei 0 - 2 °CInformation: Unter Schutzatmosphäre verpackt, geschwefeltArtikeldetailsUrsprungsland: DeutschlandKontaktKontaktname: Deutsche See GmbHKontaktadresse: Maifischstrasse 3-9, 27572 BremerhavenFür die vorstehenden Angaben wird keine Haftung übernommen. Bitte prüfen Sie im Einzelfall die Angaben auf der jeweiligen Produktverpackung, nur diese sind verbindlich.Das Produktdesign kann von der Abbildung abweichen.",Felix-Wankel-Strasse 20,Rewe,Frische & Convenience,2023-07-09,"Gültig ab morgen bis Samstag, 15.07.2023"
Rinder-Pfanne »Stroganoff«,https://img.rewe-static.de/REWE_CENTER_HZ28_2023/0505230/34645528-6_digital-image.png?impolicy=s-offers&imwidth=200&output-format=image/webp,,https://shop.rewe.de/productList?search=505230,,"Rindergeschnetzeltes mit Zwiebeln und Gurken in Würzsauce, mit Sahne verfeinert , je 100 g",Aktion,"1,49 €",,Felix-Wankel-Strasse 20,Rewe,Frische & Convenience,2023-07-09,"Gültig ab morgen bis Samstag, 15.07.2023"
Meica Bratmaxe,https://img.rewe-static.de/REWE_CENTER_HZ28_2023/8559132/32684863-3_digital-image.png?impolicy=s-offers&imwidth=200&output-format=image/webp,,https://shop.rewe.de/productList?search=505230,,"für Grill & Pfanne, versch. Sorten , je 560-g-Pckg , (1 kg = 10.70)",Aktion,"5,99 €",nan,Felix-Wankel-Strasse 20,Rewe,Frische & Convenience,2023-07-09,"Gültig ab morgen bis Samstag, 15.07.2023"
Teres Major,https://img.rewe-static.de/REWE_CENTER_HZ28_2023/8497452/30762701-8_digital-image.png?impolicy=s-offers&imwidth=200&output-format=image/webp,,https://shop.rewe.de/productList?search=8497452,,"aus Irland , je 100 g",Aktion,"1,99 €",,Felix-Wankel-Strasse 20,Rewe,Frische & Convenience,2023-07-09,"Gültig ab morgen bis Samstag, 15.07.2023"
Rinder-Brust,https://img.rewe-static.de/REWE_CENTER_HZ28_2023/3473023/39614801-2_digital-image.png?impolicy=s-offers&imwidth=200&output-format=image/webp,,https://shop.rewe.de/p/rinderbrust-ohne-knochen/3473023,,"ohne Knochen , je 100 g",Aktion,"0,99 €","ProduktbeschreibungArtikelnummer 3473023Frisch für dich aus unserer Servicetheke. Für die vorstehenden Angaben wird keine Haftung übernommen. Bitte prüfen Sie im Einzelfall die Angaben auf der jeweiligen Produktverpackung, nur diese sind verbindlich.Das Produktdesign kann von der Abbildung abweichen.",Felix-Wankel-Strasse 20,Rewe,Frische & Convenience,2023-07-09,"Gültig ab morgen bis Samstag, 15.07.2023"
Bonduelle Gartensalat,https://img.rewe-static.de/REWE_CENTER_HZ28_2023/2284666/27054891-28_digital-image.png?impolicy=s-offers&imwidth=200&output-format=image/webp,,https://shop.rewe.de/p/rinderbrust-ohne-knochen/3473023,,"je 150-g-Pckg , (1 kg = 11.93)",Aktion,"1,79 €","b'ProduktbeschreibungArtikelnummer 2284666Zutaten & AllergeneZutaten: Gr\xc3\xbcner Salanova-Kopfsalat, roter Salatnova-Kopfsalat, PetersilieN\xc3\xa4hrwerteDurchschnittliche N\xc3\xa4hrwerteUnzubereitet pro 100 gEnergie64 kJEnergie15 kcalFett0,2 gFett, davon ges\xc3\xa4ttigte Fetts\xc3\xa4uren0 gKohlenhydrate1,3 gKohlenhydrate, davon Zucker1 gBallaststoffe1,5 gEiwei\xc3\x9f1,3 gSalz0,02 gHinweiseAufbewahrungs- und Verwendungshinweis: K\xc3\xbchl lagern bei +2\xc2\xb0 bis +7\xc2\xb0C.Information: Unter Schutzatmosph\xc3\xa4re verpacktArtikeldetailsMarke: BonduelleUrsprungsland: DeutschlandKontaktKontaktname: Bonduelle Deutschland GmbHKontaktadresse: Am Heilbrunnen 136/13872766 ReutlingenMaximale Bestellmenge: 15 St\xc3\xbcckF\xc3\xbcr die vorstehenden Angaben wird keine Haftung \xc3\xbcbernommen. Bitte pr\xc3\xbcfen Sie im Einzelfall die Angaben auf der jeweiligen Produktverpackung, nur diese sind verbindlich.Das Produktdesign kann von der Abbildung abweichen.'",Felix-Wankel-Strasse 20,Rewe,Frische & Convenience,2023-07-09,"Gültig ab morgen bis Samstag, 15.07.2023"
Kabeljau-Filet,https://img.rewe-static.de/REWE_CENTER_HZ28_2023/1946152/27766870-8_digital-image.png?impolicy=s-offers&imwidth=200&output-format=image/webp,,https://shop.rewe.de/p/msc-kablejaufile-1000g/1946152,,"weißes, saftiges, fettarmes Fleisch , je 100 g",Aktion,"2,29 €","ProduktbeschreibungArtikelnummer 1946152Frisch für dich aus unserer Servicetheke. Zutaten & AllergeneZutaten: KABELJAUFIELTAllergenhinweise: Enthält: Fisch und Fischerzeugnisse.NährwerteDurchschnittliche NährwerteUnzubereitet pro 100 gEnergie332 kJEnergie79 kcalFett0,84 gFett, davon gesättigte Fettsäuren0,2 gKohlenhydrate0 gKohlenhydrate, davon Zucker0 gEiweiß17,7 gSalz0,18 gHinweiseAufbewahrungs- und Verwendungshinweis: 0 bis +2°C oder unter schmelzendem EisInformation: lat. Bezeichnung, FanggebietArtikeldetailsUrsprungsland: DeutschlandKontaktKontaktname: Schüttler & Seifert GmbHKontaktadresse: An der Packhalle XIII Abt. 9, 27572 BremerhavenFür die vorstehenden Angaben wird keine Haftung übernommen. Bitte prüfen Sie im Einzelfall die Angaben auf der jeweiligen Produktverpackung, nur diese sind verbindlich.Das Produktdesign kann von der Abbildung abweichen.",Felix-Wankel-Strasse 20,Rewe,Frische & Convenience,2023-07-09,"Gültig ab morgen bis Samstag, 15.07.2023"
Krone Räucher-Lachs,https://img.rewe-static.de/REWE_CENTER_HZ28_2023/3264868/26395435-15_digital-image.png?impolicy=s-offers&imwidth=200&output-format=image/webp,,https://shop.rewe.de/p/krone-raeucher-lachs-150g/3264868,,"je 150-g-Pckg , (1 kg = 29.93)",Aktion,"4,49 €","ProduktbeschreibungArtikelnummer 3264868Zutaten & AllergeneZutaten: LACHS, Speisesalz, Säureregulator: Natriumlactat, Edelholzrauch.Allergenhinweise: Enthält:NährwerteDurchschnittliche NährwerteUnzubereitet pro 100 gEnergie750 kJEnergie180 kcalFett11 gFett, davon gesättigte Fettsäuren2 gFett, davon einfach ungesättigte Fettsäuren5,3 gFett, davon mehrfach ungesättigte Fettsäuren3,3 gKohlenhydrate< 0,5 gKohlenhydrate, davon Zucker< 0,5 gEiweiß21 gSalz3,07 gHinweiseAufbewahrungs- und Verwendungshinweis: Bei max. +7°C zu verbrauchen bis: siehe Aufdruck/Zusatzetikett.ArtikeldetailsMarke: KroneUrsprungsland: Europäische UnionPackungsgröße: 150gKontaktKontaktname: KRONE GMBHKontaktadresse: D-61449 Steinbach (Taunus)Für die vorstehenden Angaben wird keine Haftung übernommen. Bitte prüfen Sie im Einzelfall die Angaben auf der jeweiligen Produktverpackung, nur diese sind verbindlich.Das Produktdesign kann von der Abbildung abweichen.",Felix-Wankel-Strasse 20,Rewe,Frische & Convenience,2023-07-09,"Gültig ab morgen bis Samstag, 15.07.2023"
Werz Käseknacker,https://img.rewe-static.de/REWE_CENTER_HZ28_2023/0560657/23781380-9_digital-image.png?impolicy=s-offers&imwidth=200&output-format=image/webp,,https://shop.rewe.de/p/krone-raeucher-lachs-150g/3264868,,je 100 g,Aktion,"1,29 €","b'ProduktbeschreibungArtikelnummer 50677N\xc3\xa4hrwerteDurchschnittliche N\xc3\xa4hrwerteUnzubereitet pro 1 lKalium1,5 mgChlorid5,2 mgCalcium16,2 mgMagnesium3,1 mgMangan< 0,05 mgBikarbonat8 mgNatrium6,8 mgNitrate< 1 mgSulfat 4+55 mgHinweiseAufbewahrungs- und Verwendungshinweis: Bitte k\xc3\xbchl, trocken und lichtgesch\xc3\xbctzt lagern.Information: aus der Bad Liebenwerda Mineralquelle, Bad Liebenwerda, Analysenauszug vom15.11.17 des SGS INSTITUT FRESENIUS, best\xc3\xa4tigt durch laufende KontrollenArtikeldetailsMarke: Bad LiebenwerdaNettof\xc3\xbcllmenge: 0,5 LKontaktKontaktname: Mineralquellen Bad Liebenwerda GmbHKontaktadresse: 04924 Bad LiebenwerdaF\xc3\xbcr die vorstehenden Angaben wird keine Haftung \xc3\xbcbernommen. Bitte pr\xc3\xbcfen Sie im Einzelfall die Angaben auf der jeweiligen Produktverpackung, nur diese sind verbindlich.Das Produktdesign kann von der Abbildung abweichen.'",Felix-Wankel-Strasse 20,Rewe,Frische & Convenience,2023-07-09,"Gültig ab morgen bis Samstag, 15.07.2023"
Butcher’s Burger Patties,https://img.rewe-static.de/REWE_CENTER_HZ28_2023/7938024/33031415-14_digital-image.png?impolicy=s-offers&imwidth=200&output-format=image/webp,,https://shop.rewe.de/p/krone-raeucher-lachs-150g/3264868,,"vom Rind, versch. Sorten , je 230-g-Pckg , (1 kg = 15.17)",Aktion,"3,49 €","ProduktbeschreibungArtikelnummer 7938024Zutaten & AllergeneZutaten: Rindfleisch 98 %, Speisesalz, Gewürze, Gewürzextrakte, Antioxidationsmittel Ascorbinsäure.  Kann Spuren von Senf und Sellerie enthalten.NährwerteDurchschnittliche Nährwertepro 100 gEnergie1.038 kJEnergie250 kcalFett20 gFett, davon gesättigte Fettsäuren8 gKohlenhydrate0,5 gKohlenhydrate, davon Zucker0,5 gBallaststoffe0 gEiweiß17 gSalz1,5 gArtikeldetailsMarke: Butcher's BurgerFür die vorstehenden Angaben wird keine Haftung übernommen. Bitte prüfen Sie im Einzelfall die Angaben auf der jeweiligen Produktverpackung, nur diese sind verbindlich.Das Produktdesign kann von der Abbildung abweichen.",Felix-Wankel-Strasse 20,Rewe,Frische & Convenience,2023-07-09,"Gültig ab morgen bis Samstag, 15.07.2023"
Forelle,https://img.rewe-static.de/REWE_CENTER_HZ28_2023/9208593/22260257-3_digital-image.png?impolicy=s-offers&imwidth=200&output-format=image/webp,,https://shop.rewe.de/p/stoever-lachsforelle-rotfischfilet-100g/9208593,,"rotfleischig, ideal zum Braten und Garen in Folie , je 100 g",Aktion,"1,49 €","ProduktbeschreibungArtikelnummer 9208593Frisch für dich aus unserer Servicetheke. Für die vorstehenden Angaben wird keine Haftung übernommen. Bitte prüfen Sie im Einzelfall die Angaben auf der jeweiligen Produktverpackung, nur diese sind verbindlich.Das Produktdesign kann von der Abbildung abweichen.",Felix-Wankel-Strasse 20,Rewe,Frische & Convenience,2023-07-09,"Gültig ab morgen bis Samstag, 15.07.2023"
REWE Beste Wahl Lasagne Bolognese,https://img.rewe-static.de/REWE_CENTER_HZ28_2023/2316984/23559547-28_digital-image.png?impolicy=s-offers&imwidth=200&output-format=image/webp,,https://shop.rewe.de/p/stoever-lachsforelle-rotfischfilet-100g/9208593,,"je 400-g-Pckg , (1 kg = 5.73)",Aktion,"2,29 €","b'ProduktbeschreibungArtikelnummer 2316984Zutaten & AllergeneZutaten: Wasser, Rindfleisch gegart 14%, HARTWEIZENGRIESS, Tomatenkonzentrat 7%, Tomaten 6%, Emmentaler 6%, modifizierte St\xc3\xa4rke, Zwiebeln, Raps\xc3\xb6l, St\xc3\xa4rke, MILCHPULVER, WEIZENMEHL, Speisesalz, Gew\xc3\xbcrze, Gew\xc3\xbcrzextrakte, Dextrose, Zucker, Branntweinessigpulver, Kr\xc3\xa4uter, Olivenextrakt.  Kann Spuren von Ei, Soja und Sellerie enthalten.N\xc3\xa4hrwerteDurchschnittliche N\xc3\xa4hrwertepro 100 gEnergie549 kJEnergie131 kcalFett5,7 gFett, davon ges\xc3\xa4ttigte Fetts\xc3\xa4uren2,6 gKohlenhydrate13,4 gKohlenhydrate, davon Zucker2,5 gEiwei\xc3\x9f6 gSalz0,89 gHinweiseVerwendungshinweise: bei +2 \xc2\xb0C bis +7 \xc2\xb0C lagernArtikeldetailsMarke: REWE Beste WahlUrsprungsland: \xc3\x96sterreichKontaktKontaktname: Condeli GmbHKontaktadresse: Gewerbepark 1, 4193 Reichenthal, \xc3\x96sterreichMaximale Bestellmenge: 15 St\xc3\xbcckF\xc3\xbcr die vorstehenden Angaben wird keine Haftung \xc3\xbcbernommen. Bitte pr\xc3\xbcfen Sie im Einzelfall die Angaben auf der jeweiligen Produktverpackung, nur diese sind verbindlich.Das Produktdesign kann von der Abbildung abweichen.'",Felix-Wankel-Strasse 20,Rewe,Frische & Convenience,2023-07-09,"Gültig ab morgen bis Samstag, 15.07.2023"
Flat Iron Steak,https://img.rewe-static.de/REWE_CENTER_HZ28_2023/8501979/39615037-2_digital-image.png?impolicy=s-offers&imwidth=200&output-format=image/webp,,https://shop.rewe.de/p/irisch-flat-iron/8501979,,"aus Irland , je 100 g",Aktion,"1,89 €","ProduktbeschreibungArtikelnummer 8501979Frisch für dich aus unserer Servicetheke. Für die vorstehenden Angaben wird keine Haftung übernommen. Bitte prüfen Sie im Einzelfall die Angaben auf der jeweiligen Produktverpackung, nur diese sind verbindlich.Das Produktdesign kann von der Abbildung abweichen.",Felix-Wankel-Strasse 20,Rewe,Frische & Convenience,2023-07-09,"Gültig ab morgen bis Samstag, 15.07.2023"
Flanksteak,https://img.rewe-static.de/REWE_CENTER_HZ28_2023/8050572/26091639-8_digital-image.png?impolicy=s-offers&imwidth=200&output-format=image/webp,,https://shop.rewe.de/productList?search=8050572,,"aus Irland , je 100 g",Aktion,"1,49 €",,Felix-Wankel-Strasse 20,Rewe,Frische & Convenience,2023-07-09,"Gültig ab morgen bis Samstag, 15.07.2023"
Greenforce Vegane Fleischalternative,https://img.rewe-static.de/REWE_CENTER_HZ28_2023/8678106/34780508-16_digital-image.png?impolicy=s-offers&imwidth=200&output-format=image/webp,,https://shop.rewe.de/productList?search=8050572,,"versch. Sorten , je 180-g-Pckg , (1 kg = 14.94)",Aktion,"2,69 €","b'ProduktbeschreibungArtikelnummer 8678106Zutaten & AllergeneZutaten: Trinkwasser, 13% texturiertes Erbsenprotein (Erbsenprotein, Erbsenextrakt), Paprika, Raps\xc3\xb6l, Gew\xc3\xbcrze, Sonnenblumenkerne teilent\xc3\xb6lt, Zwiebeln, Kokosfett(ganz geh\xc3\xa4rtet), Verdickungsmittel: Methylcellulose, Cellulose; 3% Erbsenmehl, 2% Erbseneiwei\xc3\x9f, Speisesalz, Kartoffelst\xc3\xa4rke, Aromen, Rauch, S\xc3\xa4ureregulatoren: Kaliumlactat, Natriumacetate; Maltodextrin.Allergenhinweise: Kann enthalten: Soja und Sojaerzeugnisse. Glutenhaltiges Getreide und glutenhaltige Getreideerzeugnisse. Senf- und Senferzeugnisse.N\xc3\xa4hrwerteDurchschnittliche N\xc3\xa4hrwerteUnzubereitet pro 100 gEnergie972 kJEnergie234 kcalFett16 gFett, davon ges\xc3\xa4ttigte Fetts\xc3\xa4uren4 gKohlenhydrate6,5 gKohlenhydrate, davon Zucker1,5 gBallaststoffe6 gEiwei\xc3\x9f13 gSalz2,2 gHinweiseAufbewahrungs- und Verwendungshinweis: im K\xc3\xbchlschrank bei max. 7\xc2\xb0 GradArtikeldetailsMarke: GREENFORCEEigenschaften: VeganKontaktKontaktname: Greenforce Future Food AGKontaktadresse: Tal 12, D-80331 M\xc3\xbcnchenF\xc3\xbcr die vorstehenden Angaben wird keine Haftung \xc3\xbcbernommen. Bitte pr\xc3\xbcfen Sie im Einzelfall die Angaben auf der jeweiligen Produktverpackung, nur diese sind verbindlich.Das Produktdesign kann von der Abbildung abweichen.'",Felix-Wankel-Strasse 20,Rewe,Frische & Convenience,2023-07-09,"Gültig ab morgen bis Samstag, 15.07.2023"
Lamm-Keule,https://img.rewe-static.de/REWE_CENTER_HZ28_2023/0499226/3251580-11_digital-image.png?impolicy=s-offers&imwidth=200&output-format=image/webp,,https://shop.rewe.de/productList?search=8050572,,"mit Röhrenknochen, SB-verpackt , je 1 kg",Aktion,"11,99 €",nan,Felix-Wankel-Strasse 20,Rewe,Frische & Convenience,2023-07-09,"Gültig ab morgen bis Samstag, 15.07.2023"
Yayla Sucuk,https://img.rewe-static.de/REWE_CENTER_HZ28_2023/0811795/20910223-21_digital-image.png?impolicy=s-offers&imwidth=200&output-format=image/webp,,https://shop.rewe.de/p/yayla-sucuk-250g/811795,,"Knoblauchwurst , je 250-g-Pckg , (1 kg = 11.96)",Aktion,"2,99 €","ProduktbeschreibungArtikelnummer 811795Knoblauchwurst. Zutaten & AllergeneZutaten: 115g Fleisch (Rind), Sojaeiweiß, Gewürze, Zuckerstoffe, Nitripökelsalz E 250, Antioxidationsmittel E300, Geschmacksverstärker E621, Farbstoff E162.bezogen auf 100g Fertigerzeugnis.NährwerteDurchschnittliche NährwerteUnzubereitet pro 100 gEnergie1.049,2 kJEnergie250,6 kcalFett15,2 gFett, davon gesättigte Fettsäuren6,3 gKohlenhydrate4,4 gKohlenhydrate, davon Zucker0,1 gEiweiß23,9 gSalz0,55 gArtikeldetailsMarke: YaylaUrsprungsland: NiederlandeKontaktKontaktname: Yayla Türk GmbHKontaktadresse: Emil-Schäfer-Str. 18 47800 KrefeldFür die vorstehenden Angaben wird keine Haftung übernommen. Bitte prüfen Sie im Einzelfall die Angaben auf der jeweiligen Produktverpackung, nur diese sind verbindlich.Das Produktdesign kann von der Abbildung abweichen.",Felix-Wankel-Strasse 20,Rewe,Frische & Convenience,2023-07-09,"Gültig ab morgen bis Samstag, 15.07.2023"
Schweine-Nacken,https://img.rewe-static.de/REWE_CENTER_HZ28_2023/3468321/29796119-6_digital-image.png?impolicy=s-offers&imwidth=200&output-format=image/webp,,https://shop.rewe.de/p/yayla-sucuk-250g/811795,,"ohne Knochen, am Stück oder in Scheiben, Haltungsform 2 , je 100 g",Aktion,"0,69 €","b'ProduktbeschreibungArtikelnummer 3468321Frisch f\xc3\xbcr dich aus unserer Servicetheke. NachhaltigkeitWeitere Informationen zu den Siegeln findest du in unserer Siegelkunde.F\xc3\xbcr die vorstehenden Angaben wird keine Haftung \xc3\xbcbernommen. Bitte pr\xc3\xbcfen Sie im Einzelfall die Angaben auf der jeweiligen Produktverpackung, nur diese sind verbindlich.Das Produktdesign kann von der Abbildung abweichen.'",Felix-Wankel-Strasse 20,Rewe,Frische & Convenience,2023-07-09,"Gültig ab morgen bis Samstag, 15.07.2023"
Schweine-Geschnetzeltes,https://img.rewe-static.de/REWE_CENTER_HZ28_2023/8348783/37347909-6_digital-image.png?impolicy=s-offers&imwidth=200&output-format=image/webp,,https://shop.rewe.de/productList?search=8348783,,"natur oder gewürzt , je 100 g",Aktion,"1,59 €",,Felix-Wankel-Strasse 20,Rewe,Frische & Convenience,2023-07-09,"Gültig ab morgen bis Samstag, 15.07.2023"
Spanferkel-Cevapcici,https://img.rewe-static.de/REWE_CENTER_HZ28_2023/8405213/31022150-11_digital-image.png?impolicy=s-offers&imwidth=200&output-format=image/webp,,https://shop.rewe.de/productList?search=8348783,,"je 300-g-Pckg , (1 kg = 9.97)",Aktion,"2,99 €","b'ProduktbeschreibungArtikelnummer 8405213Zutaten & AllergeneZutaten: Spanferkelfleisch (98%), jodiertes Speisesalz (Kochsalz, Kaliumjodat), Speisesalz, Zwiebel, Gew\xc3\xbcrze, W\xc3\xbcrze, Glukosesirup, Knoblauch, Gew\xc3\xbcrzextrakte, Stabilisator: E 262, E331; Dextrose, St\xc3\xa4rke.Allergenhinweise: Enth\xc3\xa4lt: Keine deklarationspflichtigen Allergene enthalten.N\xc3\xa4hrwerteDurchschnittliche N\xc3\xa4hrwerteUnzubereitet pro 100 gEnergie929 kJEnergie223 kcalFett13,3 gFett, davon ges\xc3\xa4ttigte Fetts\xc3\xa4uren5,1 gKohlenhydrate6,2 gKohlenhydrate, davon Zucker1,8 gEiwei\xc3\x9f19,5 gSalz2,5 gHinweiseAufbewahrungs- und Verwendungshinweis: unge\xc3\xb6ffnet und gek\xc3\xbchlt bei +2\xc2\xb0C bis +4\xc2\xb0C zu verbrauchen bis: siehe VerpackungsaufdruckArtikeldetailsMarke: BeckUrsprungsland: Europ\xc3\xa4ische UnionNachhaltigkeitWeitere Informationen zu den Siegeln findest du in unserer Siegelkunde.KontaktKontaktname: Beck GmbH & Co. KGKontaktadresse: Flurweg 21, 74635 Neu-KupferF\xc3\xbcr die vorstehenden Angaben wird keine Haftung \xc3\xbcbernommen. Bitte pr\xc3\xbcfen Sie im Einzelfall die Angaben auf der jeweiligen Produktverpackung, nur diese sind verbindlich.Das Produktdesign kann von der Abbildung abweichen.'",Felix-Wankel-Strasse 20,Rewe,Frische & Convenience,2023-07-09,"Gültig ab morgen bis Samstag, 15.07.2023"
Fjordforellen-Filet,https://img.rewe-static.de/REWE_CENTER_HZ28_2023/1281163/22259674-10_digital-image.png?impolicy=s-offers&imwidth=200&output-format=image/webp,,https://shop.rewe.de/p/fjordforellen-filet/1281163,,"aus Norwegens Fjorden, mit Haut, festes tiefrotes Fleisch, mild im Geschmack , je 100 g",Aktion,"2,79 €","ProduktbeschreibungArtikelnummer 1281163Frisch für dich aus unserer Servicetheke. Zutaten & AllergeneZutaten: LACHSFORELLENFILETAllergenhinweise: Enthält: Fisch und Fischerzeugnisse.HinweiseAufbewahrungs- und Verwendungshinweis: Bei 0-2°C lagernArtikeldetailsUrsprungsland: DeutschlandKontaktKontaktname: Deutsche See GmbHKontaktadresse: Maifischstrasse 3-9, 27572 BremerhavenFür die vorstehenden Angaben wird keine Haftung übernommen. Bitte prüfen Sie im Einzelfall die Angaben auf der jeweiligen Produktverpackung, nur diese sind verbindlich.Das Produktdesign kann von der Abbildung abweichen.",Felix-Wankel-Strasse 20,Rewe,Frische & Convenience,2023-07-09,"Gültig ab morgen bis Samstag, 15.07.2023"
Stielkotelett,https://img.rewe-static.de/REWE_CENTER_HZ28_2023/3666352/39614637-2_digital-image.png?impolicy=s-offers&imwidth=200&output-format=image/webp,,https://shop.rewe.de/productList?search=3666352,,je 100 g,Aktion,"1,19 €",,Felix-Wankel-Strasse 20,Rewe,Frische & Convenience,2023-07-09,"Gültig ab morgen bis Samstag, 15.07.2023"
Aoste Ringsalami,https://img.rewe-static.de/REWE_CENTER_HZ28_2023/2152240/2456630-90_digital-image.png?impolicy=s-offers&imwidth=200&output-format=image/webp,,https://shop.rewe.de/productList?search=3666352,,"luftgetrocknet , je 250-g-Pckg , (1 kg = 17.96)",Aktion,"4,49 €","b'ProduktbeschreibungArtikelnummer 2152240Zutaten & AllergeneZutaten: Schweinefleisch, Salz, LAKTOSE, Dextrose, Zucker, Gew\xc3\xbcrze, Konservierungsstoffe: Kaliumnitrat, Natriumnitrit; Starterkulturen. Salami-H\xc3\xbclle nicht essbar. Bitte vor Verzehr entfernen. Kann Spuren von Schalenfr\xc3\xbcchten und Milcheiwei\xc3\x9fen enthalten. 100 g Salami werden aus 160 g Schweinefleisch hergestellt.Allergenhinweise: Enth\xc3\xa4lt LAKTOSE.Enth\xc3\xa4lt: Milchzucker (Laktose). Kann enthalten: N\xc3\xbcsse und Nusserzeugnisse. Milch und Milcherzeugnisse (einschlie\xc3\x9flich Lactose).N\xc3\xa4hrwerteDurchschnittliche N\xc3\xa4hrwerteUnzubereitet pro 100 gEnergie1.845 kJEnergie445 kcalFett37 gFett, davon ges\xc3\xa4ttigte Fetts\xc3\xa4uren15 gKohlenhydrate2 gKohlenhydrate, davon Zucker1,5 gEiwei\xc3\x9f26 gSalz5 gHinweiseAufbewahrungs- und Verwendungshinweis: Vor Hitze sch\xc3\xbctzen und trocken lagern. Nach dem \xc3\x96ffnen innerhalb kurzer Zeit verzehren.Information: Unter Schutzatmosph\xc3\xa4re verpackt.Salami-H\xc3\xbclle nicht essbar. Bitte vor Verzehr entfernen.Identit\xc3\xa4tskennzeichen: FR 69.238.001 CEArtikeldetailsMarke: AosteUrsprungsland: FrankreichPackungsgr\xc3\xb6\xc3\x9fe: 250gKontaktKontaktname: Aoste SNCKontaktadresse: Hameau de Saint Didier - RD 592 - 38490 Aoste - FranceMaximale Bestellmenge: 15 St\xc3\xbcckF\xc3\xbcr die vorstehenden Angaben wird keine Haftung \xc3\xbcbernommen. Bitte pr\xc3\xbcfen Sie im Einzelfall die Angaben auf der jeweiligen Produktverpackung, nur diese sind verbindlich.Das Produktdesign kann von der Abbildung abweichen.'",Felix-Wankel-Strasse 20,Rewe,Frische & Convenience,2023-07-09,"Gültig ab morgen bis Samstag, 15.07.2023"
Rostbratwurst,https://img.rewe-static.de/REWE_CENTER_HZ28_2023/8940242/39624544-8_digital-image.png?impolicy=s-offers&imwidth=200&output-format=image/webp,,https://shop.rewe.de/productList?search=3666352,,"je 300-g-Pckg , (1 kg = 11.30)",Aktion,"3,39 €",nan,Felix-Wankel-Strasse 20,Rewe,Frische & Convenience,2023-07-09,"Gültig ab morgen bis Samstag, 15.07.2023"
Kalbs-Tafelspitz,https://img.rewe-static.de/REWE_CENTER_HZ28_2023/0922048/38900259-2_digital-image.png?impolicy=s-offers&imwidth=200&output-format=image/webp,,https://shop.rewe.de/productList?search=3666352,,je 100 g,Aktion,"1,29 €",nan,Felix-Wankel-Strasse 20,Rewe,Frische & Convenience,2023-07-09,"Gültig ab morgen bis Samstag, 15.07.2023"
Südtiroler Pfefferkäse,https://img.rewe-static.de/REWE_CENTER_HZ28_2023/2119259/39751558-8_digital-image.png?impolicy=s-offers&imwidth=200&output-format=image/webp,,https://shop.rewe.de/p/mila-suedtiroler-pfefferkaese/2119259,,"ital. Schnittkäse, mind. 45% Fett i.Tr. , je 100 g",Aktion,"2,19 €","ProduktbeschreibungArtikelnummer 2119259Frisch für dich aus unserer Servicetheke.

Italienischer SCHNITTKÄSE mindestens 45% Fett i. Tr. 
Zutaten: pasteurisierte MILCH, 1,3% Pfeffer, MILCHSÄUREBAKTERIEN, Salz, mikrobielles Lab, auf der Rinde: Pfeffer, MILCHPROTEIN, Konservierungsstoff: Kaliumsorbat.

von Natur aus laktosefrei* *Laktosegehalt: unter 0,1g/100g

Rinde zum Verzehr geeignet!

Nährwerte je 100g:
Energie: 1437kJ
Energie: 346kcal
Fett: 28g
Fett, davon gesättigte Fettsäuren: 10g
Kohlenhydrate: 0,6g
Kohlenhydrate, davon Zucker: 0,6g
Eiweiß: 23g
Salz: 1,6g... mehr anzeigenArtikeldetailsMarke: MilaMaximale Bestellmenge: 15 StückFür die vorstehenden Angaben wird keine Haftung übernommen. Bitte prüfen Sie im Einzelfall die Angaben auf der jeweiligen Produktverpackung, nur diese sind verbindlich.Das Produktdesign kann von der Abbildung abweichen.",Felix-Wankel-Strasse 20,Rewe,Frische & Convenience,2023-07-09,"Gültig ab morgen bis Samstag, 15.07.2023"
Citterio Prosciutto di Parma,https://img.rewe-static.de/REWE_CENTER_HZ28_2023/3017150/2598150-34_digital-image.png?impolicy=s-offers&imwidth=200&output-format=image/webp,,https://shop.rewe.de/p/mila-suedtiroler-pfefferkaese/2119259,,"je 70-g-Pckg , (1 kg = 38.43)",Aktion,"2,69 €","b'ProduktbeschreibungArtikelnummer 3017150luftgetrockneter Schinken, mild-w\xc3\xbcrzig, mit Interleaver, im lackierten DisplaykartonZutaten & AllergeneZutaten: Schweinekeule, Kochsalz.Allergenhinweise: Enth\xc3\xa4lt: Keine deklarationspflichtigen Allergene enthalten.N\xc3\xa4hrwerteDurchschnittliche N\xc3\xa4hrwerteUnzubereitet pro 100 gEnergie1.014 kJEnergie243 kcalFett15 gFett, davon ges\xc3\xa4ttigte Fetts\xc3\xa4uren5,3 gKohlenhydrate0,5 gKohlenhydrate, davon Zucker0,5 gEiwei\xc3\x9f27 gSalz4,6 gHinweiseAufbewahrungs- und Verwendungshinweis: Unter +7\xc2\xb0C lagern und nach dem \xc3\x96ffnen innerhalb von 2-3 Tagen verbrauchen.Information: keine deklarationspflichtigen Zusatzstoffe vorhanden, unter Schutzatmosph\xc3\xa4re verpacktArtikeldetailsMarke: CitterioUrsprungsland: ItalienKontaktKontaktname: Giuseppe Citterio Salumificio S.P.A.Kontaktadresse: Corso Europa 206, 20017 RhoF\xc3\xbcr die vorstehenden Angaben wird keine Haftung \xc3\xbcbernommen. Bitte pr\xc3\xbcfen Sie im Einzelfall die Angaben auf der jeweiligen Produktverpackung, nur diese sind verbindlich.Das Produktdesign kann von der Abbildung abweichen.'",Felix-Wankel-Strasse 20,Rewe,Frische & Convenience,2023-07-09,"Gültig ab morgen bis Samstag, 15.07.2023"
Rougette Grill- und Ofentaler,https://img.rewe-static.de/REWE_CENTER_HZ28_2023/8920655/38882164-4_digital-image.png?impolicy=s-offers&imwidth=200&output-format=image/webp,,https://shop.rewe.de/p/mila-suedtiroler-pfefferkaese/2119259,,"versch. Sorten , je 140-g-Pckg , (1 kg = 15.86)",Aktion,"2,22 €","b'ProduktbeschreibungArtikelnummer 8920655Ein runder Genuss f\xc3\xbcr alle ROUGETTE-Fans! Der vegane Grill- & Ofentaler raffiniert mariniert in der praktischen Aluschale, das ist leckere Abwechslung f\xc3\xbcr jeden Tag.Zutaten & AllergeneZutaten: 86 % Pflanzliche Lebensmittelzubereitung (Wasser, Raps\xc3\xb6l, St\xc3\xa4rke, modifizierte St\xc3\xa4rke, Verdickungsmittel: Cellulose, Methylcellulose; 6 % gesch\xc3\xa4lte Hanfsamen, 6 % Blumenkohl, glutenfreies HAFERvollkornmehl, Salz, nat\xc3\xbcrliches Aroma, S\xc3\xa4uerungsmittel: Zitronens\xc3\xa4ure), 14 % Marinade (Raps\xc3\xb6l, Gew\xc3\xbcrze, Kr\xc3\xa4uter, Paprika, Raps\xc3\xb6l (ganz geh\xc3\xa4rtet), Zucker, nat\xc3\xbcrliches Aroma, Salz, Gew\xc3\xbcrzextrakt).N\xc3\xa4hrwerteDurchschnittliche N\xc3\xa4hrwerteUnzubereitet pro 100 gEnergie1.328 kJEnergie321 kcalFett29 gFett, davon ges\xc3\xa4ttigte Fetts\xc3\xa4uren2,5 gKohlenhydrate13 gKohlenhydrate, davon Zucker1,4 gEiwei\xc3\x9f2 gSalz2,7 gHinweiseAufbewahrungs- und Verwendungshinweis: Bei +2\xc2\xb0C - +8\xc2\xb0C mindestens haltbar bis: siehe VerpackungsaufdruckArtikeldetailsMarke: RougetteEigenschaften: Laktosefrei, VeganUrsprungsland: DeutschlandKontaktKontaktname: K\xc3\xa4serei ChampignonKontaktadresse: Kemptener Stra\xc3\x9fe 17-2487493 Lauben/Allg\xc3\xa4uMaximale Bestellmenge: 15 St\xc3\xbcckF\xc3\xbcr die vorstehenden Angaben wird keine Haftung \xc3\xbcbernommen. Bitte pr\xc3\xbcfen Sie im Einzelfall die Angaben auf der jeweiligen Produktverpackung, nur diese sind verbindlich.Das Produktdesign kann von der Abbildung abweichen.'",Felix-Wankel-Strasse 20,Rewe,Frische & Convenience,2023-07-09,"Gültig ab morgen bis Samstag, 15.07.2023"
Rinder-Filet,https://img.rewe-static.de/REWE_CENTER_HZ28_2023/3455289/39482382-2_digital-image.png?impolicy=s-offers&imwidth=200&output-format=image/webp,,https://shop.rewe.de/p/mila-suedtiroler-pfefferkaese/2119259,,"am Stück oder in Scheiben , je 100 g",Aktion,"4,99 €","b'ProduktbeschreibungArtikelnummer 3455289Frisch f\xc3\xbcr dich aus unserer Servicetheke. F\xc3\xbcr die vorstehenden Angaben wird keine Haftung \xc3\xbcbernommen. Bitte pr\xc3\xbcfen Sie im Einzelfall die Angaben auf der jeweiligen Produktverpackung, nur diese sind verbindlich.Das Produktdesign kann von der Abbildung abweichen.'",Felix-Wankel-Strasse 20,Rewe,Frische & Convenience,2023-07-09,"Gültig ab morgen bis Samstag, 15.07.2023"
Tilapia-Filet,https://img.rewe-static.de/REWE_CENTER_HZ28_2023/6092195/22260172-9_digital-image.png?impolicy=s-offers&imwidth=200&output-format=image/webp,,https://shop.rewe.de/p/tilapiafilet/6092195,,"weißes, sehr zartes Fleisch, getaut , je 100 g",Aktion,"1,29 €","ProduktbeschreibungArtikelnummer 6092195Frisch für dich aus unserer Servicetheke. Für die vorstehenden Angaben wird keine Haftung übernommen. Bitte prüfen Sie im Einzelfall die Angaben auf der jeweiligen Produktverpackung, nur diese sind verbindlich.Das Produktdesign kann von der Abbildung abweichen.",Felix-Wankel-Strasse 20,Rewe,Frische & Convenience,2023-07-09,"Gültig ab morgen bis Samstag, 15.07.2023"
Frische Puten-Medaillons,https://img.rewe-static.de/REWE_CENTER_HZ28_2023/2045778/23735045-22_digital-image.png?impolicy=s-offers&imwidth=200&output-format=image/webp,,https://shop.rewe.de/p/wilhelm-brandenburg-puten-medaillons-400g/2045778,,"Haltungsform 2 , je 400-g-Pckg , (1 kg = 13.88)",Aktion,"5,55 €","ProduktbeschreibungArtikelnummer 2045778Ursprung: Deutschland, Österreich, Niederlande oder Italien. Um einen Hinweis zur tatsächlichen Herkunft zu erhalten, beachten Sie bitte die Angaben auf der Ihnen gelieferten Ware selbst; nur diese sind maßgeblich wie auch verbindlich. VOR DEM VERZEHR GUT DURCHGAREN. NICHT ZUM ROHVERZEHR GEEIGNET. Die Haltbarkeit des Produktes ist bis zum angegebenen Datum durch die Einhaltung der angegebenen Temperatur gesichert. Bei einer Unterbrechung der Kühlkette über +4 °C, empfehlen wir Ihnen den Verzehr am Tag des Einkaufes. Nach Öffnen der Packung Ware noch am selben Tag verwenden. Rohes Geflügelfleisch nicht mit anderen Lebensmittel in Kontakt bringen. Tropfsaft sorgfältig entsorgen. Geschirr und Hände gründlich reinigen.... mehr anzeigenNährwerteDurchschnittliche Nährwertepro 100 gEnergie435 kJEnergie103 kcalFett1,2 gFett, davon gesättigte Fettsäuren0,4 gKohlenhydrate0 gKohlenhydrate, davon Zucker0 gBallaststoffe0 gEiweiß23 gSalz0 gArtikeldetailsMarke: Wilhelm BrandenburgNachhaltigkeitWeitere Informationen zu den Siegeln findest du in unserer Siegelkunde.Für die vorstehenden Angaben wird keine Haftung übernommen. Bitte prüfen Sie im Einzelfall die Angaben auf der jeweiligen Produktverpackung, nur diese sind verbindlich.Das Produktdesign kann von der Abbildung abweichen.",Felix-Wankel-Strasse 20,Rewe,Frische & Convenience,2023-07-09,"Gültig ab morgen bis Samstag, 15.07.2023"
Bonduelle Wildkräutersalat,https://img.rewe-static.de/REWE_CENTER_HZ28_2023/8741381/35929479-7_digital-image.png?impolicy=s-offers&imwidth=200&output-format=image/webp,,https://shop.rewe.de/p/wilhelm-brandenburg-puten-medaillons-400g/2045778,,"je 110-g-Btl , (1 kg = 16.27)",Aktion,"1,79 €",nan,Felix-Wankel-Strasse 20,Rewe,Frische & Convenience,2023-07-09,"Gültig ab morgen bis Samstag, 15.07.2023"
Leerdammer Brat- und Backtaler,https://img.rewe-static.de/REWE_CENTER_HZ28_2023/7770205/36668491-9_digital-image.png?impolicy=s-offers&imwidth=200&output-format=image/webp,,https://shop.rewe.de/productList?search=7770205,,"je 160-g-Pckg , (1 kg = 17.44)",Aktion,"2,79 €",,Felix-Wankel-Strasse 20,Rewe,Frische & Convenience,2023-07-09,"Gültig ab morgen bis Samstag, 15.07.2023"
REWE Beste Wahl Grüne & Rote Pfefferonen,https://img.rewe-static.de/REWE_CENTER_HZ28_2023/2028724/21917891-21_digital-image.png?impolicy=s-offers&imwidth=200&output-format=image/webp,,https://shop.rewe.de/productList?search=7770205,,"je 150-g-Schale , (1 kg = 11.93)",Aktion,"1,79 €","b'ProduktbeschreibungArtikelnummer 2028724Hergestellt f\xc3\xbcr: REWE Markt GmbH, D-50603 K\xc3\xb6ln. Zutaten & AllergeneZutaten: Gr\xc3\xbcne und rote Peperoni 42%, FRISCHK\xc3\x84SE 34%, Raps\xc3\xb6l, Kalamata Oliven mit Stein 3 %, Branntweinessig, St\xc3\xa4rke, Zucker, jodiertes Speisesalz, Kr\xc3\xa4uter, Speisesalz, Gew\xc3\xbcrze, Knoblauch, Chili, S\xc3\xa4uerungsmittel Citronens\xc3\xa4ureAllergenhinweise: Enth\xc3\xa4lt: Milch und Milcherzeugnisse (einschlie\xc3\x9flich Lactose).N\xc3\xa4hrwerteDurchschnittliche N\xc3\xa4hrwerteUnzubereitet pro 100 gEnergie1.141 kJEnergie277 kcalFett26,9 gFett, davon ges\xc3\xa4ttigte Fetts\xc3\xa4uren7,5 gKohlenhydrate5,3 gKohlenhydrate, davon Zucker1,5 gEiwei\xc3\x9f2,9 gSalz1,72 gHinweiseAufbewahrungs- und Verwendungshinweis: Unge\xc3\xb6ffnet bei unter +7\xc2\xb0C mindestens haltbar bis: siehe AufdruckInformation: unter Schutzatmosph\xc3\xa4re verpacktArtikeldetailsMarke: REWE Beste WahlNettof\xc3\xbcllmenge: 150 GUrsprungsland: DeutschlandAbtropfgewicht: 150 gKontaktKontaktname: Heinrich K\xc3\xbchlmann GmbH & Co.KGKontaktadresse: 33397 RietbergMaximale Bestellmenge: 15 St\xc3\xbcckF\xc3\xbcr die vorstehenden Angaben wird keine Haftung \xc3\xbcbernommen. Bitte pr\xc3\xbcfen Sie im Einzelfall die Angaben auf der jeweiligen Produktverpackung, nur diese sind verbindlich.Das Produktdesign kann von der Abbildung abweichen.'",Felix-Wankel-Strasse 20,Rewe,Frische & Convenience,2023-07-09,"Gültig ab morgen bis Samstag, 15.07.2023"
Frische Hähnchen-Unterschenkel,https://img.rewe-static.de/REWE_CENTER_HZ28_2023/7697813/25859719-6_digital-image.png?impolicy=s-offers&imwidth=200&output-format=image/webp,,https://shop.rewe.de/productList?search=7770205,,"natur, Hkl. A, oder gewürzt, Haltungsform 2, SB-verpackt , je 1 kg",Aktion,"4,99 €","b'ProduktbeschreibungArtikelnummer 7697813Ursprung: Deutschland, \xc3\x96sterreich, Niederlande oder Italien. Um einen Hinweis zur tats\xc3\xa4chlichen Herkunft zu erhalten, beachten Sie bitte die Angaben auf der Ihnen gelieferten Ware selbst; nur diese sind ma\xc3\x9fgeblich wie auch verbindlich. VOR DEM VERZEHR GUT DURCHGAREN. NICHT ZUM ROHVERZEHR GEEIGNET. Die Haltbarkeit des Produktes ist bis zum angegebenen Datum durch die Einhaltung der angegebenen Temperatur gesichert. Bei einer Unterbrechung der K\xc3\xbchlkette \xc3\xbcber +4 \xc2\xb0C, empfehlen wir Ihnen den Verzehr am Tag des Einkaufes. Nach \xc3\x96ffnen der Packung Ware noch am selben Tag verwenden. Rohes Gefl\xc3\xbcgelfleisch nicht mit anderen Lebensmittel in Kontakt bringen. Tropfsaft sorgf\xc3\xa4ltig entsorgen. Geschirr und H\xc3\xa4nde gr\xc3\xbcndlich reinigen.... mehr anzeigenZutaten & AllergeneZutaten: KEINE  KEINEN\xc3\xa4hrwerteDurchschnittliche N\xc3\xa4hrwertepro 100 gEnergie543 kJEnergie130 kcalFett6,4 gFett, davon ges\xc3\xa4ttigte Fetts\xc3\xa4uren2,1 gKohlenhydrate0 gKohlenhydrate, davon Zucker0 gBallaststoffe0 gEiwei\xc3\x9f18 gSalz0,2 gArtikeldetailsMarke: Wilhelm BrandenburgNachhaltigkeitWeitere Informationen zu den Siegeln findest du in unserer Siegelkunde.F\xc3\xbcr die vorstehenden Angaben wird keine Haftung \xc3\xbcbernommen. Bitte pr\xc3\xbcfen Sie im Einzelfall die Angaben auf der jeweiligen Produktverpackung, nur diese sind verbindlich.Das Produktdesign kann von der Abbildung abweichen.'",Felix-Wankel-Strasse 20,Rewe,Frische & Convenience,2023-07-09,"Gültig ab morgen bis Samstag, 15.07.2023"
Butcher’s Wagyu Beef Burger Patties,https://img.rewe-static.de/REWE_CENTER_HZ28_2023/8736116/35959929-13_digital-image.png?impolicy=s-offers&imwidth=200&output-format=image/webp,,https://shop.rewe.de/productList?search=7770205,,"je 230-g-Pckg , (1 kg = 24.13)",Aktion,"5,55 €","ProduktbeschreibungArtikelnummer 8736116Zutaten & AllergeneZutaten: Rindfleisch 98 %, Speisesalz, Gewürze, Gewürzextrakte, Antioxidationsmittel Ascorbinsäure.  Senf, SellerieNährwerteDurchschnittliche Nährwertepro 100 gEnergie1.223 kJEnergie295 kcalFett25 gFett, davon gesättigte Fettsäuren10 gKohlenhydrate0,5 gKohlenhydrate, davon Zucker0,5 gBallaststoffe0 gEiweiß17 gSalz1,5 gArtikeldetailsMarke: Butcher's BurgerNachhaltigkeitWeitere Informationen zu den Siegeln findest du in unserer Siegelkunde.Für die vorstehenden Angaben wird keine Haftung übernommen. Bitte prüfen Sie im Einzelfall die Angaben auf der jeweiligen Produktverpackung, nur diese sind verbindlich.Das Produktdesign kann von der Abbildung abweichen.",Felix-Wankel-Strasse 20,Rewe,Frische & Convenience,2023-07-09,"Gültig ab morgen bis Samstag, 15.07.2023"
Lamm-Kotelett,https://img.rewe-static.de/REWE_CENTER_HZ28_2023/3453642/17456100-18_digital-image.png?impolicy=s-offers&imwidth=200&output-format=image/webp,,https://shop.rewe.de/p/lammkotelett-aus-dem-ruecken/3453642,,je 100 g,Aktion,"2,22 €","ProduktbeschreibungArtikelnummer 3453642Frisch für dich aus unserer Servicetheke. Für die vorstehenden Angaben wird keine Haftung übernommen. Bitte prüfen Sie im Einzelfall die Angaben auf der jeweiligen Produktverpackung, nur diese sind verbindlich.Das Produktdesign kann von der Abbildung abweichen.",Felix-Wankel-Strasse 20,Rewe,Frische & Convenience,2023-07-09,"Gültig ab morgen bis Samstag, 15.07.2023"
Räucher- oder Graved-Lachs,https://img.rewe-static.de/REWE_CENTER_HZ28_2023/9666087/22260264-8_digital-image.png?impolicy=s-offers&imwidth=200&output-format=image/webp,,https://shop.rewe.de/p/raeucherlachs-geschnitten/9666087,,"geschnitten , je 100 g",Aktion,"3,99 €","ProduktbeschreibungArtikelnummer 9666087Frisch für dich aus unserer Servicetheke. 
 
Salmo Salar aus Aquakultur in Norwegen/Färöer Zutaten & AllergeneZutaten: LACHSFILET, Salz, Rauch 100 g geräuchertes Produkt wurde hergestellt aus 110 g RohwareAllergenhinweise: Enthält: Fisch und Fischerzeugnisse.NährwerteDurchschnittliche NährwerteUnzubereitet pro 100 gEnergie842 kJEnergie202 kcalFett12,5 gFett, davon gesättigte Fettsäuren3,2 gKohlenhydrate0 gKohlenhydrate, davon Zucker0 gEiweiß22,3 gSalz2,5 gHinweiseAufbewahrungs- und Verwendungshinweis: bei +2 °C bis +7 °C lagernArtikeldetailsUrsprungsland: DeutschlandKontaktKontaktname: Deutsche See GmbHKontaktadresse: Maifischstrasse 3-9, 27572 BremerhavenFür die vorstehenden Angaben wird keine Haftung übernommen. Bitte prüfen Sie im Einzelfall die Angaben auf der jeweiligen Produktverpackung, nur diese sind verbindlich.Das Produktdesign kann von der Abbildung abweichen.",Felix-Wankel-Strasse 20,Rewe,Frische & Convenience,2023-07-09,"Gültig ab morgen bis Samstag, 15.07.2023"
Schweine-Nackensteaks,https://img.rewe-static.de/REWE_CENTER_HZ28_2023/2172863/25004517-4_digital-image.png?impolicy=s-offers&imwidth=200&output-format=image/webp,,https://shop.rewe.de/p/raeucherlachs-geschnitten/9666087,,"Classic BBQ Spicy , je 1 kg",Aktion,"12,90 €",nan,Felix-Wankel-Strasse 20,Rewe,Frische & Convenience,2023-07-09,"Gültig ab morgen bis Samstag, 15.07.2023"
Holzfällerscheiben,https://img.rewe-static.de/REWE_CENTER_HZ28_2023/0728472/24586057-8_digital-image.png?impolicy=s-offers&imwidth=200&output-format=image/webp,,https://shop.rewe.de/productList?search=728472,,"aus der Schweineschulter, mit Knochen, mariniert, Haltungsform 2 , je 100 g",Aktion,"0,55 €",,Felix-Wankel-Strasse 20,Rewe,Frische & Convenience,2023-07-09,"Gültig ab morgen bis Samstag, 15.07.2023"
Grünländer mild & nussig,https://img.rewe-static.de/REWE_CENTER_HZ28_2023/4092074/34973807-8_digital-image.png?impolicy=s-offers&imwidth=200&output-format=image/webp,,https://shop.rewe.de/productList?search=728472,,"Schnittkäse, 48% Fett i.Tr. , je 100 g",Knaller,"0,99 €","b'ProduktbeschreibungArtikelnummer 4092074Frisch f\xc3\xbcr dich aus unserer Servicetheke. \n \nZutaten: pasteurisierte MILCH, Farbstoff: Beta-Carotin, mikrobielles Lab, Kulturen, Speisesalz. \n \nLaktosefrei* \n*Laktosegehalt: unter 0, 1g/100g \n \nRinde zum Verzehr geeignet! Zutaten & AllergeneAllergenhinweise: nullN\xc3\xa4hrwerteDurchschnittliche N\xc3\xa4hrwerteUnzubereitet pro 100 gEnergie1.481 kJEnergie357 kcalFett29 gFett, davon ges\xc3\xa4ttigte Fetts\xc3\xa4uren19 gKohlenhydrate0,1 gKohlenhydrate, davon Zucker0,1 gEiwei\xc3\x9f24 gSalz0,8 gArtikeldetailsMarke: Gr\xc3\xbcnl\xc3\xa4nderMaximale Bestellmenge: 15 St\xc3\xbcckF\xc3\xbcr die vorstehenden Angaben wird keine Haftung \xc3\xbcbernommen. Bitte pr\xc3\xbcfen Sie im Einzelfall die Angaben auf der jeweiligen Produktverpackung, nur diese sind verbindlich.Das Produktdesign kann von der Abbildung abweichen.'",Felix-Wankel-Strasse 20,Rewe,Frische & Convenience,2023-07-09,"Gültig ab morgen bis Samstag, 15.07.2023"
Wiltmann Salami,https://img.rewe-static.de/REWE_CENTER_HZ28_2023/4240936/6554940-38_digital-image.png?impolicy=s-offers&imwidth=200&output-format=image/webp,,https://shop.rewe.de/productList?search=728472,,"versch. Sorten , je 80-g-Pckg , (1 kg = 16.13)",Knaller,"1,29 €","b'ProduktbeschreibungArtikelnummer 4240936Feinschmecker-Salami aus Rind- und Schweinefleisch. Zutaten & AllergeneZutaten: Schweinefleisch, Rindfleisch, jodierters Speisesalz (Speisesalz, Kaliumiodat), Traubenzucker, Trockenglucose, Gew\xc3\xbcrze, Gew\xc3\xbcrzextrakte, Antioxidationsmittel: Natriumascorbat; Konservierungsstoff: Natriumnitrit; Reifekulturen, Buchenholzrauch. 100g Salami, hergestellt aus 119g Schweinefleisch und 21g Rindfleisch.N\xc3\xa4hrwerteDurchschnittliche N\xc3\xa4hrwerteUnzubereitet pro 100 gEnergie1.474 kJEnergie355 kcalFett28,1 gFett, davon ges\xc3\xa4ttigte Fetts\xc3\xa4uren11 gKohlenhydrate1 gKohlenhydrate, davon Zucker1 gEiwei\xc3\x9f24,1 gSalz4,1 gHinweiseAufbewahrungs- und Verwendungshinweis: Bei maximal 7\xc2\xb0C unge\xc3\xb6ffnet mindestens haltbar bis: siehe VerpackungsaufdruckArtikeldetailsMarke: WiltmannUrsprungsland: DeutschlandKontaktKontaktname: Franz Wiltmann GmbH & Co. KGKontaktadresse: Wilhelm-Kleine-Strasse 16, D-33775 VersmoldMaximale Bestellmenge: 15 St\xc3\xbcckF\xc3\xbcr die vorstehenden Angaben wird keine Haftung \xc3\xbcbernommen. Bitte pr\xc3\xbcfen Sie im Einzelfall die Angaben auf der jeweiligen Produktverpackung, nur diese sind verbindlich.Das Produktdesign kann von der Abbildung abweichen.'",Felix-Wankel-Strasse 20,Rewe,Frische & Convenience,2023-07-09,"Gültig ab morgen bis Samstag, 15.07.2023"
Homann Kartoffel- oder Pellkartoffelsalat,https://img.rewe-static.de/REWE_CENTER_HZ28_2023/8698632/34937248-11_digital-image.png?impolicy=s-offers&imwidth=200&output-format=image/webp,,https://shop.rewe.de/productList?search=728472,,"versch. Sorten , je 400-g-Pckg , (1 kg = 4.23)",Knaller,"1,69 €","b'ProduktbeschreibungArtikelnummer 8698632Zutaten & AllergeneZutaten: 62% Kartoffeln, Raps\xc3\xb6l, 8% H\xc3\x9cHNEREIER, 6% Gurken, Wasser, Zucker, Branntweinessig, 2% Zwiebeln, Speisesalz, H\xc3\x9cHNEREIGELB, S\xc3\xa4ureregulatoren: Calciumchlorid und Natriumacetate, Sahne (MILCH), Konservierungsstoff: Kaliumsorbat, St\xc3\xa4rke, Gew\xc3\xbcrze (enth\xc3\xa4lt SENF), f\xc3\xa4rbendes Lebensmittel: Karottenkonzentrat, Verdickungsmittel: Guarkernmehl, S\xc3\xa4uerungsmittel: Citronens\xc3\xa4ure, Antioxidationsmittel: Ascorbins\xc3\xa4ure, Stabilisator: Carrageen. Kann Spuren von Erdn\xc3\xbcssen, Fischen, glutenhaltiges Getreide, Krebstieren, Schalenfr\xc3\xbcchten, Sellerie, Sesamsamen und Sojabohnen enthalten.Allergenhinweise: Enth\xc3\xa4lt: Eier und Eierzeugnisse. Milch und Milcherzeugnisse (einschlie\xc3\x9flich Lactose). Senf- und Senferzeugnisse. Kann enthalten: Erdn\xc3\xbcsse und Erdnusserzeugnisse. Glutenhaltiges Getreide und glutenhaltige Getreideerzeugnisse. N\xc3\xbcsse und Nusserzeugnisse. Sellerie und Sellerieerzeugnisse. Sesamsamen und Sesamsamenerzeugnisse. Soja und Sojaerzeugnisse. Weizen und Weizenerzeugnisse (glutenhaltiges Getreide). Fisch und Fischerzeugnisse.N\xc3\xa4hrwerteDurchschnittliche N\xc3\xa4hrwerteUnzubereitet pro 100 gEnergie770 kJEnergie185 kcalFett13,2 gFett, davon ges\xc3\xa4ttigte Fetts\xc3\xa4uren1,2 gKohlenhydrate12,8 gKohlenhydrate, davon Zucker3 gEiwei\xc3\x9f2,6 gSalz1,3 gHinweiseAufbewahrungs- und Verwendungshinweis: Gek\xc3\xbchlt bei max. +7\xc2\xb0CArtikeldetailsMarke: HomannUrsprungsland: NiederlandeKontaktKontaktname: Signature Foods Deutschland GmbHKontaktadresse: Winkelhausenstra\xc3\x9fe 10, 49090 Osnabr\xc3\xbcckMaximale Bestellmenge: 15 St\xc3\xbcckF\xc3\xbcr die vorstehenden Angaben wird keine Haftung \xc3\xbcbernommen. Bitte pr\xc3\xbcfen Sie im Einzelfall die Angaben auf der jeweiligen Produktverpackung, nur diese sind verbindlich.Das Produktdesign kann von der Abbildung abweichen.'",Felix-Wankel-Strasse 20,Rewe,Frische & Convenience,2023-07-09,"Gültig ab morgen bis Samstag, 15.07.2023"
Arla Finello Gratinkäse,https://img.rewe-static.de/REWE_CENTER_HZ28_2023/0674328/21064797-16_digital-image.png?impolicy=s-offers&imwidth=200&output-format=image/webp,,https://shop.rewe.de/productList?search=728472,,"dän. Reibekäse , je 150-g-Pckg , (1 kg = 9.93)",Aktion,"1,49 €","b'ProduktbeschreibungArtikelnummer 674328Zutaten & AllergeneZutaten: K\xc3\x84SE, Kartoffelst\xc3\xa4rke.Allergenhinweise: Enth\xc3\xa4lt: Milch und Milcherzeugnisse (einschlie\xc3\x9flich Lactose).N\xc3\xa4hrwerteDurchschnittliche N\xc3\xa4hrwerteUnzubereitet pro 100 gEnergie1.305 kJEnergie314 kcalFett23 gFett, davon ges\xc3\xa4ttigte Fetts\xc3\xa4uren14 gKohlenhydrate2,8 gKohlenhydrate, davon Zucker0,6 gEiwei\xc3\x9f24 gSalz1,5 gHinweiseAufbewahrungs- und Verwendungshinweis: Nach dem \xc3\x96ffnen k\xc3\xbchl aufbewahren.Bei 8 \xc2\xb0C mindestens haltbar bis: siehe VerpackungsaufdruckInformation: Unter Schutzatmosph\xc3\xa4re verpackt.ArtikeldetailsMarke: ArlaUrsprungsland: D\xc3\xa4nemarkSorte: Gratink\xc3\xa4seKontaktKontaktname: Arla Foods ambaKontaktadresse: DK-8260 Viby JMaximale Bestellmenge: 15 St\xc3\xbcckF\xc3\xbcr die vorstehenden Angaben wird keine Haftung \xc3\xbcbernommen. Bitte pr\xc3\xbcfen Sie im Einzelfall die Angaben auf der jeweiligen Produktverpackung, nur diese sind verbindlich.Das Produktdesign kann von der Abbildung abweichen.'",Felix-Wankel-Strasse 20,Rewe,Frische & Convenience,2023-07-09,"Gültig ab morgen bis Samstag, 15.07.2023"
Salakis Schafskäse Natur,https://img.rewe-static.de/REWE_CENTER_HZ28_2023/8874226/37902848-5_digital-image.png?impolicy=s-offers&imwidth=200&output-format=image/webp,,https://shop.rewe.de/productList?search=728472,,"je 180-g-Pckg , (1 kg = 9.94)",Aktion,"1,79 €","b'ProduktbeschreibungArtikelnummer 8874226Zutaten & AllergeneZutaten: pasteurisierte SchafMILCH, Lab, SalzAllergenhinweise: Enth\xc3\xa4lt: Milch und Milcherzeugnisse (einschlie\xc3\x9flich Lactose).N\xc3\xa4hrwerteDurchschnittliche N\xc3\xa4hrwerteUnzubereitet pro 100 gEnergie1.126 kJEnergie272 kcalFett23 gFett, davon ges\xc3\xa4ttigte Fetts\xc3\xa4uren16 gKohlenhydrate0,8 gKohlenhydrate, davon Zucker0,8 gEiwei\xc3\x9f16 gSalz2,8 gHinweiseAufbewahrungs- und Verwendungshinweis: bei 8\xc2\xb0C mindestens haltbar bis: siehe Verpackungsaufdruck: tt.mm.jjjjArtikeldetailsMarke: SalakisNettof\xc3\xbcllmenge: 180 GUrsprungsland: FrankreichKontaktKontaktname: Lactalis Deutschland GmbHKontaktadresse: Am Yachthafen 2, 77694 KehlMaximale Bestellmenge: 15 St\xc3\xbcckF\xc3\xbcr die vorstehenden Angaben wird keine Haftung \xc3\xbcbernommen. Bitte pr\xc3\xbcfen Sie im Einzelfall die Angaben auf der jeweiligen Produktverpackung, nur diese sind verbindlich.Das Produktdesign kann von der Abbildung abweichen.'",Felix-Wankel-Strasse 20,Rewe,Frische & Convenience,2023-07-09,"Gültig ab morgen bis Samstag, 15.07.2023"
Bresso Feine Kräuter,https://img.rewe-static.de/REWE_CENTER_HZ28_2023/0396707/3684540-43_digital-image.png?impolicy=s-offers&imwidth=200&output-format=image/webp,,https://shop.rewe.de/productList?search=728472,,"60% Fett i.Tr. , je 120-g-Pckg , (1 kg = 11.58)",Aktion,"1,39 €","b""ProduktbeschreibungArtikelnummer 396707BRESSO steht f\xc3\xbcr unbeschwerten Frischk\xc3\xa4se-Genuss & provenzalisch-mediterrane Lebensweise. Eine Frischk\xc3\xa4se-Spezialit\xc3\xa4t mit feinen Kr\xc3\xa4utern veredelt und mit Knoblauch raffiniert abgerundet \xe2\x80\x93 unser Klassiker unter den BRESSO Frischk\xc3\xa4se-Portionen \xe2\x80\x93 mit aromatischer Geschmacksnote. Als Packung mit acht praktischen Portionen erh\xc3\xa4ltlich.Zutaten & AllergeneZutaten: FRISCHK\xc3\x84SE (pasteurisierte KUHMILCH, pasteurisierte SAHNE/RAHM), Speisesalz, Knoblauch, Kr\xc3\xa4uter, Pfeffer, Konservierungsstoff (Kaliumsorbat). Dieser Frischk\xc3\xa4se kann Spuren von Schalenfr\xc3\xbcchten und Ziegenmilch enthalten.Allergenhinweise: Frischk\xc3\xa4se, Kuhmilch, Sahne/RahmEnth\xc3\xa4lt: Milch und Milcherzeugnisse (einschlie\xc3\x9flich Lactose). Kann enthalten: N\xc3\xbcsse und Nusserzeugnisse.N\xc3\xa4hrwerteDurchschnittliche N\xc3\xa4hrwerteUnzubereitet pro 100 gEnergie1.391 kJEnergie337 kcalFett32 gFett, davon ges\xc3\xa4ttigte Fetts\xc3\xa4uren23 gKohlenhydrate3 gKohlenhydrate, davon Zucker2,4 gEiwei\xc3\x9f9,2 gSalz1,2 gHinweiseAufbewahrungs- und Verwendungshinweis: Bei +2\xc2\xb0C bis +8\xc2\xb0C mindestens haltbar bis: siehe VerpackungsaufdruckInformation: DoppelrahmstufeArtikeldetailsMarke: BressoUrsprungsland: FrankreichKontaktKontaktname: FromarsacKontaktadresse: Marsac sur L'Isle, 24052 P\xc3\xa9rigueux, Cedex 9, FranceMaximale Bestellmenge: 15 St\xc3\xbcckF\xc3\xbcr die vorstehenden Angaben wird keine Haftung \xc3\xbcbernommen. Bitte pr\xc3\xbcfen Sie im Einzelfall die Angaben auf der jeweiligen Produktverpackung, nur diese sind verbindlich.Das Produktdesign kann von der Abbildung abweichen.""",Felix-Wankel-Strasse 20,Rewe,Frische & Convenience,2023-07-09,"Gültig ab morgen bis Samstag, 15.07.2023"
Rana Tortelloni,https://img.rewe-static.de/REWE_CENTER_HZ28_2023/8657317/33918696-8_digital-image.png?impolicy=s-offers&imwidth=200&output-format=image/webp,,https://shop.rewe.de/productList?search=728472,,"versch. Sorten , je 250-g-Pckg , (1 kg = 10.76)",Aktion,"2,69 €","b'ProduktbeschreibungArtikelnummer 8657317Zutaten & AllergeneZutaten: F\xc3\x9cLLUNG 53%: Basilikum Pesto 35%,(Sonnenblumen\xc3\xb6l, Basilikum 27% Pecorino Romano g.U. (gesch\xc3\xbctzte Ursprungsbezeichnung) K\xc3\x84SE 14%, KACHUN\xc3\x9cSSE, geriebener K\xc3\x84SE, Kochsalz, Pinienkerne 3%), Ricotta 33% (MOLKE, MILCH, Kochsalz), Pflanzenfasern (Mais und Kartoffeln) Mozzarella K\xc3\x84SE, Paniermehl (WeichWEIZENmehl, Wasser, Kochsalz, Hefe), LAKTOSE, St\xc3\xa4rke, nat\xc3\xbcrliche Aromen (enth\xc3\xa4lt GERSTE). TEIGWAREN 47%: WeichWEIZENmehl, EIER 30%,HartWEIZENgrie\xc3\x9f. Hergestellt in einem Werk, das auch SCHALENFR\xc3\x9cCHTE, FISCHE, KREBSTIERE, WICHTIERE, SOJABOHNEN und SELLERIE verwendet.Allergenhinweise: Enth\xc3\xa4lt: Glutenhaltiges Getreide und glutenhaltige Getreideerzeugnisse. Milch und Milcherzeugnisse (einschlie\xc3\x9flich Lactose). N\xc3\xbcsse und Nusserzeugnisse. Eier und Eierzeugnisse. Kann enthalten: Krebstiere und Krebstiererzeugnisse. Weichtiere und Weichtiererzeugnisse. Fisch und Fischerzeugnisse. Soja und Sojaerzeugnisse. Sellerie und Sellerieerzeugnisse.N\xc3\xa4hrwerteDurchschnittliche N\xc3\xa4hrwerteUnzubereitet pro 100 gEnergie1.225 kJEnergie292 kcalFett12 gFett, davon ges\xc3\xa4ttigte Fetts\xc3\xa4uren3,1 gKohlenhydrate32 gKohlenhydrate, davon Zucker4,1 gBallaststoffe6,2 gEiwei\xc3\x9f11 gSalz0,98 gHinweiseAufbewahrungs- und Verwendungshinweis: Im K\xc3\xbchlschrank bei +4\xc2\xb0C bis max. +7\xc2\xb0C aufbewahren. Nach dem \xc3\x96ffnen innerhalb von 3 Tagen verbrauchen.Information: Unter Schutzatmosph\xc3\xa4re verpackt.ArtikeldetailsMarke: Giovanni RanaUrsprungsland: ItalienKontaktKontaktname: Pastificio RANA S.p.A.Kontaktadresse: Via Pacinotti, 25 - 37057 San Giovanni Lupatoto (VR) - ItaliaMaximale Bestellmenge: 15 St\xc3\xbcckF\xc3\xbcr die vorstehenden Angaben wird keine Haftung \xc3\xbcbernommen. Bitte pr\xc3\xbcfen Sie im Einzelfall die Angaben auf der jeweiligen Produktverpackung, nur diese sind verbindlich.Das Produktdesign kann von der Abbildung abweichen.'",Felix-Wankel-Strasse 20,Rewe,Frische & Convenience,2023-07-09,"Gültig ab morgen bis Samstag, 15.07.2023"
Alta Badia,https://img.rewe-static.de/REWE_CENTER_HZ28_2023/0351001/26962937-8_digital-image.png?impolicy=s-offers&imwidth=200&output-format=image/webp,,https://shop.rewe.de/productList?search=728472,,"ital. Hartkäse, mind. 50% Fett i.Tr. , je 100 g",Aktion,"1,99 €","b'ProduktbeschreibungArtikelnummer 351001Frisch f\xc3\xbcr dich aus unserer Servicetheke. \n \nZutaten: pasteurisierte MILCH, Salz, MILCHS\xc3\x84UREBAKTERIEN, tierisches Lab, Konservierungsstoff: LYSOZYM (aus EI), Natamycin, Farbstoff: AMMONSULFITZUCKERKUL\xc3\x96R \n \nLaktosefrei* \n*Laktosegehalt: unter 0, 1g/100g \n \nRinde nicht zum Verzehr geeignet! \n \nN\xc3\xa4hrwerte je 100g: \nEnergie: 1704kJ \nEnergie: 411kcal \nFett: 33,5g \nFett, davon ges\xc3\xa4ttigte Fetts\xc3\xa4uren: 24,1g \nKohlenhydrate: 0,1g \nKohlenhydrate, davon Zucker: 0,1g \nEiwei\xc3\x9f: 27,3g \nSalz: 1,7g ArtikeldetailsEigenschaften: LaktosefreiMaximale Bestellmenge: 15 St\xc3\xbcckF\xc3\xbcr die vorstehenden Angaben wird keine Haftung \xc3\xbcbernommen. Bitte pr\xc3\xbcfen Sie im Einzelfall die Angaben auf der jeweiligen Produktverpackung, nur diese sind verbindlich.Das Produktdesign kann von der Abbildung abweichen.'",Felix-Wankel-Strasse 20,Rewe,Frische & Convenience,2023-07-09,"Gültig ab morgen bis Samstag, 15.07.2023"
Campofrio Serrano-Schinken,https://img.rewe-static.de/REWE_CENTER_HZ28_2023/0515409/31641266-6_digital-image.png?impolicy=s-offers&imwidth=200&output-format=image/webp,,https://shop.rewe.de/productList?search=728472,,je 100 g,Aktion,"2,19 €","b'ProduktbeschreibungArtikelnummer 515409Frisch f\xc3\xbcr dich aus unserer Servicetheke. \n \nZutaten: Schweinefleisch, Salz, Konservierungsstoff: Kaliumnitrat, Natriumnitrit. \n \nN\xc3\xa4hrwerte je 100g: \nEnergie: 889kJ \nEnergie: 2120kcal \nFett: 10g \nFett, davon ges\xc3\xa4ttigte Fetts\xc3\xa4uren: 3,8g \nKohlenhydrate: 0,5g \nKohlenhydrate, davon Zucker: 0,5g \nEiwei\xc3\x9f: 30g \nSalz: 5g Zutaten & AllergeneAllergenhinweise: nullN\xc3\xa4hrwerteDurchschnittliche N\xc3\xa4hrwerteUnzubereitet pro 100 gEnergie889 kJEnergie212 kcalFett10 gFett, davon ges\xc3\xa4ttigte Fetts\xc3\xa4uren3,8 gKohlenhydrate0,5 gKohlenhydrate, davon Zucker0,5 gEiwei\xc3\x9f30 gSalz5 gArtikeldetailsMarke: CampofrioMaximale Bestellmenge: 15 St\xc3\xbcckF\xc3\xbcr die vorstehenden Angaben wird keine Haftung \xc3\xbcbernommen. Bitte pr\xc3\xbcfen Sie im Einzelfall die Angaben auf der jeweiligen Produktverpackung, nur diese sind verbindlich.Das Produktdesign kann von der Abbildung abweichen.'",Felix-Wankel-Strasse 20,Rewe,Frische & Convenience,2023-07-09,"Gültig ab morgen bis Samstag, 15.07.2023"
Galbani Mozzarella Mini,https://img.rewe-static.de/REWE_CENTER_HZ28_2023/0594382/965610-29_digital-image.png?impolicy=s-offers&imwidth=200&output-format=image/webp,,https://shop.rewe.de/productList?search=728472,,"38% Fett i.Tr. , je 260-g-Pckg , (1 kg = 13.27) , 150-g-Abtropfgew.",Aktion,"1,99 €","b'ProduktbeschreibungArtikelnummer 594382Zutaten & AllergeneZutaten: pasteurisierte KuhMILCH, Lab, Salz, S\xc3\xa4uerungsmittel:Zitronens\xc3\xa4ureAllergenhinweise: Enth\xc3\xa4lt: Milch und Milcherzeugnisse (einschlie\xc3\x9flich Lactose).N\xc3\xa4hrwerteDurchschnittliche N\xc3\xa4hrwerteUnzubereitet pro 100 gEnergie819 kJEnergie197 kcalFett13,5 gFett, davon ges\xc3\xa4ttigte Fetts\xc3\xa4uren9,4 gKohlenhydrate1,3 gKohlenhydrate, davon Zucker0,6 gEiwei\xc3\x9f17,5 gSalz0,6 gHinweiseAufbewahrungs- und Verwendungshinweis: bei 8\xc2\xb0C mindestens haltbar bis: siehe VerpackungsaufdruckArtikeldetailsMarke: GalbaniNettof\xc3\xbcllmenge: 260 GUrsprungsland: ItalienAbtropfgewicht: 150 gKontaktKontaktname: Lactalis Deutschland GmbHKontaktadresse: Am Yachthafen 2, 77694 KehlMaximale Bestellmenge: 15 St\xc3\xbcckF\xc3\xbcr die vorstehenden Angaben wird keine Haftung \xc3\xbcbernommen. Bitte pr\xc3\xbcfen Sie im Einzelfall die Angaben auf der jeweiligen Produktverpackung, nur diese sind verbindlich.Das Produktdesign kann von der Abbildung abweichen.'",Felix-Wankel-Strasse 20,Rewe,Frische & Convenience,2023-07-09,"Gültig ab morgen bis Samstag, 15.07.2023"
REWE Feine Welt Burrata,https://img.rewe-static.de/REWE_CENTER_HZ28_2023/8643941/34631257-8_digital-image.png?impolicy=s-offers&imwidth=200&output-format=image/webp,,https://shop.rewe.de/productList?search=728472,,"je 250-g-Becher-Pckg , (1 kg = 14.90) , 100-g-Abtropfgew.",Aktion,"1,49 €","b'ProduktbeschreibungArtikelnummer 8643941Zutaten & AllergeneZutaten: Zutaten: K\xc3\x84SEREIMILCH, SAHNE 41 %, Speisesalz, mikrobielles Lab, S\xc3\xa4uerungsmittel Milchs\xc3\xa4ure, Konservierungsstoff Kaliumsorbat. Zusatzstoffe: E 202, E 270Allergenhinweise: Milch und Milcherzeugnisse (einschlie\xc3\x9flich Lactose)N\xc3\xa4hrwerteDurchschnittliche N\xc3\xa4hrwertepro 100 gEnergie1.054 kJEnergie255 kcalFett23,9 gFett, davon ges\xc3\xa4ttigte Fetts\xc3\xa4uren15,3 gKohlenhydrate2 gKohlenhydrate, davon Zucker2 gEiwei\xc3\x9f8 gSalz0,54 gArtikeldetailsMarke: REWE Feine WeltNettof\xc3\xbcllmenge: 250 GUrsprungsland: ItalienAbtropfgewicht: 100 gKontaktKontaktname: DELIZIA S.P.A.Kontaktadresse: Contrada Pizunzo Z.I., Noci (BA), 70015, ItalienMaximale Bestellmenge: 15 St\xc3\xbcckF\xc3\xbcr die vorstehenden Angaben wird keine Haftung \xc3\xbcbernommen. Bitte pr\xc3\xbcfen Sie im Einzelfall die Angaben auf der jeweiligen Produktverpackung, nur diese sind verbindlich.Das Produktdesign kann von der Abbildung abweichen.'",Felix-Wankel-Strasse 20,Rewe,Frische & Convenience,2023-07-09,"Gültig ab morgen bis Samstag, 15.07.2023"
REWE Beste Wahl Gnocchi,https://img.rewe-static.de/REWE_CENTER_HZ28_2023/0118000/23128380-35_digital-image.png?impolicy=s-offers&imwidth=200&output-format=image/webp,,https://shop.rewe.de/productList?search=728472,,"frische, italienische Kartoffelklößchen aus 78% Kartoffelpüree , je 400-g-Btl , (1 kg = 3.73)",Aktion,"1,49 €","b'ProduktbeschreibungArtikelnummer 118000Zutaten & AllergeneZutaten: Kartoffelp\xc3\xbcree 80% (Wasser, Kartoffelflocken 16%), WEIZENMEHL, Kartoffelst\xc3\xa4rke, Reismehl, Speisesalz.  Kann Spuren von Soja enthalten.Allergenhinweise: Glutenhaltiges Getreide (Weizen, Gerste, Roggen, Hafer, Dinkel, Kamut oder Hybridst\xc3\xa4mme)N\xc3\xa4hrwerteDurchschnittliche N\xc3\xa4hrwertepro 100 gEnergie630 kJEnergie149 kcalFett0,6 gFett, davon ges\xc3\xa4ttigte Fetts\xc3\xa4uren0 gKohlenhydrate32 gKohlenhydrate, davon Zucker0,3 gEiwei\xc3\x9f3,3 gSalz1,08 gHinweiseAufbewahrungshinweise:  Nach dem \xc3\x96ffnen k\xc3\xbchl lagern und innerhalb von drei Tagen verzehren.Verwendungshinweise: Bei +4 \xc2\xb0C bis +7 \xc2\xb0CArtikeldetailsMarke: REWE Beste WahlUrsprungsland: ItalienPackungsgr\xc3\xb6\xc3\x9fe: 400gKontaktKontaktname: CIEMME ALIMENTARI S.R.L.Kontaktadresse: VIA FOGGIA, 28/30, BARLETTA, 76121, ItalienMaximale Bestellmenge: 15 St\xc3\xbcckF\xc3\xbcr die vorstehenden Angaben wird keine Haftung \xc3\xbcbernommen. Bitte pr\xc3\xbcfen Sie im Einzelfall die Angaben auf der jeweiligen Produktverpackung, nur diese sind verbindlich.Das Produktdesign kann von der Abbildung abweichen.'",Felix-Wankel-Strasse 20,Rewe,Frische & Convenience,2023-07-09,"Gültig ab morgen bis Samstag, 15.07.2023"
Noel Chorizo Paprikasalami,https://img.rewe-static.de/REWE_CENTER_HZ28_2023/2366337/30582194-6_digital-image.png?impolicy=s-offers&imwidth=200&output-format=image/webp,,https://shop.rewe.de/p/noel-chorizo-paprikasalami/2366337,,je 100 g,Aktion,"1,59 €","ProduktbeschreibungArtikelnummer 2366337Frisch für dich aus unserer Servicetheke. 
 
Zutaten: Schweinefleisch und Fett, Salz, Dextrin, Paprika, Dextrose, Laktose, Milchprotein, Cayennepfeffer, Knoblauch, Antioxidationsmittel (E316), Konservierungsmittel (E250, E252), Muskatnuss, Oregano. 
 
100g Chorizo extra werden aus 123g Schweinfleisch hergestellt. 
 
Nährwerte je 100g: 
Energie: 1533kJ 
Energie: 370kcal 
Fett: 30g 
Fett, davon gesättigte Fettsäuren: 11g 
Kohlenhydrate: 2,9g 
Kohlenhydrate, davon Zucker: 1,2g 
Eiweiß: 22g 
Salz: 3,5g... mehr anzeigenMaximale Bestellmenge: 15 StückFür die vorstehenden Angaben wird keine Haftung übernommen. Bitte prüfen Sie im Einzelfall die Angaben auf der jeweiligen Produktverpackung, nur diese sind verbindlich.Das Produktdesign kann von der Abbildung abweichen.",Felix-Wankel-Strasse 20,Rewe,Frische & Convenience,2023-07-09,"Gültig ab morgen bis Samstag, 15.07.2023"
Billie Green Veganer Bacon oder vegane Schinkenwürfel,https://img.rewe-static.de/REWE_CENTER_HZ28_2023/8778253/36494897-11_digital-image.png?impolicy=s-offers&imwidth=200&output-format=image/webp,,https://shop.rewe.de/p/billie-green-veganer-bacon-90g/8778253,,"je 90-g-Pckg , (1 kg = 17.67)",Aktion,"1,59 €","ProduktbeschreibungArtikelnummer 8778253Zutaten & AllergeneZutaten: 45% WEIZENGLUTEN, Trinkwasser, Knoblauch, Zitronensaft aus Zitronensaftkonzentrat, Rapsöl, Dextrose, Speisesalz, Tomatenmark, natürliches Aroma, fraktioniertes Erbsenmehl, färbende Lebensmittel: Paprikakonzentrat, Rettichkonzentrat, Karottenkonzentrat; 0,7% texturiertes WEIZENPROTEIN (WEIZENPROTEIN, WEIZENMEHL), Zitrusfaser, Rauchsalz (Salz, Rauch), Buchenholzrauch. Kann Spuren von Ei, Soja, Milch und Laktose enthalten.Allergenhinweise: Enthält: Weizen und Weizenerzeugnisse (glutenhaltiges Getreide). Kann enthalten: Eier und Eierzeugnisse. Soja und Sojaerzeugnisse. Milch und Milcherzeugnisse (einschließlich Lactose). Milchzucker (Laktose).NährwerteDurchschnittliche NährwerteUnzubereitet pro 100 gEnergie960 kJEnergie228 kcalFett6 gFett, davon gesättigte Fettsäuren0,8 gKohlenhydrate7,4 gKohlenhydrate, davon Zucker5,4 gBallaststoffe2,3 gEiweiß35 gSalz2,8 gHinweiseAufbewahrungs- und Verwendungshinweis: Ungeöffnet bei max. +7 °C mindestens haltbar bis: siehe VerpackungsaufdruckInformation: Unter Schutzatmosphäre verpackt.ArtikeldetailsMarke: Billie GreenEigenschaften: Vegetarisch, VeganUrsprungsland: DeutschlandKontaktKontaktname: The Plantly Butchers GmbH & Co. KGKontaktadresse: Lise-Meitner-Straße 3, 49076 OsnabrückMaximale Bestellmenge: 15 StückFür die vorstehenden Angaben wird keine Haftung übernommen. Bitte prüfen Sie im Einzelfall die Angaben auf der jeweiligen Produktverpackung, nur diese sind verbindlich.Das Produktdesign kann von der Abbildung abweichen.",Felix-Wankel-Strasse 20,Rewe,Frische & Convenience,2023-07-09,"Gültig ab morgen bis Samstag, 15.07.2023"
Citterio Mailänder Salami Strafino,https://img.rewe-static.de/REWE_CENTER_HZ28_2023/5310075/23629963-7_digital-image.png?impolicy=s-offers&imwidth=200&output-format=image/webp,,https://shop.rewe.de/p/billie-green-veganer-bacon-90g/8778253,,je 100 g,Aktion,"2,19 €","b'ProduktbeschreibungArtikelnummer 5310075Frisch f\xc3\xbcr dich aus unserer Servicetheke.\n\nZutaten: Schweinefleisch, Nitritp\xc3\xb6kelsalz (Kochsalz), Konservierungsstoff: E250 Gew\xc3\xbcrze, Zucker, Gew\xc3\xbcrzkr\xc3\xa4uter Antioxidationsmittel: E300, E 301, Konservierungsstoff. E252.\n\n100g Salami werden hergestellt aus 155g Schweinefleisch.\n\nN\xc3\xa4hrwerte je 100g:\nEnergie: 1660kj\nEnergie: 400kcal\nFett: 32g\nFett, davon ges\xc3\xa4ttigte Fetts\xc3\xa4uren: 13g\nKohlenhydrate: 0,5g\nKohlenhydrate, davon Zucker: 0,5g\nEiwei\xc3\x9f: 28g\nSalz: 4,6g fein gek\xc3\xb6rnte Spitzenqualit\xc3\xa4t, leicht ger\xc3\xa4uchert, mindestens 3 Monate gereiftZutaten & AllergeneZutaten: Schweinefleisch, Nitritp\xc3\xb6kelsalz (Kochsalz, Konservierungsstoff: Natriumnitrit), Zucker, Gew\xc3\xbcrze, Gew\xc3\xbcrzkr\xc3\xa4uter, Antioxidationsmittel: Natriumascorbat, Ascorbins\xc3\xa4ure; Konservierungsstoff: Kaliumnitrat. 100g Salami hergestellt aus 155g Schweinefleisch.Allergenhinweise: Enth\xc3\xa4lt: Keine deklarationspflichtigen Allergene enthalten.N\xc3\xa4hrwerteDurchschnittliche N\xc3\xa4hrwerteUnzubereitet pro 100 gEnergie1.660 kJEnergie400 kcalFett32 gFett, davon ges\xc3\xa4ttigte Fetts\xc3\xa4uren13 gKohlenhydrate0,5 gKohlenhydrate, davon Zucker0,5 gEiwei\xc3\x9f28 gSalz4,6 gHinweiseAufbewahrungs- und Verwendungshinweis: Unter +7\xc2\xb0C lagern, nach dem \xc3\x96ffnen innerhalb kurzer Zeit verzehren.Information: Konservierungsstoff: E250 (Natriumnitrit), E252(Kaliumnitrat); Antioxidationsmittel: E301 (Natriumascorbat), E300 (Ascorbins\xc3\xa4ure); Wursth\xc3\xbclle nicht essbar.ArtikeldetailsUrsprungsland: ItalienKontaktKontaktname: Giuseppe Citterio Salumificio S.P.A.Kontaktadresse: Corso Europa 206, 20017 RhoMaximale Bestellmenge: 15 St\xc3\xbcckF\xc3\xbcr die vorstehenden Angaben wird keine Haftung \xc3\xbcbernommen. Bitte pr\xc3\xbcfen Sie im Einzelfall die Angaben auf der jeweiligen Produktverpackung, nur diese sind verbindlich.Das Produktdesign kann von der Abbildung abweichen.'",Felix-Wankel-Strasse 20,Rewe,Frische & Convenience,2023-07-09,"Gültig ab morgen bis Samstag, 15.07.2023"
Bonduelle Mild & Wild,https://img.rewe-static.de/REWE_CENTER_HZ28_2023/7696518/38578908-2_digital-image.png?impolicy=s-offers&imwidth=200&output-format=image/webp,,https://shop.rewe.de/productList?search=7696518,,"je 140-g-Btl , (1 kg = 12.79)",Aktion,"1,79 €",,Felix-Wankel-Strasse 20,Rewe,Frische & Convenience,2023-07-09,"Gültig ab morgen bis Samstag, 15.07.2023"
Frischkäse- zubereitung,https://img.rewe-static.de/REWE_CENTER_HZ28_2023/7696999/33031571-2_digital-image.png?impolicy=s-offers&imwidth=200&output-format=image/webp,,https://shop.rewe.de/productList?search=7696999,,"mit Lauchzwiebel , je 100 g",Aktion,"1,19 €",,Felix-Wankel-Strasse 20,Rewe,Frische & Convenience,2023-07-09,"Gültig ab morgen bis Samstag, 15.07.2023"
Bonduelle Kopfsalat,https://img.rewe-static.de/REWE_CENTER_HZ28_2023/3420657/31569161-16_digital-image.png?impolicy=s-offers&imwidth=200&output-format=image/webp,,https://shop.rewe.de/p/bonduelle-kopfsalat-mit-gartenkraeutern-175g/3420657,,"je 175-g-Btl , (1 kg = 10.23)",Aktion,"1,79 €","ProduktbeschreibungArtikelnummer 3420657Zutaten & AllergeneZutaten: Kopfsalat, 3% Schnittlauch, 1% DillNährwerteDurchschnittliche NährwerteUnzubereitet pro 100 gEnergie62 kJEnergie15 kcalFett0,2 gFett, davon gesättigte Fettsäuren0 gKohlenhydrate1,1 gKohlenhydrate, davon Zucker1 gBallaststoffe1,5 gEiweiß1,3 gSalz0,05 gHinweiseAufbewahrungs- und Verwendungshinweis: Kühl lagern bei +2°C bis + 7°C.Information: Unter Schutzatmosphäre verpacktArtikeldetailsMarke: BonduelleUrsprungsland: DeutschlandKontaktKontaktname: Bonduelle Deutschland GmbHKontaktadresse: 72766 ReutlingenMaximale Bestellmenge: 15 StückFür die vorstehenden Angaben wird keine Haftung übernommen. Bitte prüfen Sie im Einzelfall die Angaben auf der jeweiligen Produktverpackung, nur diese sind verbindlich.Das Produktdesign kann von der Abbildung abweichen.",Felix-Wankel-Strasse 20,Rewe,Frische & Convenience,2023-07-09,"Gültig ab morgen bis Samstag, 15.07.2023"
Ponnath Delikatess Prosciutto Cotto,https://img.rewe-static.de/REWE_CENTER_HZ28_2023/2231617/25159847-9_digital-image.png?impolicy=s-offers&imwidth=200&output-format=image/webp,,https://shop.rewe.de/p/bonduelle-kopfsalat-mit-gartenkraeutern-175g/3420657,,"je 150-g-Pckg , (1 kg = 15.27)",Aktion,"2,29 €","b'ProduktbeschreibungArtikelnummer 2231617Original italienisches Rezept. Zutaten & AllergeneZutaten: Schweinefleisch, S\xc3\xa4ureregulatoren: Kaliumlactat, Natriumacetate; jodiertes Speisesalz (Speisesalz, Kaliumjodat), Glukosesirup, Gew\xc3\xbcrzextrakte, Gew\xc3\xbcrze, Stabilisator: Triphosphate, Antioxidationsmittel: Natriumascorbat, Konservierungsstoff: Natriumnitrit.N\xc3\xa4hrwerteDurchschnittliche N\xc3\xa4hrwerteUnzubereitet pro 100 gEnergie455 kJEnergie108 kcalFett2,5 gFett, davon ges\xc3\xa4ttigte Fetts\xc3\xa4uren1,1 gKohlenhydrate1 gKohlenhydrate, davon Zucker0,8 gEiwei\xc3\x9f20,2 gSalz2,1 gHinweiseAufbewahrungs- und Verwendungshinweis: Bei unter + 7\xc2\xb0CInformation: Unter Schutzatmosph\xc3\xa4re verpackt.ArtikeldetailsMarke: PonnathUrsprungsland: DeutschlandKontaktKontaktname: Ponnath DIE MEISTERMETZGER GmbHKontaktadresse: Bayreuther Str. 40, D-95478 KemnathF\xc3\xbcr die vorstehenden Angaben wird keine Haftung \xc3\xbcbernommen. Bitte pr\xc3\xbcfen Sie im Einzelfall die Angaben auf der jeweiligen Produktverpackung, nur diese sind verbindlich.Das Produktdesign kann von der Abbildung abweichen.'",Felix-Wankel-Strasse 20,Rewe,Frische & Convenience,2023-07-09,"Gültig ab morgen bis Samstag, 15.07.2023"
ja! Frisches ganzes Hähnchen,https://img.rewe-static.de/REWE_CENTER_HZ28_2023/7955894/37972233-17_digital-image.png?impolicy=s-offers&imwidth=200&output-format=image/webp,,https://shop.rewe.de/p/ja-haehnchen/7955894,,"ohne Hals und Innereien, Hkl. A, Haltungsform 2, SB-verpackt , je 1 kg",Tiefpreis,"4,99 €","ProduktbeschreibungArtikelnummer 7955894Zutaten & AllergeneZutaten: KEINE  KEINENährwerteDurchschnittliche Nährwertepro 100 gEnergie562 kJEnergie134 kcalFett6 gFett, davon gesättigte Fettsäuren2 gKohlenhydrate0 gKohlenhydrate, davon Zucker0 gBallaststoffe0 gEiweiß20 gSalz0,15 gArtikeldetailsMarke: ja!NachhaltigkeitWeitere Informationen zu den Siegeln findest du in unserer Siegelkunde.Für die vorstehenden Angaben wird keine Haftung übernommen. Bitte prüfen Sie im Einzelfall die Angaben auf der jeweiligen Produktverpackung, nur diese sind verbindlich.Das Produktdesign kann von der Abbildung abweichen.",Felix-Wankel-Strasse 20,Rewe,Frische & Convenience,2023-07-09,"Gültig ab morgen bis Samstag, 15.07.2023"
Landliebe Joghurt mild,https://img.rewe-static.de/REWE_CENTER_HZ28_2023/4629582/3136260-24_digital-image.png?impolicy=s-offers&imwidth=200&output-format=image/webp,,https://shop.rewe.de/p/landliebe-fettarmer-joghurt-mild-200g/4629582,,"1,5% Fett , je 200-g-Becher , (1 kg = 1.95)",Aktion,"0,39 €","ProduktbeschreibungArtikelnummer 4629582Zutaten & AllergeneAllergenhinweise: Enthält: Milch und Milcherzeugnisse (einschließlich Lactose).NährwerteDurchschnittliche NährwerteUnzubereitet pro 100 gEnergie207 kJEnergie49 kcalFett1,5 gFett, davon gesättigte Fettsäuren1 gKohlenhydrate4,5 gKohlenhydrate, davon Zucker4,5 gEiweiß4,4 gSalz0,14 gHinweiseAufbewahrungs- und Verwendungshinweis: Bei +8 °C mindestens haltbar bis: siehe DeckelArtikeldetailsMarke: LandliebeUrsprungsland: DeutschlandPackungsgröße: 200gKontaktKontaktname: Landliebe Molkereiprodukte GmbHKontaktadresse: 74078 Heilbronn DEUTSCHLANDFür die vorstehenden Angaben wird keine Haftung übernommen. Bitte prüfen Sie im Einzelfall die Angaben auf der jeweiligen Produktverpackung, nur diese sind verbindlich.Das Produktdesign kann von der Abbildung abweichen.",Felix-Wankel-Strasse 20,Rewe,Kühlung,2023-07-09,"Gültig ab morgen bis Samstag, 15.07.2023"
Landliebe Vollmilchpudding,https://img.rewe-static.de/REWE_CENTER_HZ28_2023/8395149/37709425-7_digital-image.png?impolicy=s-offers&imwidth=200&output-format=image/webp,,https://shop.rewe.de/p/landliebe-fettarmer-joghurt-mild-200g/4629582,,"Schoko , je 225-g-Becher , (1 kg = 2.18)",Aktion,"0,49 €","b'ProduktbeschreibungArtikelnummer 8395149Zutaten & AllergeneZutaten: 86% VOLLMILCH, Zucker, 4 % Schokoladenpulver (Zucker, Kakao), modifizierte St\xc3\xa4rke, 1,5 % fettarmer Kakao, St\xc3\xa4rke.Allergenhinweise: Enth\xc3\xa4lt: Milch und Milcherzeugnisse (einschlie\xc3\x9flich Lactose).N\xc3\xa4hrwerteDurchschnittliche N\xc3\xa4hrwerteUnzubereitet pro 100 gEnergie442 kJEnergie105 kcalFett3,7 gFett, davon ges\xc3\xa4ttigte Fetts\xc3\xa4uren2,5 gKohlenhydrate14 gKohlenhydrate, davon Zucker11 gEiwei\xc3\x9f3,5 gSalz0,15 gHinweiseAufbewahrungs- und Verwendungshinweis: Unge\xc3\xb6ffnet bei +8\xc2\xb0C mindestens haltbar bis: siehe Deckel.ArtikeldetailsMarke: LandliebeUrsprungsland: DeutschlandKontaktKontaktname: Landliebe Molkereiprodukte GmbHKontaktadresse: 74078 Heilbronn DEUTSCHLANDMaximale Bestellmenge: 15 St\xc3\xbcckF\xc3\xbcr die vorstehenden Angaben wird keine Haftung \xc3\xbcbernommen. Bitte pr\xc3\xbcfen Sie im Einzelfall die Angaben auf der jeweiligen Produktverpackung, nur diese sind verbindlich.Das Produktdesign kann von der Abbildung abweichen.'",Felix-Wankel-Strasse 20,Rewe,Kühlung,2023-07-09,"Gültig ab morgen bis Samstag, 15.07.2023"
Landliebe Sahnepudding,https://img.rewe-static.de/REWE_CENTER_HZ28_2023/2861852/1862900-49_digital-image.png?impolicy=s-offers&imwidth=200&output-format=image/webp,,https://shop.rewe.de/p/landliebe-fettarmer-joghurt-mild-200g/4629582,,"Schokolade , je 150-g-Becher , (1 kg = 3.27)",Aktion,"0,49 €","b'ProduktbeschreibungArtikelnummer 2861852Zutaten & AllergeneZutaten: 82% SAHNE, 9% Schokoladenpulver (Zucker, Kakao*), Zucker, modifizierte St\xc3\xa4rke, 0,9% fettarmer Kakao*, St\xc3\xa4rke.Allergenhinweise: Enth\xc3\xa4lt: Milch und Milcherzeugnisse (einschlie\xc3\x9flich Lactose).N\xc3\xa4hrwerteDurchschnittliche N\xc3\xa4hrwerteUnzubereitet pro 100 gEnergie680 kJEnergie163 kcalFett8,8 gFett, davon ges\xc3\xa4ttigte Fetts\xc3\xa4uren6 gKohlenhydrate17 gKohlenhydrate, davon Zucker14 gEiwei\xc3\x9f3,3 gSalz0,11 gHinweiseAufbewahrungs- und Verwendungshinweis: Bei +8 \xc2\xb0C mindestens haltbar bis: siehe Deckel.Information: * Rainforest Alliance-zertifizierter Kakao. Weitere Informationen unter ra.org.ArtikeldetailsMarke: LandliebeUrsprungsland: DeutschlandSorte: SchokoladeKontaktKontaktname: Landliebe Molkereiprodukte GmbHKontaktadresse: 74078 Heilbronn DEUTSCHLANDMaximale Bestellmenge: 15 St\xc3\xbcckF\xc3\xbcr die vorstehenden Angaben wird keine Haftung \xc3\xbcbernommen. Bitte pr\xc3\xbcfen Sie im Einzelfall die Angaben auf der jeweiligen Produktverpackung, nur diese sind verbindlich.Das Produktdesign kann von der Abbildung abweichen.'",Felix-Wankel-Strasse 20,Rewe,Kühlung,2023-07-09,"Gültig ab morgen bis Samstag, 15.07.2023"
Landliebe Fruchtjoghurt,https://img.rewe-static.de/REWE_CENTER_HZ28_2023/8627792/33528272-4_digital-image.png?impolicy=s-offers&imwidth=200&output-format=image/webp,,https://shop.rewe.de/p/landliebe-joghurt-erdbeere-150g/8627792,,"Erdbeere , je 150-g-Becher , (1 kg = 2.60)",Aktion,"0,39 €","ProduktbeschreibungArtikelnummer 8627792Zutaten & AllergeneZutaten: JOGHURT, Erdbeeren*, Zucker, Erdbeersaft* aus Erdbeersaftkonzentrat, modifizierte Stärke, färbendes Pflanzenkonzentrat (Rote Bete), natürliches Aroma, Verdickungsmittel Pektine.* Frucht im Endprodukt: 11%Allergenhinweise: Enthält: Milch und Milcherzeugnisse (einschließlich Lactose).NährwerteDurchschnittliche NährwerteUnzubereitet pro 100 gEnergie370 kJEnergie88 kcalFett3,1 gFett, davon gesättigte Fettsäuren2,1 gKohlenhydrate12 gKohlenhydrate, davon Zucker10 gEiweiß2,9 gSalz0,11 gHinweiseAufbewahrungs- und Verwendungshinweis: Bei +8 °C mindestens haltbar bis: siehe DeckelArtikeldetailsMarke: LandliebeUrsprungsland: DeutschlandKontaktKontaktname: Landliebe Molkereiprodukte GmbHKontaktadresse: 74078 Heilbronn DEUTSCHLANDFür die vorstehenden Angaben wird keine Haftung übernommen. Bitte prüfen Sie im Einzelfall die Angaben auf der jeweiligen Produktverpackung, nur diese sind verbindlich.Das Produktdesign kann von der Abbildung abweichen.",Felix-Wankel-Strasse 20,Rewe,Kühlung,2023-07-09,"Gültig ab morgen bis Samstag, 15.07.2023"
Landliebe Joghurt,https://img.rewe-static.de/REWE_CENTER_HZ28_2023/6737188/7396340-14_digital-image.png?impolicy=s-offers&imwidth=200&output-format=image/webp,,https://shop.rewe.de/p/landliebe-joghurt-erdbeere-150g/8627792,,"versch. Sorten , je 500-g-Glas , (1 kg = 1.98) , zzgl. 0.15 Pfand",Aktion,"0,99 €","b'ProduktbeschreibungArtikelnummer 6737188Zutaten & AllergeneZutaten: Joghurt mildAllergenhinweise: Enth\xc3\xa4lt: Milch und Milcherzeugnisse (einschlie\xc3\x9flich Lactose).N\xc3\xa4hrwerteDurchschnittliche N\xc3\xa4hrwerteUnzubereitet pro 100 gEnergie336 kJEnergie80 kcalFett3,8 gFett, davon ges\xc3\xa4ttigte Fetts\xc3\xa4uren2,6 gKohlenhydrate6,2 gKohlenhydrate, davon Zucker6,2 gEiwei\xc3\x9f5,3 gSalz0,1 gHinweiseAufbewahrungs- und Verwendungshinweis: Bei +8 \xc2\xb0C mindestens haltbar bis:siehe VerpackungsaufdruckArtikeldetailsMarke: LandliebeUrsprungsland: DeutschlandKontaktKontaktname: Landliebe Molkereiprodukte GmbHKontaktadresse: 74078 Heilbronn DEUTSCHLANDMaximale Bestellmenge: 15 St\xc3\xbcckF\xc3\xbcr die vorstehenden Angaben wird keine Haftung \xc3\xbcbernommen. Bitte pr\xc3\xbcfen Sie im Einzelfall die Angaben auf der jeweiligen Produktverpackung, nur diese sind verbindlich.Das Produktdesign kann von der Abbildung abweichen.'",Felix-Wankel-Strasse 20,Rewe,Kühlung,2023-07-09,"Gültig ab morgen bis Samstag, 15.07.2023"
Alpro Mandel Drink,https://img.rewe-static.de/REWE_CENTER_HZ28_2023/3215020/26398683-18_digital-image.png?impolicy=s-offers&imwidth=200&output-format=image/webp,,https://shop.rewe.de/p/landliebe-joghurt-erdbeere-150g/8627792,,"versch. Sorten , je 1-l-Pckg",Aktion,"1,99 €","b'ProduktbeschreibungArtikelnummer 3215020FEINER MARZIPAN-GESCHMACK. Unser Drink schmeckt frisch und cremig mit Mandeln, die aus Italien und Spanien kommen. Unger\xc3\xb6stet behalten sie ihr urspr\xc3\xbcnglich feines Aroma. Ein EINZIGARTIGES MANDELERLEBNIS nach italienischer Art. Ein Genuss zu M\xc3\xbcsli oder gek\xc3\xbchlt im Glas. DRINK \xe2\x80\x93 ALMOND \xe2\x80\x93 UNROASTED \xe2\x80\x93 NS \xe2\x80\x93 SD \xe2\x80\x93 LONG \xe2\x80\x93 SIG2 Mit CALCIUM und Vitamin D2, die zur Erhaltung der Knochen beitragen. Von Natur aus FETTARM. Au\xc3\x9ferdem OHNE ein einzigesg ZUCKER! VOR ALLEM DURCH REGEN BEW\xc3\x84SSERT, verbraucht 8-mal weniger Wasser als herk\xc3\xb6mmlich bew\xc3\xa4sserte Mandeln.* *Werte basieren auf einer \xc3\x96kobilanz des Alpro Mandeldrinks vs. Milch in der EU, (Expertengutachten: Quantis 2021). Unsere Mandeln verbrauchen 80% des f\xc3\xbcr die Herstellung dieses Produktes ben\xc3\xb6tigten Wassers. Unsere Mandeln brauchen mehr Land als herk\xc3\xb6mmlich bew\xc3\xa4sserte Mandeln. Ihr Wasserbedarf wird mindestens zu 2/3 durch Regen abgedeckt. Mehr auf alpro.com/planetZutaten & AllergeneZutaten: Wasser, MANDELN (2,3%), Calcium (Tricalciumphosphat), Meersalz, Stabilisatoren (Johannisbrotkernmehl, Gellan), Emulgator (Lecithine), nat\xc3\xbcrliches Aroma, Vitamine (B2, B12, E, D2). Mandeln aus Italien und Spanien. Kann Spuren von Schalenfr\xc3\xbcchten (keine Erdn\xc3\xbcsse) enthalten.Allergenhinweise: MANDELNEnth\xc3\xa4lt: N\xc3\xbcsse und Nusserzeugnisse.N\xc3\xa4hrwerteDurchschnittliche N\xc3\xa4hrwerteUnzubereitet pro 100 mlEnergie56 kJEnergie13 kcalFett1,1 gFett, davon ges\xc3\xa4ttigte Fetts\xc3\xa4uren0,1 gFett, davon einfach unges\xc3\xa4ttigte Fetts\xc3\xa4uren0,8 gFett, davon mehrfach unges\xc3\xa4ttigte Fetts\xc3\xa4uren0,2 gKohlenhydrate0 gKohlenhydrate, davon Zucker0 gBallaststoffe0,2 gEiwei\xc3\x9f0,5 gSalz0,14 gVitamin D0,75 \xc2\xb5gVitamin E1,8 mgVitamin C0 mgThiamin0,09 mgRiboflavin0,21 mgCalcium120 mgNatrium0,06 gVitamin B120,38 \xc2\xb5gLaktose0 gHinweiseAufbewahrungs- und Verwendungshinweis: Mindestens haltbar bis: siehe Oberseite. Nach Anbruch 5 Tage im K\xc3\xbchlschrank haltbar (+1\xc2\xb0C bis +7\xc2\xb0C). Gut sch\xc3\xbctteln.Information: Ohne ZuckerArtikeldetailsMarke: AlproEigenschaften: Laktosefrei, VeganUrsprungsland: GrossbritannienServiervorschlag: 100% pflanzlich.KontaktKontaktname: Danone Deutschland GmbHKontaktadresse: Postfach 100359, 60003 FrankfurtF\xc3\xbcr die vorstehenden Angaben wird keine Haftung \xc3\xbcbernommen. Bitte pr\xc3\xbcfen Sie im Einzelfall die Angaben auf der jeweiligen Produktverpackung, nur diese sind verbindlich.Das Produktdesign kann von der Abbildung abweichen.'",Felix-Wankel-Strasse 20,Rewe,Kühlung,2023-07-09,"Gültig ab morgen bis Samstag, 15.07.2023"
Meggle Kräuter-Tube Vegan,https://img.rewe-static.de/REWE_CENTER_HZ28_2023/7814816/35135529-6_digital-image.png?impolicy=s-offers&imwidth=200&output-format=image/webp,,https://shop.rewe.de/p/landliebe-joghurt-erdbeere-150g/8627792,,"je 80-ml-Tube , (1 l = 18.63)",Aktion,"1,49 €","b'ProduktbeschreibungArtikelnummer 7814816Zutaten & AllergeneZutaten: Pflanzliche \xc3\x96le und Fette (Raps, Kokos, Shea, in ver\xc3\xa4nderlichen Gewichtsanteilen), Wasser, Zwiebeln 11%, Petersilie 6%, Knoblauch 4%, Salz, St\xc3\xa4rke, Gew\xc3\xbcrze, Kr\xc3\xa4uter, Zitronensaftkonzentrat, Emulgatoren: Lecithin (SOJA), Mono- und Diglyceride von Speisefetts\xc3\xa4uren; nat\xc3\xbcrliches Knoblaucharoma, Farbstoff: Beta-Carotin.N\xc3\xa4hrwerteDurchschnittliche N\xc3\xa4hrwerteUnzubereitet pro 100 gEnergie2.092 kJEnergie509 kcalFett55 gFett, davon ges\xc3\xa4ttigte Fetts\xc3\xa4uren16 gKohlenhydrate2,3 gKohlenhydrate, davon Zucker0,9 gEiwei\xc3\x9f0,6 gSalz1,9 gHinweiseAufbewahrungs- und Verwendungshinweis: K\xc3\xbchlung bei < 10 \xc2\xb0C ohne UnterbrechungArtikeldetailsMarke: MeggleEigenschaften: Vegan, LaktosefreiUrsprungsland: DeutschlandKontaktKontaktname: MEGGLE GmbH & Co. KGKontaktadresse: Megglestr. 6-12 83512 WasserburgF\xc3\xbcr die vorstehenden Angaben wird keine Haftung \xc3\xbcbernommen. Bitte pr\xc3\xbcfen Sie im Einzelfall die Angaben auf der jeweiligen Produktverpackung, nur diese sind verbindlich.Das Produktdesign kann von der Abbildung abweichen.'",Felix-Wankel-Strasse 20,Rewe,Kühlung,2023-07-09,"Gültig ab morgen bis Samstag, 15.07.2023"
Meggle Kräuter-Butter,https://img.rewe-static.de/REWE_CENTER_HZ28_2023/4529472/7395990-34_digital-image.png?impolicy=s-offers&imwidth=200&output-format=image/webp,,https://shop.rewe.de/p/landliebe-joghurt-erdbeere-150g/8627792,,"je 5 x 20-g-Pckg , (1 kg = 14.90)",Aktion,"1,49 €","b'ProduktbeschreibungArtikelnummer 4529472Zutaten & AllergeneZutaten: BUTTER, Zwiebeln, Petersilie 6%, Knoblauch 3%, Salz, Kr\xc3\xa4uter, Gew\xc3\xbcrze, St\xc3\xa4rke, Zitronensaft*, nat\xc3\xbcrliches Knoblaucharoma. *aus KonzentratAllergenhinweise: Enth\xc3\xa4lt: Milch und Milcherzeugnisse (einschlie\xc3\x9flich Lactose).N\xc3\xa4hrwerteDurchschnittliche N\xc3\xa4hrwerteUnzubereitet pro 100 gEnergie2.377 kJEnergie578 kcalFett62 gFett, davon ges\xc3\xa4ttigte Fetts\xc3\xa4uren40 gKohlenhydrate3,3 gKohlenhydrate, davon Zucker2,4 gBallaststoffe0,6 gEiwei\xc3\x9f1,2 gSalz2,1 gNatrium0,85 gHinweiseAufbewahrungs- und Verwendungshinweis: K\xc3\xbchlung bei < 10 \xc2\xb0C ohne Unterbrechung oder tiefgek\xc3\xbchlt (\xe2\x89\xa4-18 \xc2\xb0C)ArtikeldetailsMarke: MeggleUrsprungsland: DeutschlandPackungsgr\xc3\xb6\xc3\x9fe: 5x20gKontaktKontaktname: MEGGLE GmbH & Co. KGKontaktadresse: Megglestr. 6-1283512 WasserburgMaximale Bestellmenge: 15 St\xc3\xbcckF\xc3\xbcr die vorstehenden Angaben wird keine Haftung \xc3\xbcbernommen. Bitte pr\xc3\xbcfen Sie im Einzelfall die Angaben auf der jeweiligen Produktverpackung, nur diese sind verbindlich.Das Produktdesign kann von der Abbildung abweichen.'",Felix-Wankel-Strasse 20,Rewe,Kühlung,2023-07-09,"Gültig ab morgen bis Samstag, 15.07.2023"
Cheestrings Original,https://img.rewe-static.de/REWE_CENTER_HZ28_2023/7033238/26586529-15_digital-image.png?impolicy=s-offers&imwidth=200&output-format=image/webp,,https://shop.rewe.de/p/landliebe-joghurt-erdbeere-150g/8627792,,"je 4 x 20-g-Pckg , (1 kg = 21.13)",Aktion,"1,69 €","b'ProduktbeschreibungArtikelnummer 7033238Zutaten & AllergeneZutaten: MILCH (96%), Salz, S\xc3\xa4ureregulatoren (Citronens\xc3\xa4ure, Milchs\xc3\xa4ure), Mikrobieller Labersatzstoff, Starterkulturen (MILCH), Vitamin B6, Vitamin B12.Allergenhinweise: Enth\xc3\xa4lt: Milch und Milcherzeugnisse (einschlie\xc3\x9flich Lactose).N\xc3\xa4hrwerteDurchschnittliche N\xc3\xa4hrwerteUnzubereitet pro 100 gEnergie1.264 kJEnergie304 kcalFett22,5 gFett, davon ges\xc3\xa4ttigte Fetts\xc3\xa4uren14,2 gKohlenhydrate2,5 gKohlenhydrate, davon Zucker1 gEiwei\xc3\x9f23 gSalz1,8 gHinweiseAufbewahrungs- und Verwendungshinweis: Bei 4-8\xc2\xb0C mindestens haltbar bis: siehe VerpackungsaufdruckArtikeldetailsMarke: CheestringsUrsprungsland: IrlandKontaktKontaktname: Privatmolkerei Bauer GmbH & Co. KGKontaktadresse: 83512 Wasserburg/InnMaximale Bestellmenge: 15 St\xc3\xbcckF\xc3\xbcr die vorstehenden Angaben wird keine Haftung \xc3\xbcbernommen. Bitte pr\xc3\xbcfen Sie im Einzelfall die Angaben auf der jeweiligen Produktverpackung, nur diese sind verbindlich.Das Produktdesign kann von der Abbildung abweichen.'",Felix-Wankel-Strasse 20,Rewe,Kühlung,2023-07-09,"Gültig ab morgen bis Samstag, 15.07.2023"
"Mini Donuts Kakao
            2",https://img.rewe-static.de/REWE_CENTER_HZ28_2023/8436921/31449449-7_digital-image.png?impolicy=s-offers&imwidth=200&output-format=image/webp,,https://shop.rewe.de/p/rewe-beste-wahl-mini-donuts-9x20g-180g/8436921,,"frittiertes Hefeteiggebäck dekoriert mit dunkler kakaohaltiger Glasur , je 180-g-Pckg , (1 kg = 11.06)",Aktion,"1,99 €","ProduktbeschreibungArtikelnummer 8436921kakaohaltiger Fettglasur (15%); aufgetaut 

Zutaten: Mehl (WEIZEN); pflanzliche Öle und Fette (Palm; Kokos; Raps; Sonnenblumen); Wasser; Zucker; Hefe; fettarmes Kakaopulver (1,9%); SÜSSMOLKENPULVER (MILCH); Dextrose; Salz; SOJAMEHL; Backtriebmittel (E450i; E500ii); MAGERMILCHPULVER; Emulgator (E471; E481); natürliches Aroma. 

Kann Spuren von EI und SCHALENFRÜCHTEN enthalten.

Nährwerte je 100g:
Energie: 412kcal
Energie: 1719KJ
Fett: 24g
Fett, davon gesättigte Fettsäuren: 14g
Kohlenhydrate: 39g
Kohlenhydrate, davon Zucker: 11g
Eiweiß: 8,5g
Salz: 1,1g... mehr anzeigenArtikeldetailsMarke: REWE Beste WahlFür die vorstehenden Angaben wird keine Haftung übernommen. Bitte prüfen Sie im Einzelfall die Angaben auf der jeweiligen Produktverpackung, nur diese sind verbindlich.Das Produktdesign kann von der Abbildung abweichen.",Felix-Wankel-Strasse 20,Rewe,Kühlung,2023-07-09,"Gültig ab morgen bis Samstag, 15.07.2023"
"Choc Sprinkle Donut
            2",https://img.rewe-static.de/REWE_CENTER_HZ28_2023/2968825/27053303-12_digital-image.png?impolicy=s-offers&imwidth=200&output-format=image/webp,,https://shop.rewe.de/productList?search=2968825,,je St,Aktion,"1,00 €",,Felix-Wankel-Strasse 20,Rewe,Kühlung,2023-07-09,"Gültig ab morgen bis Samstag, 15.07.2023"
Riesengarnelen,https://img.rewe-static.de/REWE_CENTER_HZ28_2023/7238070/22260163-17_digital-image.png?impolicy=s-offers&imwidth=200&output-format=image/webp,,https://shop.rewe.de/p/beeck-riesengarnelen-in-dillcreme/7238070,,"in Dillcreme , je 100 g",Aktion,"2,99 €","ProduktbeschreibungArtikelnummer 7238070Frisch für dich aus unserer Servicetheke. Zutaten & AllergeneZutaten: ASC-GARNELEN 50 %, Rapsöl, JOGHURT, Wasser, Mango Chutney (Zucker, Mango, Zuckerrohr-Essig, Salz, Gewürze), Branntweinessig, EIGELB, Kräuter, Senf (Wasser, SENFSAATEN, Branntweinessig, Salz, Gewürz), modifizierte Kartoffelstärke, Maisstärke, Stabilisator: Guarkernmehl, Zucker, Schmelzkäsezubereitung (KÄSE, BUTTER, SPEISEQUARK, Wasser, MOLKENPULVER, Schmelzsalze: Natriumcitrate, Natriumpolyphosphat und Natriumphosphate, MILCHPROTEINE, Pfeffer), Säuerungsmittel: Citronensäure, Essigsäure und Milchsäure, Säureregulator: Natriumacetat, Salz, Gewürze, GewürzextraktAllergenhinweise: Enthält: Krebstiere und Krebstiererzeugnisse. Eier und Eierzeugnisse. Hülsenfrüchte und Nebenerzeugnisse. Senf- und Senferzeugnisse. Milchzucker (Laktose). Milch und Milcherzeugnisse (einschließlich Lactose). Mais und Maiserzeugnisse.NährwerteDurchschnittliche NährwerteUnzubereitet pro 100 gEnergie931 kJEnergie225 kcalFett20,1 gFett, davon gesättigte Fettsäuren2,1 gKohlenhydrate3,4 gKohlenhydrate, davon Zucker2,7 gEiweiß7,3 gSalz1,7 gHinweiseAufbewahrungs- und Verwendungshinweis: bei +2 °C bis +7 °C lagernInformation: mit MilcheiweißArtikeldetailsMarke: BeeckNettofüllmenge: 1 KGUrsprungsland: DeutschlandKontaktKontaktname: Deutsche See GmbHKontaktadresse: Maifischstrasse 3-9, 27572 BremerhavenFür die vorstehenden Angaben wird keine Haftung übernommen. Bitte prüfen Sie im Einzelfall die Angaben auf der jeweiligen Produktverpackung, nur diese sind verbindlich.Das Produktdesign kann von der Abbildung abweichen.",Felix-Wankel-Strasse 20,Rewe,Kühlung,2023-07-09,"Gültig ab morgen bis Samstag, 15.07.2023"
Milram Müritzer Scheiben,https://img.rewe-static.de/REWE_CENTER_HZ28_2023/7215406/27484152-9_digital-image.png?impolicy=s-offers&imwidth=200&output-format=image/webp,,https://shop.rewe.de/p/beeck-riesengarnelen-in-dillcreme/7238070,,"Schnittkäse, 55% Fett i.Tr. , je 150-g-Pckg , (1 kg = 9.93)",Knaller,"1,49 €","b'ProduktbeschreibungArtikelnummer 7215406Zutaten & AllergeneZutaten: pasteurisierte KUHMILCH, Speisesalz, S\xc3\xa4uerungskulturen, mikrobielles Lab, Farbstoff: Carotin, Annatto Norbixin(pflanzlicher Farbstoff)Allergenhinweise: Enth\xc3\xa4lt: Milch und Milcherzeugnisse (einschlie\xc3\x9flich Lactose).N\xc3\xa4hrwerteDurchschnittliche N\xc3\xa4hrwerteUnzubereitet pro 100 gEnergie1.599 kJEnergie386 kcalFett33 gFett, davon ges\xc3\xa4ttigte Fetts\xc3\xa4uren22,8 gKohlenhydrate< 0,1 gKohlenhydrate, davon Zucker< 0,1 gEiwei\xc3\x9f21 gSalz1,8 gCalcium650 mgHinweiseAufbewahrungs- und Verwendungshinweis: Unge\xc3\xb6ffnet bei +4\xc2\xb0C bis +8\xc2\xb0C mindestens haltbar bis: Nach dem \xc3\x96ffnen k\xc3\xbchl lagern und innerhalb weniger Tage verbrauchen.Information: unter Schutzatmosph\xc3\xa4re verpackt.ArtikeldetailsMarke: MilramEigenschaften: LaktosefreiUrsprungsland: DeutschlandKontaktKontaktname: DMK GmbHKontaktadresse: 27400 ZevenMaximale Bestellmenge: 15 St\xc3\xbcckF\xc3\xbcr die vorstehenden Angaben wird keine Haftung \xc3\xbcbernommen. Bitte pr\xc3\xbcfen Sie im Einzelfall die Angaben auf der jeweiligen Produktverpackung, nur diese sind verbindlich.Das Produktdesign kann von der Abbildung abweichen.'",Felix-Wankel-Strasse 20,Rewe,Kühlung,2023-07-09,"Gültig ab morgen bis Samstag, 15.07.2023"
"Rama zum Streichen, Backen & Kochen",https://img.rewe-static.de/REWE_CENTER_HZ28_2023/8826343/36666364-10_digital-image.png?impolicy=s-offers&imwidth=200&output-format=image/webp,,https://shop.rewe.de/p/beeck-riesengarnelen-in-dillcreme/7238070,,"je 400-g-Becher , (1 kg = 2.98)",Knaller,"1,19 €","b'ProduktbeschreibungArtikelnummer 8826343100% nat\xc3\xbcrliche Zutaten, 100% Pflanzlich, \nGern k\xc3\xbchl lagern. Mit 100% nat\xc3\xbcrlichen Zutaten ist Rama auch k\xc3\xbchlschrankkalt immer einsatzbereit.Zutaten & AllergeneZutaten: pflanzliche \xc3\x96le und Fette (Raps, Palm, Sonnenblumen in ver\xc3\xa4nderlichen Gewichtsanteilen), Trinkwasser, Speisesalz (0.5%), Emulgatoren (Lecithine, Mono- und Diglyceride von Speisefetts\xc3\xa4uren), nat\xc3\xbcrliche Aromen, S\xc3\xa4uerungsmittel (Citronens\xc3\xa4ure), Vitamine (A, D, E), Farbstoff (Carotin).N\xc3\xa4hrwerteDurchschnittliche N\xc3\xa4hrwerteUnzubereitet pro 100 gEnergie2.235 kJEnergie536 kcalFett60 gFett, davon ges\xc3\xa4ttigte Fetts\xc3\xa4uren21 gKohlenhydrate< 0,5 gKohlenhydrate, davon Zucker< 0,5 gEiwei\xc3\x9f< 0,5 gSalz0,5 gVitamin A800 \xc2\xb5gVitamin D7,5 \xc2\xb5gVitamin E9,2 mgHinweiseAufbewahrungs- und Verwendungshinweis: Beste Lagerung zwischen +2\xc2\xb0C und +15 \xc2\xb0C.ArtikeldetailsMarke: RamaUrsprungsland: DeutschlandKontaktKontaktname: Upfield Deutschland GmbHKontaktadresse: Postfach 10 25 27 20017 HamburgMaximale Bestellmenge: 15 St\xc3\xbcckF\xc3\xbcr die vorstehenden Angaben wird keine Haftung \xc3\xbcbernommen. Bitte pr\xc3\xbcfen Sie im Einzelfall die Angaben auf der jeweiligen Produktverpackung, nur diese sind verbindlich.Das Produktdesign kann von der Abbildung abweichen.'",Felix-Wankel-Strasse 20,Rewe,Kühlung,2023-07-09,"Gültig ab morgen bis Samstag, 15.07.2023"
Ehrmann Almighurt,https://img.rewe-static.de/REWE_CENTER_HZ28_2023/7659300/9176090-16_digital-image.png?impolicy=s-offers&imwidth=200&output-format=image/webp,,https://shop.rewe.de/p/beeck-riesengarnelen-in-dillcreme/7238070,,"versch. Sorten , je 150-g-Becher , (1 kg = 2.20)",Knaller,"0,33 €","b'ProduktbeschreibungArtikelnummer 7659300Erlesene Fruchtzubereitung aus Deutschland.Gute Allg\xc3\xa4uer Milch von Familienh\xc3\xb6fen.Zutaten & AllergeneZutaten: JOGHURT mild, Zucker, Heidelbeeren 6,8%, modifizierte St\xc3\xa4rke, f\xc3\xa4rbendes Pflanzenkonzentrat (Karotte), Verdickungsmittel (Pektine, Guarkernmehl), Aroma. Ohne Konservierungsstoffe.Allergenhinweise: Enth\xc3\xa4lt: JoghurtEnth\xc3\xa4lt: Milch und Milcherzeugnisse (einschlie\xc3\x9flich Lactose). Milchzucker (Laktose).N\xc3\xa4hrwerteDurchschnittliche N\xc3\xa4hrwerteUnzubereitet pro 100 gEnergie389 kJEnergie92 kcalFett2,7 gFett, davon ges\xc3\xa4ttigte Fetts\xc3\xa4uren1,8 gKohlenhydrate14 gKohlenhydrate, davon Zucker13 gEiwei\xc3\x9f3 gSalz0,1 gHinweiseAufbewahrungs- und Verwendungshinweis: Bei max. +8 \xc2\xb0C mindestens haltbar bis: siehe DeckelArtikeldetailsMarke: EhrmannUrsprungsland: DeutschlandSorte: HeidelbeereKontaktKontaktname: Ehrmann GmbHKontaktadresse: A.-Ehrmann-Stra\xc3\x9fe 2, 87770 Obersch\xc3\xb6neggMaximale Bestellmenge: 15 St\xc3\xbcckF\xc3\xbcr die vorstehenden Angaben wird keine Haftung \xc3\xbcbernommen. Bitte pr\xc3\xbcfen Sie im Einzelfall die Angaben auf der jeweiligen Produktverpackung, nur diese sind verbindlich.Das Produktdesign kann von der Abbildung abweichen.'",Felix-Wankel-Strasse 20,Rewe,Kühlung,2023-07-09,"Gültig ab morgen bis Samstag, 15.07.2023"
Mövenpick Caffè Macchiato,https://img.rewe-static.de/REWE_CENTER_HZ28_2023/2807955/969690-46_digital-image.png?impolicy=s-offers&imwidth=200&output-format=image/webp,,https://shop.rewe.de/p/beeck-riesengarnelen-in-dillcreme/7238070,,"koffeinhaltig , je 190-ml-Becher , (1 l = 4.68)",Aktion,"0,89 €","b'ProduktbeschreibungArtikelnummer 2807955F\xc3\xbcr alle, die es gerne mild und cremig m\xc3\xb6gen, ist unser ""Iced Coffee Macchiato"" genau das Richtige. Hier treffen feinste Hochland-Arabica-Bohnen auf Robusta-Bohnen und einen Schuss Vollmilch und kreieren so einen einzigartigen runden und harmonischen Milchkaffee.Zutaten & AllergeneZutaten: 79 % VOLLMILCH, 16% Kaffee (fl\xc3\xbcssiger Kaffee-Extrakt, Wasser), Zucker, Verdickungsmittel: Carrageen. Koffeingehalt: ca. 34 mg/100 mlAllergenhinweise: Enth\xc3\xa4lt: Milch und Milcherzeugnisse (einschlie\xc3\x9flich Lactose).N\xc3\xa4hrwerteDurchschnittliche N\xc3\xa4hrwerteUnzubereitet pro 100 gEnergie351 kJEnergie82 kcalFett3,7 gFett, davon ges\xc3\xa4ttigte Fetts\xc3\xa4uren2,6 gKohlenhydrate9,2 gKohlenhydrate, davon Zucker8,8 gEiwei\xc3\x9f3,4 gSalz0,1 gHinweiseAufbewahrungs- und Verwendungshinweis: Bei +8\xc2\xb0C mindestens haltbar bis: siehe DeckelArtikeldetailsMarke: M\xc3\xb6venpickUrsprungsland: DeutschlandSorte: MacchiatoKontaktKontaktname: Privatmolkerei BauerKontaktadresse: 83512 Wasserburg/InnMaximale Bestellmenge: 15 St\xc3\xbcckF\xc3\xbcr die vorstehenden Angaben wird keine Haftung \xc3\xbcbernommen. Bitte pr\xc3\xbcfen Sie im Einzelfall die Angaben auf der jeweiligen Produktverpackung, nur diese sind verbindlich.Das Produktdesign kann von der Abbildung abweichen.'",Felix-Wankel-Strasse 20,Rewe,Kühlung,2023-07-09,"Gültig ab morgen bis Samstag, 15.07.2023"
Mövenpick Caffè Cappuccino,https://img.rewe-static.de/REWE_CENTER_HZ28_2023/0021685/21145285-37_digital-image.png?impolicy=s-offers&imwidth=200&output-format=image/webp,,https://shop.rewe.de/p/beeck-riesengarnelen-in-dillcreme/7238070,,"koffeinhaltig , je 189-ml-Becher , (1 l = 4.71)",Aktion,"0,89 €","b'ProduktbeschreibungArtikelnummer 21685F\xc3\xbcr alle, die es gerne mild und schokoladig m\xc3\xb6gen, ist unser ""Iced Coffee Cappuccino"" genau das Richtige. Hier treffen feinste Hochland-Arabica-Bohnen auf Robusta-Bohnen, beste Milch und feinsten Kakao. Ein cremig-schokoladiger Eiskaffee - f\xc3\xbcr echte Cappuccino-Freunde.Zutaten & AllergeneZutaten: 79% fettarme MILCH, 16% Kaffee (fl\xc3\xbcssiger Kaffee-Extrakt, Wasser), Zucker, 0,5% Kakaopulver, Verdickungsmittel Carrageen. Koffeingehalt: ca. 37 mg/100 mlAllergenhinweise: Enth\xc3\xa4lt: Milch und Milcherzeugnisse (einschlie\xc3\x9flich Lactose).N\xc3\xa4hrwerteDurchschnittliche N\xc3\xa4hrwerteUnzubereitet pro 100 gEnergie277 kJEnergie66 kcalFett1,5 gFett, davon ges\xc3\xa4ttigte Fetts\xc3\xa4uren1 gKohlenhydrate9,4 gKohlenhydrate, davon Zucker8,9 gEiwei\xc3\x9f3,6 gSalz0,1 gHinweiseAufbewahrungs- und Verwendungshinweis: Bei +8\xc2\xb0C mindestens haltbar: siehe DeckelArtikeldetailsMarke: M\xc3\xb6venpickUrsprungsland: DeutschlandSorte: CappuccinoKontaktKontaktname: Privatmolkerei BauerKontaktadresse: 83512 WasserburgMaximale Bestellmenge: 15 St\xc3\xbcckF\xc3\xbcr die vorstehenden Angaben wird keine Haftung \xc3\xbcbernommen. Bitte pr\xc3\xbcfen Sie im Einzelfall die Angaben auf der jeweiligen Produktverpackung, nur diese sind verbindlich.Das Produktdesign kann von der Abbildung abweichen.'",Felix-Wankel-Strasse 20,Rewe,Kühlung,2023-07-09,"Gültig ab morgen bis Samstag, 15.07.2023"
Weihenstephan Butter oder die Streichzarte,https://img.rewe-static.de/REWE_CENTER_HZ28_2023/5005051/24074982-44_digital-image.png?impolicy=s-offers&imwidth=200&output-format=image/webp,,https://shop.rewe.de/p/beeck-riesengarnelen-in-dillcreme/7238070,,"versch. Sorten , je 250-g-Pckg , (1 kg = 6.36)",Aktion,"1,59 €","b'ProduktbeschreibungArtikelnummer 5005051Zutaten & AllergeneAllergenhinweise: Enth\xc3\xa4lt: Milch und Milcherzeugnisse (einschlie\xc3\x9flich Lactose).N\xc3\xa4hrwerteDurchschnittliche N\xc3\xa4hrwerteUnzubereitet pro 100 gEnergie3.074 kJEnergie747 kcalFett82 gFett, davon ges\xc3\xa4ttigte Fetts\xc3\xa4uren55 gKohlenhydrate1 gKohlenhydrate, davon Zucker1 gEiwei\xc3\x9f0,6 gSalz0,04 gHinweiseAufbewahrungs- und Verwendungshinweis: Bei maximal +8 \xc2\xb0C mindestens haltbar bis: siehe Verpackungsaufdruck.ArtikeldetailsMarke: WeihenstephanUrsprungsland: DeutschlandKontaktKontaktname: Molkerei Weihenstephan GmbH & Co. KGKontaktadresse: Milchstr. 1, D-85354 FreisingMaximale Bestellmenge: 15 St\xc3\xbcckF\xc3\xbcr die vorstehenden Angaben wird keine Haftung \xc3\xbcbernommen. Bitte pr\xc3\xbcfen Sie im Einzelfall die Angaben auf der jeweiligen Produktverpackung, nur diese sind verbindlich.Das Produktdesign kann von der Abbildung abweichen.'",Felix-Wankel-Strasse 20,Rewe,Kühlung,2023-07-09,"Gültig ab morgen bis Samstag, 15.07.2023"
Brunch Brotaufstrich,https://img.rewe-static.de/REWE_CENTER_HZ28_2023/8864032/37520400-10_digital-image.png?impolicy=s-offers&imwidth=200&output-format=image/webp,,https://shop.rewe.de/p/beeck-riesengarnelen-in-dillcreme/7238070,,"versch. Sorten , je 185-g-Becher , (1 kg = 6.43)",Aktion,"1,19 €","b'ProduktbeschreibungArtikelnummer 8864032Brunch Natur. Genuss durch den unverwechselbaren Geschmack und die besonders cremige Textur. Ideal nicht nur zum Streichen sondern auch zum Kochen, Dippen und Backen.\nHergestellt mit Milch aus der Bodensee - Region.Zutaten & AllergeneZutaten: 66% RAHM, 28% MAGERMILCHJOGHURT, MILCHEIWEI\xc3\x9f, St\xc3\xa4rke, Speisesalz, Verdickungsmittel: Agar-Agar, Pektin.Allergenhinweise: MilchEnth\xc3\xa4lt: Milch und Milcherzeugnisse (einschlie\xc3\x9flich Lactose).N\xc3\xa4hrwerteDurchschnittliche N\xc3\xa4hrwerteUnzubereitet pro 100 gEnergie907 kJEnergie219 kcalFett20 gFett, davon ges\xc3\xa4ttigte Fetts\xc3\xa4uren13 gKohlenhydrate4,5 gKohlenhydrate, davon Zucker3,3 gEiwei\xc3\x9f5,3 gSalz0,7 gHinweiseAufbewahrungs- und Verwendungshinweis: D+A: Bei +2 bis +10\xc2\xb0C mindestens haltbar bis: siehe Verpackungsaufdruck CH: Zu verbrauchen bis: siehe VerpackungsaufdruckArtikeldetailsMarke: BrunchUrsprungsland: DeutschlandKontaktKontaktname: Edelweiss GmbH & Co.KGKontaktadresse: D-87435 KemptenMaximale Bestellmenge: 15 St\xc3\xbcckF\xc3\xbcr die vorstehenden Angaben wird keine Haftung \xc3\xbcbernommen. Bitte pr\xc3\xbcfen Sie im Einzelfall die Angaben auf der jeweiligen Produktverpackung, nur diese sind verbindlich.Das Produktdesign kann von der Abbildung abweichen.'",Felix-Wankel-Strasse 20,Rewe,Kühlung,2023-07-09,"Gültig ab morgen bis Samstag, 15.07.2023"
Müller Kalinka Kefir oder Ayran,https://img.rewe-static.de/REWE_CENTER_HZ28_2023/2464084/36823096-10_digital-image.png?impolicy=s-offers&imwidth=200&output-format=image/webp,,https://shop.rewe.de/p/beeck-riesengarnelen-in-dillcreme/7238070,,"je 500-g-Fl , (1 kg = 1.78)",Aktion,"0,89 €","b'ProduktbeschreibungArtikelnummer 2464084Zutaten & AllergeneAllergenhinweise: Enth\xc3\xa4lt: Milch und Milcherzeugnisse (einschlie\xc3\x9flich Lactose).N\xc3\xa4hrwerteDurchschnittliche N\xc3\xa4hrwerteUnzubereitet pro 100 gEnergie193 kJEnergie46 kcalFett1,5 gFett, davon ges\xc3\xa4ttigte Fetts\xc3\xa4uren1 gKohlenhydrate4,1 gKohlenhydrate, davon Zucker4,1 gEiwei\xc3\x9f3,4 gSalz0,12 gRiboflavin0,15 mgCalcium133 mgHinweiseAufbewahrungs- und Verwendungshinweis: Bei unter +8\xc2\xb0C mindestens haltbar bis: siehe Deckelaufdruck.Information: Neben einer abwechslungsreichen und ausgewogenen Ern\xc3\xa4hrung ist eine gesunde Lebensweise f\xc3\xbcr Ihr Wohlbefinden wichtig.ArtikeldetailsMarke: M\xc3\xbcllerUrsprungsland: DeutschlandKontaktKontaktname: Molkerei Alois M\xc3\xbcller GmbH & Co. KGKontaktadresse: Zollerstra\xc3\x9fe 7, DE-86850 AretsriedMaximale Bestellmenge: 15 St\xc3\xbcckF\xc3\xbcr die vorstehenden Angaben wird keine Haftung \xc3\xbcbernommen. Bitte pr\xc3\xbcfen Sie im Einzelfall die Angaben auf der jeweiligen Produktverpackung, nur diese sind verbindlich.Das Produktdesign kann von der Abbildung abweichen.'",Felix-Wankel-Strasse 20,Rewe,Kühlung,2023-07-09,"Gültig ab morgen bis Samstag, 15.07.2023"
Bertolli Brotaufstrich,https://img.rewe-static.de/REWE_CENTER_HZ28_2023/4942531/3398660-52_digital-image.png?impolicy=s-offers&imwidth=200&output-format=image/webp,,https://shop.rewe.de/p/beeck-riesengarnelen-in-dillcreme/7238070,,"mit mildem Olivenöl , je 250-g-Becher , (1 kg = 5.56)",Aktion,"1,39 €","b'ProduktbeschreibungArtikelnummer 4942531- Das Gute des Olivenbaums \n- Enth\xc3\xa4lt viele einfach unges\xc3\xa4ttigte Fetts\xc3\xa4uren \n- F\xc3\xbcr eine gesunde, ausgewogene Ern\xc3\xa4hrung. \n- Passt hervorragend zu herzhafen Brotbel\xc3\xa4gen \n- Aber auch zu S\xc3\xbc\xc3\x9fem, wie Marmelade oder Honig \n \nDas \xe2\x80\x9eGute des Olivenbaums\xe2\x80\x9c t\xc3\xa4glich aufs Brot! \nDer BERTOLLI Brotaufstrich enth\xc3\xa4lt viele einfach unges\xc3\xa4ttigte Fetts\xc3\xa4uren, die einen wichtigen Bestandteil der traditionellen mediterranen Ern\xc3\xa4hrung darstellen. \nDer BERTOLLI Brotaufstrich tr\xc3\xa4gt somit dem Trend nach einer gesunden und ausgewogenen Ern\xc3\xa4hrung Rechnung. \nEr passt hervorragend sowohl zu herzhaften Brotbel\xc3\xa4gen als auch zu S\xc3\xbc\xc3\x9fem, wie Marmelade oder Honig. Zu den beliebtesten Brotsorten geh\xc3\xb6ren Focaccia, Tramezzino, Ciabatta und Bruschetta. Die mediterranen Brotspezialit\xc3\xa4ten werden oft zusammen mit Tomaten, Oliven und anderen Leckereien als kleiner Imbiss f\xc3\xbcr zwischendurch gereicht. \nDie K\xc3\xbcche Italiens geh\xc3\xb6rt zu den bekanntesten und beliebtesten K\xc3\xbcchen der Welt. Vollkommen zu Recht, denn sie besticht durch ihre frischen Zutaten, ihren Abwechslungsreichtum und gilt zudem als gesund. Hier finden Sie typisch italienische K\xc3\xb6stlichkeiten, mit denen Sie sich \xe2\x80\x9ela Dolce Vita\xe2\x80\x9c in Ihr eigenes Zuhause holen k\xc3\xb6nnen. \n \nBERTOLLI Brotaufstrich ist in 250g und 500g Packungen erh\xc3\xa4ltlich.... mehr anzeigenDas Gute des OlivenbaumsZutaten & AllergeneZutaten: Trinkwasser, pflanzliche \xc3\x96le und Fette (Raps, Palm, Palm ganz geh\xc3\xa4rtet), 7,5% Oliven\xc3\xb6l, BUTTERMILCH, modifizierte St\xc3\xa4rke, Speisesalz (0,4%), Emulgatoren (Mono- und Diglyceride von Speisefetts\xc3\xa4uren, Lecithine), Konservierungsstoff (Kaliumsorbat), S\xc3\xa4uerungsmittel (Citronens\xc3\xa4ure), Aroma, Vitamine (A, D), Farbstoff (Carotin).Allergenhinweise: Enth\xc3\xa4lt: Milch und Milcherzeugnisse (einschlie\xc3\x9flich Lactose).N\xc3\xa4hrwerteDurchschnittliche N\xc3\xa4hrwerteUnzubereitet pro 100 gEnergie1.445 kJEnergie339 kcalFett38 gFett, davon ges\xc3\xa4ttigte Fetts\xc3\xa4uren9 gKohlenhydrate1,7 gKohlenhydrate, davon Zucker< 0,5 gEiwei\xc3\x9f< 0,5 gSalz0,4 gVitamin A800 \xc2\xb5gVitamin D7,5 \xc2\xb5gHinweiseAufbewahrungs- und Verwendungshinweis: Beste Lagerung zwischen +2\xc2\xb0C und +15\xc2\xb0CArtikeldetailsMarke: BertolliUrsprungsland: NiederlandePackungsgr\xc3\xb6\xc3\x9fe: 250gKontaktKontaktname: Upfield Deutschland GmbHKontaktadresse: Valentinskamp 88-90, 20355 HamburgMaximale Bestellmenge: 15 St\xc3\xbcckF\xc3\xbcr die vorstehenden Angaben wird keine Haftung \xc3\xbcbernommen. Bitte pr\xc3\xbcfen Sie im Einzelfall die Angaben auf der jeweiligen Produktverpackung, nur diese sind verbindlich.Das Produktdesign kann von der Abbildung abweichen.'",Felix-Wankel-Strasse 20,Rewe,Kühlung,2023-07-09,"Gültig ab morgen bis Samstag, 15.07.2023"
Dr. Oetker Sahne Pudding oder Rote Grütze,https://img.rewe-static.de/REWE_CENTER_HZ28_2023/5905362/30785463-12_digital-image.png?impolicy=s-offers&imwidth=200&output-format=image/webp,,https://shop.rewe.de/p/beeck-riesengarnelen-in-dillcreme/7238070,,"je 500-g-Becher , (1 kg = 3.98)",Aktion,"1,99 €","b'ProduktbeschreibungArtikelnummer 5905362Unser Dr. Oetker L\xc3\xb6ffelgl\xc3\xbcck Sahne Pudding Vollmilch-Schokolade ist ein beliebter Klassiker aus vollmundiger Sahne und echter Vollmilch-Schokolade. Seine sahnig-cremige Konsistenz und sein nat\xc3\xbcrlicher, schokoladiger Geschmack machen ihn zum Lieblingsdessert, welches perfekt zu Fr\xc3\xbcchten und Vanille-So\xc3\x9fe kombiniert oder einfach pur genossen werden kann. Mit dem L\xc3\xb6ffelgl\xc3\xbcck Sahne Pudding Vollmilch-Schokolade schenkst du dir oder deinen Liebsten einen Moment voll Genuss und ein Gef\xc3\xbchl von Zuhause und Geborgenheit. Der Dr. Oetker L\xc3\xb6ffelgl\xc3\xbcck Sahne Pudding Vollmilch-Schokolade im 500g Becher aus dem K\xc3\xbchlregal ist ideal f\xc3\xbcr den gro\xc3\x9fen Genussmoment und zum Teilen. Es gibt ihn auch im praktischen 200g Becher f\xc3\xbcr zwischendurch oder als Nachtisch.Zutaten & AllergeneZutaten: 85% SAHNE, Zucker, modifizierte St\xc3\xa4rke (Mais), 2,2% fettarmer Kakao, 1,5% VOLLMILCHSCHOKOLADE (Zucker, Kakaobutter, VOLLMILCHPULVER, Kakaomasse, MAGERMILCHPULVER, Emulgator (SOJALECITHINE), Aroma), Maisst\xc3\xa4rke, Verdickungsmittel (Carrageen).Allergenhinweise: Enth\xc3\xa4lt: Soja und Sojaerzeugnisse. Milch und Milcherzeugnisse (einschlie\xc3\x9flich Lactose).N\xc3\xa4hrwerteDurchschnittliche N\xc3\xa4hrwerteUnzubereitet pro 100 gEnergie671 kJEnergie161 kcalFett9,3 gFett, davon ges\xc3\xa4ttigte Fetts\xc3\xa4uren5,9 gKohlenhydrate15 gKohlenhydrate, davon Zucker13 gEiwei\xc3\x9f3,3 gSalz0,11 gHinweiseAufbewahrungs- und Verwendungshinweis: Nach dem \xc3\x96ffnen z\xc3\xbcgig genie\xc3\x9fen. Bei +8 \xc2\xb0C lagern.ArtikeldetailsMarke: Dr. OetkerUrsprungsland: DeutschlandSorte: Vollmilch-SchokoKontaktKontaktname: DR. AUGUST OETKER NAHRUNGSMITTEL KGKontaktadresse: 33547 BielefeldMaximale Bestellmenge: 15 St\xc3\xbcckF\xc3\xbcr die vorstehenden Angaben wird keine Haftung \xc3\xbcbernommen. Bitte pr\xc3\xbcfen Sie im Einzelfall die Angaben auf der jeweiligen Produktverpackung, nur diese sind verbindlich.Das Produktdesign kann von der Abbildung abweichen.'",Felix-Wankel-Strasse 20,Rewe,Kühlung,2023-07-09,"Gültig ab morgen bis Samstag, 15.07.2023"
Followfish Kabeljau Filets,https://img.rewe-static.de/REWE_CENTER_HZ28_2023/3015656/25731044-16_digital-image.png?impolicy=s-offers&imwidth=200&output-format=image/webp,,https://shop.rewe.de/p/beeck-riesengarnelen-in-dillcreme/7238070,,"portioniert, tiefgefroren , je 400-g-Btl , (1 kg = 14.98)",Aktion,"5,99 €","b'ProduktbeschreibungArtikelnummer 3015656MSC Kabeljau Filets, 3-6 Kabeljau Filetportionen, ohne Haut, praktisch gr\xc3\xa4tenfrei, tiefgek\xc3\xbchlt mit Wasserschutzglasur.Zutaten & AllergeneAllergenhinweise: Enth\xc3\xa4lt:N\xc3\xa4hrwerteDurchschnittliche N\xc3\xa4hrwerteUnzubereitet pro 100 gEnergie341 kJEnergie80 kcalFett0,7 gFett, davon ges\xc3\xa4ttigte Fetts\xc3\xa4uren0,2 gKohlenhydrate< 1 gKohlenhydrate, davon Zucker< 0,6 gEiwei\xc3\x9f19 gSalz0,23 gHinweiseAufbewahrungs- und Verwendungshinweis: Haltbarkeit/Aufbewahrung im Haushalt:Im K\xc3\xbchlschrank 24 Stunden*-Fach oder Eisw\xc3\xbcrfelfach (-6\xc2\xb0C) 3 Tage**-Fach (-12\xc2\xb0C) 3 Wochen***-Fach oder Tiefk\xc3\xbchltruhe bei -18\xc2\xb0C mindestens haltbar bis: siehe EindruckfeldNach dem Auftauen nicht wieder einfrieren!ArtikeldetailsMarke: FollowfishUrsprungsland: LitauenKontaktKontaktname: followfood GmbHKontaktadresse: Metzstra\xc3\x9fe 2, 88045 FriedrichshafenMaximale Bestellmenge: 15 St\xc3\xbcckF\xc3\xbcr die vorstehenden Angaben wird keine Haftung \xc3\xbcbernommen. Bitte pr\xc3\xbcfen Sie im Einzelfall die Angaben auf der jeweiligen Produktverpackung, nur diese sind verbindlich.Das Produktdesign kann von der Abbildung abweichen.'",Felix-Wankel-Strasse 20,Rewe,Tiefkühl,2023-07-09,"Gültig ab morgen bis Samstag, 15.07.2023"
Coppenrath & Wiese Unsere Goldstücke 9 Baguette-Brötchen,https://img.rewe-static.de/REWE_CENTER_HZ28_2023/2666537/3406600-62_digital-image.png?impolicy=s-offers&imwidth=200&output-format=image/webp,,https://shop.rewe.de/p/beeck-riesengarnelen-in-dillcreme/7238070,,"tiefgefroren , je 540-g-Btl , (1 kg = 2.57)",Aktion,"1,39 €","b'ProduktbeschreibungArtikelnummer 2666537Fertig gebacken. Zutaten & AllergeneZutaten: WEIZENMEHL, Wasser, jodiertes Speisesalz (Speisesalz, Kaliumjodat), Hefe. Kann m\xc3\xb6glicherweise Spuren von Sesam enthalten.Allergenhinweise: Enth\xc3\xa4lt: Glutenhaltiges Getreide und glutenhaltige Getreideerzeugnisse. Weizen und Weizenerzeugnisse (glutenhaltiges Getreide). Kann enthalten: Sesamsamen und Sesamsamenerzeugnisse.N\xc3\xa4hrwerteDurchschnittliche N\xc3\xa4hrwerteUnzubereitet pro 100 gEnergie1.092 kJEnergie258 kcalFett1 gFett, davon ges\xc3\xa4ttigte Fetts\xc3\xa4uren0,4 gKohlenhydrate53 gKohlenhydrate, davon Zucker1,4 gEiwei\xc3\x9f8,4 gSalz1,5 gHinweiseAufbewahrungs- und Verwendungshinweis: ***-Fach bei -18 \xc2\xb0C: siehe Mindesthaltbarkeitsdatum, **-Fach: 2 Wochen, *-Fach:3 Tage, 2 Tage im K\xc3\xbchlschrank. Nach dem Auftauen nicht wieder einfrieren.ArtikeldetailsMarke: Conditorei Coppenrath & WieseEigenschaften: LaktosefreiUrsprungsland: DeutschlandSorte: Baguettebr\xc3\xb6tchenKontaktKontaktname: Conditorei Coppenrath & Wiese KGKontaktadresse: Hansastra\xc3\x9fe 10 D-49497 MettingenMaximale Bestellmenge: 15 St\xc3\xbcckF\xc3\xbcr die vorstehenden Angaben wird keine Haftung \xc3\xbcbernommen. Bitte pr\xc3\xbcfen Sie im Einzelfall die Angaben auf der jeweiligen Produktverpackung, nur diese sind verbindlich.Das Produktdesign kann von der Abbildung abweichen.'",Felix-Wankel-Strasse 20,Rewe,Tiefkühl,2023-07-09,"Gültig ab morgen bis Samstag, 15.07.2023"
Coppenrath & Wiese Unsere Goldstücke 9 Weizenbrötchen,https://img.rewe-static.de/REWE_CENTER_HZ28_2023/1234722/23887647-25_digital-image.png?impolicy=s-offers&imwidth=200&output-format=image/webp,,https://shop.rewe.de/p/beeck-riesengarnelen-in-dillcreme/7238070,,"tiefgefroren , je 450-g-Btl , (1 kg = 3.09)",Aktion,"1,39 €","b'ProduktbeschreibungArtikelnummer 1234722K\xc3\xb6stlich duftende Br\xc3\xb6tchen aus dem Ofen \nEgal ob Fr\xc3\xbchst\xc3\xbccks-Brunch oder spontaner Kaffeeplausch: Mit Unseren Tiefk\xc3\xbchlprodukten sind Sie auch f\xc3\xbcr Ungeplantes bestens ger\xc3\xbcstet. Mit tiefgek\xc3\xbchltem Obst, Aufbackwaren und fertigen Desserts treffen Sie jeden Geschmack. \n\nDie wichtigsten Informationen zu Conditorei Coppenrath & Wiese Unsere Goldst\xc3\xbccke Weizenbr\xc3\xb6tchen 450g, 9 St\xc3\xbcck\n\nFertig gebacken \nDie Br\xc3\xb6tchen des Herstellers Conditorei Coppenrath & Wiese sind in der Tiefk\xc3\xbchlverpackung zu 9 St\xc3\xbcck verf\xc3\xbcgbar. Besonders praktisch: Entnehmen Sie einfach so viele der Br\xc3\xb6tchen wie Sie ben\xc3\xb6tigen und heben Sie die \xc3\x9cbrigen in der Tiefk\xc3\xbchlverpackung f\xc3\xbcr die n\xc3\xa4chste Gelegenheit auf. \nSchnell und bequem Tiefk\xc3\xbchlkost online bestellen \nDamit Sie f\xc3\xbcr jeden Anlass gut ger\xc3\xbcstet sind, bestellen Sie einfach Ihre haltbaren Lieblingsprodukte beim REWE Lieferservice \xe2\x80\x93 wir liefern direkt bis zur Wohnungst\xc3\xbcr.... mehr anzeigenZutaten & AllergeneZutaten: WEIZENMEHL, Wasser, GERSTENMALZMEHL, jodiertes Speisesalz (Speisesalz, Kaliumjodat), Hefe, Zucker, pflanzliches \xc3\x96l (Raps). Kann m\xc3\xb6glicherweise Spuren von Sesam enthalten.Allergenhinweise: Enth\xc3\xa4lt: Glutenhaltiges Getreide und glutenhaltige Getreideerzeugnisse. Weizen und Weizenerzeugnisse (glutenhaltiges Getreide). Kann enthalten: Sesamsamen und Sesamsamenerzeugnisse.N\xc3\xa4hrwerteDurchschnittliche N\xc3\xa4hrwerteUnzubereitet pro 100 gEnergie1.148 kJEnergie270 kcalFett2,1 gFett, davon ges\xc3\xa4ttigte Fetts\xc3\xa4uren0,5 gKohlenhydrate52 gKohlenhydrate, davon Zucker1,1 gEiwei\xc3\x9f9,1 gSalz1,8 gHinweiseAufbewahrungs- und Verwendungshinweis: ***-Fach bei -18 \xc2\xb0C: siehe Mindesthaltbarkeitsdatum, **-Fach: 2 Wochen, *-Fach:3 Tage, 2 Tage im K\xc3\xbchlschrank. Nach dem Auftauen nicht wieder einfrieren.ArtikeldetailsMarke: Conditorei Coppenrath & WieseEigenschaften: LaktosefreiUrsprungsland: DeutschlandSorte: Weizenbr\xc3\xb6tchenKontaktKontaktname: Conditorei Coppenrath & Wiese KGKontaktadresse: Hansastra\xc3\x9fe 10 D-49497 MettingenMaximale Bestellmenge: 15 St\xc3\xbcckF\xc3\xbcr die vorstehenden Angaben wird keine Haftung \xc3\xbcbernommen. Bitte pr\xc3\xbcfen Sie im Einzelfall die Angaben auf der jeweiligen Produktverpackung, nur diese sind verbindlich.Das Produktdesign kann von der Abbildung abweichen.'",Felix-Wankel-Strasse 20,Rewe,Tiefkühl,2023-07-09,"Gültig ab morgen bis Samstag, 15.07.2023"
Frosta Gemüse Bowl,https://img.rewe-static.de/REWE_CENTER_HZ28_2023/8771582/36247078-21_digital-image.png?impolicy=s-offers&imwidth=200&output-format=image/webp,,https://shop.rewe.de/p/beeck-riesengarnelen-in-dillcreme/7238070,,"tiefgefroren , je 480-g-Pckg , (1 kg = 4.63)",Aktion,"2,22 €","b'ProduktbeschreibungArtikelnummer 8771582Zutaten & AllergeneZutaten: Spinat (25%), K\xc3\xbcrbis (25%), Blumenkohl (f\xc3\xbcr AT: Karfiol), gegarte Linsen (10%) (Wasser, Linsen), Kokosnussmilch (Kokosnuss, Wasser), Wasser, kandierter Ingwer (Ingwer, Wasser, Zucker), Salz, Curry (Bockshornkleesamen, Kurkuma, Koriander, Kreuzk\xc3\xbcmmel, Fenchel, Cayennepfeffer), Knoblauch, Reisst\xc3\xa4rke  Wir verarbeiten bei uns noch viele weitere Produkte. Daher k\xc3\xb6nnte dieses Produkt Spuren von Weizen, Gerste, Roggen, Hafer, Krustentieren, Eiern, Fisch, Soja, Milch, Sellerie, Senf und Weichtieren enthalten.Allergenhinweise: Enth\xc3\xa4lt: Keine deklarationspflichtigen Allergene enthalten.N\xc3\xa4hrwerteDurchschnittliche N\xc3\xa4hrwerteUnzubereitet pro 100 gEnergie286 kJEnergie68 kcalFett2,2 gFett, davon ges\xc3\xa4ttigte Fetts\xc3\xa4uren1,7 gKohlenhydrate7,7 gKohlenhydrate, davon Zucker4,7 gBallaststoffe2,4 gEiwei\xc3\x9f3,2 gSalz0,8 gHinweiseAufbewahrungs- und Verwendungshinweis: **-Fach (-12\xc2\xb0C): 3 Wochen***-Fach (-18\xc2\xb0C): mindestens haltbar bis: siehe AufdruckNach dem Auftauen nicht wieder einfrieren.ArtikeldetailsMarke: FrostaEigenschaften: VeganUrsprungsland: DeutschlandKontaktKontaktname: FRoSTA Tiefk\xc3\xbchlkost GmbHKontaktadresse: Postfach 29 03 64, DE 27533 BremerhavenMaximale Bestellmenge: 15 St\xc3\xbcckF\xc3\xbcr die vorstehenden Angaben wird keine Haftung \xc3\xbcbernommen. Bitte pr\xc3\xbcfen Sie im Einzelfall die Angaben auf der jeweiligen Produktverpackung, nur diese sind verbindlich.Das Produktdesign kann von der Abbildung abweichen.'",Felix-Wankel-Strasse 20,Rewe,Tiefkühl,2023-07-09,"Gültig ab morgen bis Samstag, 15.07.2023"
Frosta Rahm Geschnetzeltes,https://img.rewe-static.de/REWE_CENTER_HZ28_2023/2475153/24139590-36_digital-image.png?impolicy=s-offers&imwidth=200&output-format=image/webp,,https://shop.rewe.de/p/beeck-riesengarnelen-in-dillcreme/7238070,,"tiefgefroren , je 375-g-Btl , (1 kg = 5.92)",Aktion,"2,22 €","b'ProduktbeschreibungArtikelnummer 2475153Zutaten & AllergeneZutaten: gegarte Eiersp\xc3\xa4tzle (41%) (Wasser, HARTWEIZENGRIESS, H\xc3\x9cHNEREI, Salz), Champignons, Wasser, marinierte, gegarte H\xc3\xa4hnchenbrust (12%) (H\xc3\xa4hnchenbrust (f\xc3\xbcr AT: H\xc3\xbchnerbrust), Salz, Soja\xc3\xb6l, Dextrose), Erbsen, SAHNE (5%) (f\xc3\xbcr AT: RAHM), Fr\xc3\xbchlingszwiebeln, VOLLMILCH, Salz, Tomatenmark (f\xc3\xbcr AT: 28% zweifach konzentriert), Schnittlauch, Rinderfond (Wasser, konzentrierter Rinderjus, Rindfleisch, Kalbsknochen, Salz, Rinderfett, Karotten, Zwiebeln, Lauch, Knoblauch), Kartoffelst\xc3\xa4rke, BUTTER, Knoblauch, gemahlene Paprika, schwarzer Pfeffer  Wir verarbeiten bei uns noch viele weitere Produkte. Daher k\xc3\xb6nnte dieses Gericht Spuren von Gerste, Roggen, Hafer, Krebstieren, Fisch, Soja, Sellerie, Senf und Weichtieren enthalten.Allergenhinweise: Enth\xc3\xa4lt: Glutenhaltiges Getreide und glutenhaltige Getreideerzeugnisse. Milchzucker (Laktose). Eier und Eierzeugnisse. Weizen und Weizenerzeugnisse (glutenhaltiges Getreide). Milch und Milcherzeugnisse (einschlie\xc3\x9flich Lactose).N\xc3\xa4hrwerteDurchschnittliche N\xc3\xa4hrwerteUnzubereitet pro 100 gEnergie441 kJEnergie105 kcalFett2,6 gFett, davon ges\xc3\xa4ttigte Fetts\xc3\xa4uren1,5 gKohlenhydrate12,9 gKohlenhydrate, davon Zucker1 gBallaststoffe1,5 gEiwei\xc3\x9f6,7 gSalz1,16 gHinweiseAufbewahrungs- und Verwendungshinweis: **-Fach (-12\xc2\xb0C): 3 Wochen***-Fach (-18\xc2\xb0C): mindestens haltbar bis: siehe AufdruckNach dem Auftauen nicht wieder einfrieren.ArtikeldetailsMarke: FrostaUrsprungsland: DeutschlandSorte: Rahm-Geschnetzeltes mitKontaktKontaktname: FRoSTA Tiefk\xc3\xbchlkost GmbHKontaktadresse: Postfach 29 03 64, DE 27533 BremerhavenMaximale Bestellmenge: 15 St\xc3\xbcckF\xc3\xbcr die vorstehenden Angaben wird keine Haftung \xc3\xbcbernommen. Bitte pr\xc3\xbcfen Sie im Einzelfall die Angaben auf der jeweiligen Produktverpackung, nur diese sind verbindlich.Das Produktdesign kann von der Abbildung abweichen.'",Felix-Wankel-Strasse 20,Rewe,Tiefkühl,2023-07-09,"Gültig ab morgen bis Samstag, 15.07.2023"
Iglo Gemüse-Ideen Italienisch,https://img.rewe-static.de/REWE_CENTER_HZ28_2023/0529482/2971930-72_digital-image.png?impolicy=s-offers&imwidth=200&output-format=image/webp,,https://shop.rewe.de/p/beeck-riesengarnelen-in-dillcreme/7238070,,"tiefgefroren , je 480-g-Pckg , (1 kg = 4.63)",Aktion,"2,22 €","b'ProduktbeschreibungArtikelnummer 529482Die iglo Gem\xc3\xbcse-Idee Italienisch ist eine knackige Gem\xc3\xbcsemischung, verfeinert mit mediterranen Kr\xc3\xa4utern. Das Gem\xc3\xbcse wird erntefrisch tiefgefroren, damit die vielen wichtigen Vitamine erhalten bleiben. Denn eine zubereitete Portion des italienischen Pfannengem\xc3\xbcses deckt \xc3\xbcber 50% des t\xc3\xa4glichen Vitamin A-Bedarfs. Die Gem\xc3\xbcse-Idee Italienisch l\xc3\xa4sst sich einfach und schnell in der Mikrowelle oder in der Pfanne zubereiten. Au\xc3\x9ferdem enth\xc3\xa4lt das Produkt keine Geschmacksverst\xc3\xa4rker und Farbstoff- und Aromazus\xc3\xa4tze.\n- Verfeinert mit mediterranen Kr\xc3\xa4utern\n- Ohne Zusatz von k\xc3\xbcnstlichen Aromen, Farbstoffen und Geschmacksverst\xc3\xa4rkern\n- Schnelle und einfache Zubereitung\n- Vegan\n- Tiefgefroren... mehr anzeigenZutaten & AllergeneZutaten: Gem\xc3\xbcsemischung (93%) (Brechbohnen, Paprika, Karotten, Zucchini, Zwiebel Brokkoli;in ver\xc3\xa4nderlichen Gewichtsanteilen), pflanzliche Fette und \xc3\x96le (Palmfett***,Kokosnuss\xc3\xb6l,Palmkern\xc3\xb6l***),Kr\xc3\xa4utermischung(roteZwiebel, Petersilie,Basilikum,Knoblauch,Thymian,Oregano),Gem\xc3\xbcsebr\xc3\xbche (Dextrose,Salz,Karotten,Zwiebeln,Lauch,Schalotten,Tomaten,Paprika), Wasser,Zucker,Salz,Gew\xc3\xbcrze.  Dieses Produkt enth\xc3\xa4lt zertifiziertes nachhaltiges Palmfett/ Palmkern\xc3\xb6l.N\xc3\xa4hrwerteDurchschnittliche N\xc3\xa4hrwerteUnzubereitet pro 100 gEnergie233 kJEnergie56 kcalFett2,7 gFett, davon ges\xc3\xa4ttigte Fetts\xc3\xa4uren1,8 gKohlenhydrate4,9 gKohlenhydrate, davon Zucker4,3 gBallaststoffe2,4 gEiwei\xc3\x9f1,8 gSalz0,85 gHinweiseAufbewahrungs- und Verwendungshinweis: Aufbewahrung zu Hause: *** - Fach oder Tiefk\xc3\xbchltruhe (bei minus 18\xc2\xb0 C) mindestens haltbar bis Ende: siehe links, Aufbewahrung zu Hause: ** - Fach 2 Wochen, Aufbewahrung zu Hause: * - Fach 1-3 Tage Information: Nach dem Auftauen nicht wieder einfrieren. Vor Verzehr durcherhitzen.ArtikeldetailsMarke: IgloEigenschaften: Vegan, LaktosefreiUrsprungsland: DeutschlandSorte: ItalienischKontaktKontaktname: iglo GmbHKontaktadresse: Postfach 570 521, 22774 HamburgMaximale Bestellmenge: 15 St\xc3\xbcckF\xc3\xbcr die vorstehenden Angaben wird keine Haftung \xc3\xbcbernommen. Bitte pr\xc3\xbcfen Sie im Einzelfall die Angaben auf der jeweiligen Produktverpackung, nur diese sind verbindlich.Das Produktdesign kann von der Abbildung abweichen.'",Felix-Wankel-Strasse 20,Rewe,Tiefkühl,2023-07-09,"Gültig ab morgen bis Samstag, 15.07.2023"
Elfer Unsere Besten Pommes Frites,https://img.rewe-static.de/REWE_CENTER_HZ28_2023/2779885/26510239-6_digital-image.png?impolicy=s-offers&imwidth=200&output-format=image/webp,,https://shop.rewe.de/p/beeck-riesengarnelen-in-dillcreme/7238070,,"tiefgefroren , je 500-g-Pckg , (1 kg = 3.18)",Aktion,"1,59 €","b'ProduktbeschreibungArtikelnummer 2779885Zutaten & AllergeneZutaten: Kartoffeln 91%, pflanzliche \xc3\x96le (Sonnenblume, Raps) in ver\xc3\xa4nderlichen Gewichtsanteilen.N\xc3\xa4hrwerteDurchschnittliche N\xc3\xa4hrwerteUnzubereitet pro 100 gEnergie987 kJEnergie235 kcalFett9 gFett, davon ges\xc3\xa4ttigte Fetts\xc3\xa4uren0,9 gKohlenhydrate33 gKohlenhydrate, davon Zucker0,4 gBallaststoffe2,7 gEiwei\xc3\x9f4,2 gSalz0,2 gHinweiseAufbewahrungs- und Verwendungshinweis: Aufbewahrung: ***Fach(-18\xc2\xb0C) siehe Datierung, **Fach(-12\xc2\xb0C) 14 Tage, *Fach(-6\xc2\xb0C) 2 TageInformation: Nach dem Auftauen nicht wieder einfrieren!ArtikeldetailsUrsprungsland: \xc3\x96sterreichKontaktKontaktname: 11er Nahrungsmittel GmbHKontaktadresse: Galinastrasse 34, 6820 Frastanz, AustriaMaximale Bestellmenge: 15 St\xc3\xbcckF\xc3\xbcr die vorstehenden Angaben wird keine Haftung \xc3\xbcbernommen. Bitte pr\xc3\xbcfen Sie im Einzelfall die Angaben auf der jeweiligen Produktverpackung, nur diese sind verbindlich.Das Produktdesign kann von der Abbildung abweichen.'",Felix-Wankel-Strasse 20,Rewe,Tiefkühl,2023-07-09,"Gültig ab morgen bis Samstag, 15.07.2023"
Block House American Burger,https://img.rewe-static.de/REWE_CENTER_HZ28_2023/0560931/28787638-13_digital-image.png?impolicy=s-offers&imwidth=200&output-format=image/webp,,https://shop.rewe.de/p/beeck-riesengarnelen-in-dillcreme/7238070,,"tiefgefroren , je 4 x 125-g-Pckg , (1 kg = 11.98)",Aktion,"5,99 €","b'ProduktbeschreibungArtikelnummer 560931Bestes Rindfleisch f\xc3\xbcr perfekte Burger, tiefgefroren. Zutaten & AllergeneZutaten: Rindfleisch (98%), Salz, Gew\xc3\xbcrzeAllergenhinweise: Enth\xc3\xa4lt: Keine deklarationspflichtigen Allergene enthalten.N\xc3\xa4hrwerteDurchschnittliche N\xc3\xa4hrwerteUnzubereitet pro 100 gEnergie1.101 kJEnergie265 kcalFett21,9 gFett, davon ges\xc3\xa4ttigte Fetts\xc3\xa4uren9,5 gKohlenhydrate0 gKohlenhydrate, davon Zucker0 gEiwei\xc3\x9f17,2 gSalz0,9 gHinweiseAufbewahrungs- und Verwendungshinweis: Tiefgek\xc3\xbchlt bei -18 \xc2\xb0C aufbewahren. Ware nach dem \xc3\x96ffnen innerhalb von einem Tag verbrauchen.Information: Ware nach dem \xc3\x96ffnen innerhalb von einem Tag verbrauchen. Nicht wieder einfrieren! Vor dem Verzehr vollst\xc3\xa4ndig durchgaren. Nicht zum Rohverzehr geeignet.ArtikeldetailsMarke: Block HouseUrsprungsland: DeutschlandKontaktKontaktname: Block HouseKontaktadresse: Lademannbogen 127, 22339 HamburgF\xc3\xbcr die vorstehenden Angaben wird keine Haftung \xc3\xbcbernommen. Bitte pr\xc3\xbcfen Sie im Einzelfall die Angaben auf der jeweiligen Produktverpackung, nur diese sind verbindlich.Das Produktdesign kann von der Abbildung abweichen.'",Felix-Wankel-Strasse 20,Rewe,Tiefkühl,2023-07-09,"Gültig ab morgen bis Samstag, 15.07.2023"
Langnese Viennetta Vanille,https://img.rewe-static.de/REWE_CENTER_HZ28_2023/3804534/12236500-60_digital-image.png?impolicy=s-offers&imwidth=200&output-format=image/webp,,https://shop.rewe.de/p/beeck-riesengarnelen-in-dillcreme/7238070,,"je 650-ml-Pckg , (1 l = 2.29)",Aktion,"1,49 €","b'ProduktbeschreibungArtikelnummer 3804534- Cremiges Vanilleeis durchzogen von hauchd\xc3\xbcnnen Knusperschichten \n - Unwiderstehlich knackig \n - Raffinierte Eiswelle \n - Einfach wiederverschlie\xc3\x9fbare Verpackung \n - Das perfekte Dessert f\xc3\xbcr gesellige Runden \n \n Ein wahrer Klassiker. Cremiges Vanilleeis durchzogen von hauchd\xc3\xbcnnen Knusperschichten. \n \n Knusper, knusper, Knusperspa\xc3\x9f \xe2\x80\x93 das ist Viennetta: Die beliebte Eiswelle mit der raffinierten Kombination aus cremigem Eis und unverwechselbar knackigen Knusperschichten. \n \n Anfang der 80er-Jahre hatte der Engl\xc3\xa4nder Kevin Hillman, Produkt-Manager bei Wall\xe2\x80\x99s (der britischen Schwester von Langnese) die Idee f\xc3\xbcr das feine Dessert. Er schenkte seiner Frau zu Weihnachten ein Kochbuch, bl\xc3\xa4tterte dann selbst darin und fand das Bild eines franz\xc3\xb6sischen Schichtenkuchens, Millefeuille genannt. Da kam ihm die Idee, dass dies auch mit Eis machbar sein k\xc3\xb6nnte. Statt Teig, Creme und Marmelade verwendete er Eis, das er mit hauchd\xc3\xbcnnen Knusperschichten durchzog. \n Seither geh\xc3\xb6rt Viennetta - das perfekte Eisdessert mit den unverwechselbaren knackigen Schichten \xe2\x80\x93 einfach dazu: zur geselligen Runde mit Freunden ebenso wie zu einem k\xc3\xb6stlichen Essen im Kreise der Familie. Die raffinierte Komposition aus cremigem Eis und knackigen Knusperschichten darf in diesen Momenten einfach nicht fehlen. \n \n Wussten Sie schon? \n - Obwohl Eis gerne mit Sonne und S\xc3\xbcden assoziiert wird, findet man dort keineswegs den h\xc3\xb6chsten j\xc3\xa4hrlichen Verbrauch bezogen auf die Einwohnerzahl. Vielmehr essen die Skandinavier das meiste Eis: Schweden f\xc3\xbchrt mit 12 l pro Kopf und Jahr die europ\xc3\xa4ische Liga an. Deutschland liegt mit rund 8 l pro Kopf in der Mitte der Rangliste, in Italien, dem \xe2\x80\x9eklassischen Eis-Land\xe2\x80\x9c, werden gut 9 l verspeist. \n - F\xc3\xbcr die Herstellung von Eis werden die Grundstoffe Milch, Pflanzen- oder Butterfett und Zucker verwendet. Zutaten wie Fr\xc3\xbcchte, N\xc3\xbcsse, Kakao, Karamell, Schokolade oder Nougat definieren und verfeinern die Geschmacksrichtungen. \n - Von wegen Kalorienbombe: Eine Portion der meisten Eisprodukte enth\xc3\xa4lt weniger Fett als die Mehrzahl der Schokoriegel. Und ein Magnum Classic enth\xc3\xa4lt etwa die gleiche Menge Zucker wie ein 150-g-Becher Fruchtjoghurt.... mehr anzeigenCremig, knackig, kultig - das neue Viennetta, jetzt noch knuspriger. Cremiges Vanilleeis durchzogen von Knusperschichten.Zutaten & AllergeneZutaten: entrahmte MILCH, Kokosfett, Glukose-Fruktose-Sirup, Zucker, Wasser, Glukosesirup, fettarmes Kakaopulver, MOLKENERZEUGNIS, Emulgatoren (Mono- und Diglyceride von Speisefetts\xc3\xa4uren, Ammoniumphosphatide), Stabilisatoren (Johannisbrotkernmehl, Guarkernmehl, Tarakernmehl, Carrageen), Aroma. Kann Soja enthalten.Allergenhinweise: Enth\xc3\xa4lt: Milch und Milcherzeugnisse (einschlie\xc3\x9flich Lactose). Kann enthalten: Soja und Sojaerzeugnisse.N\xc3\xa4hrwerteDurchschnittliche N\xc3\xa4hrwerteUnzubereitet pro 100 mlEnergie487 kJEnergie117 kcalFett6,6 gFett, davon ges\xc3\xa4ttigte Fetts\xc3\xa4uren5,8 gKohlenhydrate13 gKohlenhydrate, davon Zucker9,6 gBallaststoffe< 0,5 gEiwei\xc3\x9f1 gSalz0,04 gHinweiseAufbewahrungs- und Verwendungshinweis: Bei -18\xc2\xb0C mindestens haltbar bis Ende: siehe PackungsaufdruckArtikeldetailsMarke: LangneseUrsprungsland: DeutschlandKontaktKontaktname: Unilever DeutschlandKontaktadresse: Postfach 570 385, 22772 HamburgMaximale Bestellmenge: 15 St\xc3\xbcckF\xc3\xbcr die vorstehenden Angaben wird keine Haftung \xc3\xbcbernommen. Bitte pr\xc3\xbcfen Sie im Einzelfall die Angaben auf der jeweiligen Produktverpackung, nur diese sind verbindlich.Das Produktdesign kann von der Abbildung abweichen.'",Felix-Wankel-Strasse 20,Rewe,Tiefkühl,2023-07-09,"Gültig ab morgen bis Samstag, 15.07.2023"
Block House Block Burger,https://img.rewe-static.de/REWE_CENTER_HZ28_2023/0560932/23016939-15_digital-image.png?impolicy=s-offers&imwidth=200&output-format=image/webp,,https://shop.rewe.de/p/beeck-riesengarnelen-in-dillcreme/7238070,,"tiefgefroren , je 2 x 200-g-Pckg , (1 kg = 14.98)",Aktion,"5,99 €","b'ProduktbeschreibungArtikelnummer 560932Bestes Rindfleisch aus der Block House Fleischerei. Zutaten & AllergeneZutaten: Rindfleisch (98%), Salz, Gew\xc3\xbcrze.Allergenhinweise: Enth\xc3\xa4lt: Keine deklarationspflichtigen Allergene enthalten.N\xc3\xa4hrwerteDurchschnittliche N\xc3\xa4hrwerteUnzubereitet pro 100 gEnergie1.101 kJEnergie265 kcalFett21,9 gFett, davon ges\xc3\xa4ttigte Fetts\xc3\xa4uren9,5 gKohlenhydrate0 gKohlenhydrate, davon Zucker0 gEiwei\xc3\x9f17,2 gSalz0,9 gHinweiseAufbewahrungs- und Verwendungshinweis: Tiefgek\xc3\xbchlt bei -18 \xc2\xb0C aufbewahren.Information: Ware nach dem \xc3\x96ffnen innerhalb von einem Tag verbrauchen. Nicht wieder einfrieren! Vor dem Verzehr vollst\xc3\xa4ndig durchgaren. Nicht zum Rohverzehr geeignet.ArtikeldetailsMarke: Block HouseUrsprungsland: DeutschlandKontaktKontaktname: Block HouseKontaktadresse: Lademannbogen 127, 22339 HamburgMaximale Bestellmenge: 15 St\xc3\xbcckF\xc3\xbcr die vorstehenden Angaben wird keine Haftung \xc3\xbcbernommen. Bitte pr\xc3\xbcfen Sie im Einzelfall die Angaben auf der jeweiligen Produktverpackung, nur diese sind verbindlich.Das Produktdesign kann von der Abbildung abweichen.'",Felix-Wankel-Strasse 20,Rewe,Tiefkühl,2023-07-09,"Gültig ab morgen bis Samstag, 15.07.2023"
Dr. Oetker Ristorante Pizza Salame,https://img.rewe-static.de/REWE_CENTER_HZ28_2023/8704774/34878457-20_digital-image.png?impolicy=s-offers&imwidth=200&output-format=image/webp,,https://shop.rewe.de/p/beeck-riesengarnelen-in-dillcreme/7238070,,"tiefgefroren , je 320-g-Pckg , (1 kg = 6.22)",Knaller,"1,99 €","b'ProduktbeschreibungArtikelnummer 8704774Dr. Oetker Ristorante Pizza Salame ist belegt mit sonnengereiften Tomaten, K\xc3\xa4se, herzhafter Salami, ausgesuchten Kr\xc3\xa4utern und Gew\xc3\xbcrzen.Zubereitung:Bis zur Zubereitung gefroren aufbewahren.Backofen vorheizen: Ober-/Unterhitze: 220\xc2\xb0C, Hei\xc3\x9fluft: 200\xc2\xb0C, Gas: 4Folie entfernen, Pizza auf den Rost legen und auf mittlerer Einschubleiste 10-12 Minuten backen.Stelle sicher, dass das Produkt vor dem Verzehr vollst\xc3\xa4ndig durcherhitzt ist. Man kann die ""Ristorante Pizza Salame"" genie\xc3\x9fen, sobald der K\xc3\xa4se geschmolzen ist.Zutaten & AllergeneZutaten: WEIZENMEHL, 14% passierte Tomaten, 12% schnittfester MOZZARELLA K\xc3\x84SE, 12% Salami (Schweinefleisch, Speck, Salz, Gew\xc3\xbcrze, Dextrose, Zwiebelpulver, Knoblauchpulver, Gew\xc3\xbcrzextrakte, Stabilisator (Natriumnitrit), Antioxidationsmittel (Extrakt aus Rosmarin), Rauch), Wasser, 7,3% Tomatenkonzentrat, 4,6% EDAMER K\xc3\x84SE, Raps\xc3\xb6l, Backhefe, Salz, Zucker, Oliven\xc3\xb6l nativ extra, Oregano, Basilikum, Pfeffer, Paprika, Petersilie. Kann enthalten: SOJA, SENF.Allergenhinweise: Enth\xc3\xa4lt: Milch und Milcherzeugnisse (einschlie\xc3\x9flich Lactose). Glutenhaltiges Getreide und glutenhaltige Getreideerzeugnisse. Weizen und Weizenerzeugnisse (glutenhaltiges Getreide). Kann enthalten: Soja und Sojaerzeugnisse. Gerste und Gerstenerzeugnisse (glutenhaltiges Getreide). Roggen und Roggenerzeugnisse (glutenhaltiges Getreide). Dinkel und Dinkelerzeugnisse (glutenhaltiges Getreide). Hafer und Hafererzeugnisse (glutenhaltiges Getreide). Senf- und Senferzeugnisse.N\xc3\xa4hrwerteDurchschnittliche N\xc3\xa4hrwerteUnzubereitet pro 100 gEnergie1.093 kJEnergie261 kcalFett13 gFett, davon ges\xc3\xa4ttigte Fetts\xc3\xa4uren4,6 gKohlenhydrate25 gKohlenhydrate, davon Zucker2,9 gBallaststoffe2,3 gEiwei\xc3\x9f10 gSalz1,3 gHinweiseAufbewahrungs- und Verwendungshinweis: Nach dem Auftauen nicht wieder einfrieren. Bei -18 \xc2\xb0C lagern (***-Fach oder Tiefk\xc3\xbchltruhe).ArtikeldetailsMarke: Dr. OetkerUrsprungsland: DeutschlandKontaktKontaktname: DR. AUGUST OETKER NAHRUNGSMITTEL KGKontaktadresse: Lutterstra\xc3\x9fe 14 - 33617 BielefeldMaximale Bestellmenge: 15 St\xc3\xbcckF\xc3\xbcr die vorstehenden Angaben wird keine Haftung \xc3\xbcbernommen. Bitte pr\xc3\xbcfen Sie im Einzelfall die Angaben auf der jeweiligen Produktverpackung, nur diese sind verbindlich.Das Produktdesign kann von der Abbildung abweichen.'",Felix-Wankel-Strasse 20,Rewe,Tiefkühl,2023-07-09,"Gültig ab morgen bis Samstag, 15.07.2023"
Dr. Oetker Bistro Flammkuchen Elsässer Art,https://img.rewe-static.de/REWE_CENTER_HZ28_2023/8703784/34878422-11_digital-image.png?impolicy=s-offers&imwidth=200&output-format=image/webp,,https://shop.rewe.de/p/beeck-riesengarnelen-in-dillcreme/7238070,,"tiefgefroren , je 265-g-Pckg , (1 kg = 7.51)",Knaller,"1,99 €","b'ProduktbeschreibungArtikelnummer 8703784Zutaten & AllergeneZutaten: WEIZENMEHL, 27% CR\xc3\x88ME FRA\xc3\x8eCHE, 15% Rohschinken (Schweinefleisch, Salz, Maltodextrin, Dextrose, Zucker, Gew\xc3\xbcrze, Gew\xc3\xbcrzextrakte, Stabilisator (Natriumnitrit), Rauch), Wasser, 5,4% Zwiebeln, Raps\xc3\xb6l, Oliven\xc3\xb6l nativ extra, Salz, Backhefe, Raucharoma, Aroma (enth\xc3\xa4lt WEIZEN), Pfeffer, Verdickungsmittel (Johannisbrotkernmehl, Xanthan), Muskatnuss. Kann enthalten: SOJA, SENF.Allergenhinweise: Enth\xc3\xa4lt: Milch und Milcherzeugnisse (einschlie\xc3\x9flich Lactose). Weizen und Weizenerzeugnisse (glutenhaltiges Getreide). Glutenhaltiges Getreide und glutenhaltige Getreideerzeugnisse. Kann enthalten: Dinkel und Dinkelerzeugnisse (glutenhaltiges Getreide). Roggen und Roggenerzeugnisse (glutenhaltiges Getreide). Senf- und Senferzeugnisse. Soja und Sojaerzeugnisse.N\xc3\xa4hrwerteDurchschnittliche N\xc3\xa4hrwerteUnzubereitet pro 100 gEnergie1.094 kJEnergie262 kcalFett14 gFett, davon ges\xc3\xa4ttigte Fetts\xc3\xa4uren6 gKohlenhydrate25 gKohlenhydrate, davon Zucker2,3 gBallaststoffe1,4 gEiwei\xc3\x9f7,9 gSalz1,2 gHinweiseAufbewahrungs- und Verwendungshinweis: Nach dem Auftauen nicht wieder einfrieren. Bei -18 \xc2\xb0C lagern (***-Fach oder Tiefk\xc3\xbchltruhe).ArtikeldetailsMarke: Dr. OetkerUrsprungsland: DeutschlandKontaktKontaktname: DR. AUGUST OETKER NAHRUNGSMITTEL KGKontaktadresse: Lutterstra\xc3\x9fe 14 - 33617 BielefeldMaximale Bestellmenge: 15 St\xc3\xbcckF\xc3\xbcr die vorstehenden Angaben wird keine Haftung \xc3\xbcbernommen. Bitte pr\xc3\xbcfen Sie im Einzelfall die Angaben auf der jeweiligen Produktverpackung, nur diese sind verbindlich.Das Produktdesign kann von der Abbildung abweichen.'",Felix-Wankel-Strasse 20,Rewe,Tiefkühl,2023-07-09,"Gültig ab morgen bis Samstag, 15.07.2023"
Mövenpick Stracciatella Classico,https://img.rewe-static.de/REWE_CENTER_HZ28_2023/8725654/35463369-11_digital-image.png?impolicy=s-offers&imwidth=200&output-format=image/webp,,https://shop.rewe.de/p/beeck-riesengarnelen-in-dillcreme/7238070,,"je 900-ml-Becher , (1 l = 2.21)",Aktion,"1,99 €","b'ProduktbeschreibungArtikelnummer 8725654Cremiges Eis mit Stracciatellageschmack mit Schokoladenst\xc3\xbcckchen und einer Schokoladensauce.Zutaten & AllergeneZutaten: Entrahmte MILCH, MOLKENERZEUGNIS, Glukosesirup, Zucker, Kokosfett, Soja\xc3\xb6l, VOLLMILCHPULVER, fettarmer Kakao** (1,3 %), Kakaobutter**, Kakaomasse**, Emulgatoren (Mono- und Diglyceride von Speisefetts\xc3\xa4uren, Lecithine (SOJA)), Verdickungsmittel (Johannisbrotkernmehl, Guarkernmehl), nat\xc3\xbcrliche Aromen (enthalten MILCH), Aroma. **Rainforest Alliance-zertifiziert. Mehr Informationen unter ra.org. KANN SCHALENFR\xc3\x9cCHTE, GLUTENHALTIGE GETREIDE UND EIER ENTHALTEN. Wichtig: Kleinkinder (unter 4 Jahren) verf\xc3\xbcgen \xc3\xbcber eine verminderte Kauf\xc3\xa4higkeit und k\xc3\xb6nnten sich an kleinen St\xc3\xbcckchen verschlucken.Allergenhinweise: Milch, Molkenerzeugnis, Schlagsahne, SojaEnth\xc3\xa4lt: Milch und Milcherzeugnisse (einschlie\xc3\x9flich Lactose). Soja und Sojaerzeugnisse. Kann enthalten: Eier und Eierzeugnisse. N\xc3\xbcsse und Nusserzeugnisse. Glutenhaltiges Getreide und glutenhaltige Getreideerzeugnisse.N\xc3\xa4hrwerteDurchschnittliche N\xc3\xa4hrwerteUnzubereitet pro 100 gEnergie1.079 kJEnergie258 kcalFett15 gFett, davon ges\xc3\xa4ttigte Fetts\xc3\xa4uren9,9 gKohlenhydrate28 gKohlenhydrate, davon Zucker23 gBallaststoffe0,7 gEiwei\xc3\x9f2,9 gSalz0,09 gHinweiseAufbewahrungs- und Verwendungshinweis: Bei -18 \xc2\xb0C mindestens haltbar bis Ende: siehe VerpackungsaufdruckInformation: Wichtig: Kleinkinder (unter 4 Jahren) verf\xc3\xbcgen \xc3\xbcber eine verminderte Kauf\xc3\xa4higkeit und k\xc3\xb6nnten sich an kleinen St\xc3\xbcckchen verschlucken. Packung enth\xc3\xa4lt 9 Portionen. Portionen sollten f\xc3\xbcr Kinder entsprechend ihrem Alter angepasst werden.ArtikeldetailsMarke: M\xc3\xb6venpickUrsprungsland: DeutschlandKontaktKontaktname: FRONERI Sch\xc3\xb6ller GmbHKontaktadresse: D-90419 N\xc3\xbcrnbergMaximale Bestellmenge: 15 St\xc3\xbcckF\xc3\xbcr die vorstehenden Angaben wird keine Haftung \xc3\xbcbernommen. Bitte pr\xc3\xbcfen Sie im Einzelfall die Angaben auf der jeweiligen Produktverpackung, nur diese sind verbindlich.Das Produktdesign kann von der Abbildung abweichen.'",Felix-Wankel-Strasse 20,Rewe,Tiefkühl,2023-07-09,"Gültig ab morgen bis Samstag, 15.07.2023"
Mövenpick Salted Caramel,https://img.rewe-static.de/REWE_CENTER_HZ28_2023/7713567/38472507-14_digital-image.png?impolicy=s-offers&imwidth=200&output-format=image/webp,,https://shop.rewe.de/p/beeck-riesengarnelen-in-dillcreme/7238070,,"je 800-ml-Becher , (1 l = 2.49)",Aktion,"1,99 €","b'ProduktbeschreibungArtikelnummer 7713567Eis mit Vanillegeschmack, mit gesalzener Karamellsauce, Karamellst\xc3\xbcckchen und kakaobutterhaltigen Konfektst\xc3\xbcckchen mit KaramellgeschmackZutaten & AllergeneZutaten: Entrahmte MILCH, MOLKENERZEUGNIS, Glukosesirup, Zucker,pflanzliche Fette (Kokos, Shea), gezuckerte KONDENSMILCH (eingedickte VOLLMILCH, Zucker, MILCHZUCKER), gezuckerte KONDENSMAGERMILCH (eingedickte entrahmte MILCH, Zucker), Emulgatoren (Mono- und Diglyceride von Speisefetts\xc3\xa4uren, Lecithine), Verdickungsmittel (Johannisbrotkernmehl, Guarkernmehl), Kakaobutter*, Salz, VOLLMILCHPULVER, BUTTERFETT, Feuchthaltemittel (Glycerin), f\xc3\xa4rbende Frucht- und Gem\xc3\xbcsekonzentrate (schwarze Johannisbeere, Apfel, Zitrone, Karotte, Rettich), f\xc3\xa4rbendes Saflorkonzentrat, nat\xc3\xbcrliche Vanillearomen, Kakaomasse*, MILCHZUCKER, nat\xc3\xbcrliche Aromen. *Rainforest Alliance-zertifiziert. Mehr Informationen unter ra.org.KANN SCHALENFR\xc3\x9cCHTE, GLUTENHALTIGE GETREIDE, SOJA UND EIER ENTHALTEN. Wichtig: Kleinkinder (unter 4 Jahren) verf\xc3\xbcgen\xc3\xbcber eine verminderte Kauf\xc3\xa4higkeit und k\xc3\xb6nnten sich an kleinen St\xc3\xbcckchen verschlucken.Allergenhinweise: MILCH, MOLKENERZEUGNIS, KONDENSMILCH, VOLLMILCH, MILCHZUCKER, KONDENSMAGERMILCH, VOLLMILCHPULVER, BUTTERFETT.Enth\xc3\xa4lt: Milch und Milcherzeugnisse (einschlie\xc3\x9flich Lactose). Kann enthalten: Glutenhaltiges Getreide und glutenhaltige Getreideerzeugnisse. Eier und Eierzeugnisse. N\xc3\xbcsse und Nusserzeugnisse. Soja und Sojaerzeugnisse.N\xc3\xa4hrwerteDurchschnittliche N\xc3\xa4hrwerteUnzubereitet pro 100 gEnergie1.009 kJEnergie240 kcalFett9,5 gFett, davon ges\xc3\xa4ttigte Fetts\xc3\xa4uren8,2 gKohlenhydrate37 gKohlenhydrate, davon Zucker29 gBallaststoffe< 0,5 gEiwei\xc3\x9f2 gSalz0,29 gHinweiseAufbewahrungs- und Verwendungshinweis: Bei -18 \xc2\xb0C mindestens haltbar bis Ende: siehe VerpackungsaufdruckInformation: Wichtig: Kleinkinder (unter 4 Jahren) verf\xc3\xbcgen\xc3\xbcber eine verminderte Kauf\xc3\xa4higkeit und k\xc3\xb6nnten sich an kleinen St\xc3\xbcckchen verschlucken.ArtikeldetailsMarke: M\xc3\xb6venpickUrsprungsland: DeutschlandKontaktKontaktname: FRONERI Sch\xc3\xb6ller GmbHKontaktadresse: D-90419 N\xc3\xbcrnbergMaximale Bestellmenge: 15 St\xc3\xbcckF\xc3\xbcr die vorstehenden Angaben wird keine Haftung \xc3\xbcbernommen. Bitte pr\xc3\xbcfen Sie im Einzelfall die Angaben auf der jeweiligen Produktverpackung, nur diese sind verbindlich.Das Produktdesign kann von der Abbildung abweichen.'",Felix-Wankel-Strasse 20,Rewe,Tiefkühl,2023-07-09,"Gültig ab morgen bis Samstag, 15.07.2023"
Iglo Schlemmerfilet Bordelaise Classic,https://img.rewe-static.de/REWE_CENTER_HZ28_2023/8030937/30477207-17_digital-image.png?impolicy=s-offers&imwidth=200&output-format=image/webp,,https://shop.rewe.de/p/beeck-riesengarnelen-in-dillcreme/7238070,,"tiefgefroren , je 380-g-Pckg , (1 kg = 7.87)",Aktion,"2,99 €","b'ProduktbeschreibungArtikelnummer 8030937Zutaten & AllergeneZutaten: ALASKA SEELACHS-FILET (71%), Wasser, Raps\xc3\xb6l, Paniermehl (WEIZENMEHL, Wasser, Gew\xc3\xbcrze (Paprikapulver, Kurkuma), Salz, Hefe), Zwiebeln, Zitronensaft aus Zitronensaftkonzentrat, Petersilie, Salz, EIPULVER, St\xc3\xa4rke, Gew\xc3\xbcrze (Paprikapulver, Zwiebelpulver, Knoblauchpulver)N\xc3\xa4hrwerteDurchschnittliche N\xc3\xa4hrwerteUnzubereitet pro 100 gEnergie628 kJEnergie150 kcalFett8,7 gFett, davon ges\xc3\xa4ttigte Fetts\xc3\xa4uren0,7 gKohlenhydrate5 gKohlenhydrate, davon Zucker0,5 gBallaststoffe0,5 gEiwei\xc3\x9f13 gSalz1,2 gHinweiseAufbewahrungs- und Verwendungshinweis: Aufbewahrung zu Hause: Bei minus 18\xc2\xb0C (Tiefk\xc3\xbchltruhe oder ***-Fach) mindestens haltbar bis Ende: siehe Verpackungsaufdruck.ArtikeldetailsMarke: IgloUrsprungsland: DeutschlandKontaktKontaktname: iglo GmbHKontaktadresse: Postfach 570 521, 22774 HamburgMaximale Bestellmenge: 15 St\xc3\xbcckF\xc3\xbcr die vorstehenden Angaben wird keine Haftung \xc3\xbcbernommen. Bitte pr\xc3\xbcfen Sie im Einzelfall die Angaben auf der jeweiligen Produktverpackung, nur diese sind verbindlich.Das Produktdesign kann von der Abbildung abweichen.'",Felix-Wankel-Strasse 20,Rewe,Tiefkühl,2023-07-09,"Gültig ab morgen bis Samstag, 15.07.2023"
Iglo Filegro Ofen-Backfisch,https://img.rewe-static.de/REWE_CENTER_HZ28_2023/1148717/19141120-88_digital-image.png?impolicy=s-offers&imwidth=200&output-format=image/webp,,https://shop.rewe.de/p/beeck-riesengarnelen-in-dillcreme/7238070,,"tiefgefroren , je 240-g-Pckg , (1 kg = 12.46)",Aktion,"2,99 €","b'ProduktbeschreibungArtikelnummer 1148717Das iglo Filegro Traditioneller Ofen-Backfisch enth\xc3\xa4lt 100% saftiges Alaska Seelachsfilet und ist umh\xc3\xbcllt von einem lecker-knusprigen Backteig, der speziell f\xc3\xbcr die Zubereitung im Ofen entwickelt wurde. \nIglo setzt ausschlie\xc3\x9flich auf den Einsatz von MSC zertifiziertem Fisch. Daher wird der Alaska Seelachs zu 100% aus verantwortungsbewussten Quellen bezogen und durch den Einsatz modernster Produktionsmethoden wird absolute Frische und Qualit\xc3\xa4t garantiert. \n- 100% Fischfilet\n- Umh\xc3\xbcllt mit lecker-knusprigen Backteig\n- Ohne Zusatz von k\xc3\xbcnstlichen Aromen, Farbstoffen und Geschmacksverst\xc3\xa4rkern\n- Nat\xc3\xbcrliche Quelle von Omega 3\n- Tiefgefroren... mehr anzeigenZutaten & AllergeneZutaten: ALASKA SEELACHS-FILET (54%), pflanzliches \xc3\x96l, WEIZENMEHL, Paniermehl (WEIZENMEHL, Salz, Traubenzucker), Wasser, Kartoffelst\xc3\xa4rke, WEIZENST\xc3\x84RKE, Salz, Backtriebmittel: Diphosphate und Natriumcarbonate, Maismehl, Traubenzucker, MAGERMILCHPULVER.N\xc3\xa4hrwerteDurchschnittliche N\xc3\xa4hrwerteUnzubereitet pro 100 gEnergie1.046 kJEnergie251 kcalFett14,5 gFett, davon ges\xc3\xa4ttigte Fetts\xc3\xa4uren1,3 gKohlenhydrate18,1 gKohlenhydrate, davon Zucker0,4 gBallaststoffe0,6 gEiwei\xc3\x9f11,6 gSalz1,25 gHinweiseAufbewahrungs- und Verwendungshinweis:  Aufbewahrung zu Hause: *** - Fach oder Tiefk\xc3\xbchltruhe (bei minus 18\xc2\xb0 C) mindestens haltbar bis Ende: sie Packungsseite, Aufbewahrung zu Hause: ** - Fach 2 Wochen, Aufbewahrung zu Hause: * - Fach einige Tage.ArtikeldetailsMarke: IgloUrsprungsland: DeutschlandKontaktKontaktname: iglo GmbHKontaktadresse: Postfach 570 521, 22774 HamburgMaximale Bestellmenge: 15 St\xc3\xbcckF\xc3\xbcr die vorstehenden Angaben wird keine Haftung \xc3\xbcbernommen. Bitte pr\xc3\xbcfen Sie im Einzelfall die Angaben auf der jeweiligen Produktverpackung, nur diese sind verbindlich.Das Produktdesign kann von der Abbildung abweichen.'",Felix-Wankel-Strasse 20,Rewe,Tiefkühl,2023-07-09,"Gültig ab morgen bis Samstag, 15.07.2023"
Langnese Family Mix Multipackung,https://img.rewe-static.de/REWE_CENTER_HZ28_2023/8900513/38330307-12_digital-image.png?impolicy=s-offers&imwidth=200&output-format=image/webp,,https://shop.rewe.de/p/beeck-riesengarnelen-in-dillcreme/7238070,,"je 462-ml-Pckg , (1 l = 6.47)",Aktion,"2,99 €","b'ProduktbeschreibungArtikelnummer 8900513Ein Mix, der das Beste von Langnese zusammen bringt und f\xc3\xbcr jeden in der Familie etwas bietet. Der Family Mix besteht aus Flutschfinger (1x), Capri (2x), Magnum Mini Classic (2x), Cuja Mara Split (1x) und Nogger (1x).Zutaten & AllergeneZutaten: Langnese Family Mix - Capri Zutaten: Orangensaft aus Orangensaftkonzentrat (53%), Trinkwasser, Zucker, Glukose-Fruktose-Sirup, S\xc3\xa4ureregulator (Citronens\xc3\xa4ure), Stabilisatoren (Guarkernmehl, Tarakernmehl, Johannisbrotkernmehl), Farbstoff (Carotin), nat\xc3\xbcrliche Orangenaromen. Kann Milch und Soja enthalten. Langnese Family Mix - Cuja Mara Split Zutaten: Orangensaft aus Orangensaftkonzentrat (24%), entrahmte MILCH (21%), Passionsfruchtsaft aus Passionsfruchtsaftkonzentrat (15%), Trinkwasser, Zucker, Kokosfett, Glukosesirup, Glukose-Fruktose-Sirup, MOLKENERZEUGNIS, Fruktose, Stabilisatoren (Guarkernmehl, Johannisbrotkernmehl, Tarakernmehl), Farbstoff (Carotin), Emulgator (Mono- und Diglyceride von Speisefetts\xc3\xa4uren), nat\xc3\xbcrliches Vanillearoma\xc2\xb9, S\xc3\xa4ureregulator (Citronens\xc3\xa4ure). Kann Mandel, Ei, Haselnuss, Soja und Weizen enthalten. \xc2\xb9Rainforest Alliance-zertifiziert. Langnese Family Mix - Flutschfinger Zutaten: Trinkwasser, Zucker, Orangensaft aus Orangensaftkonzentrat (10%), Glukose-Fruktose-Sirup, Erdbeersaft aus Erdbeersaftkonzentrat (4,5%), Glukosesirup, Fruktose, Zitronensaft aus Zitronensaftkonzentrat (0,6%), S\xc3\xa4ureregulator (Citronens\xc3\xa4ure), Stabilisatoren (Johannisbrotkernmehl, Tarakernmehl, Guarkernmehl), Schwarze-Karotte-Konzentrat, F\xc3\xa4rberdistelkonzentrat, Farbstoffe (Paprikaextrakt, Kurkumin, Chlorophylle), Aromen. Kann Haselnuss, Milch, Soja und Weizen enthalten. Langnese Family Mix - Magnum Mini Classic Zutaten: Entrahmte MILCH, Zucker, Kakaobutter\xc2\xb9, Kakaomasse\xc2\xb9, Trinkwasser, Kokosfett, Glukosesirup, VOLLMILCHPULVER, Glukose-Fruktose-Sirup, MOLKENERZEUGNIS, BUTTERFETT, Emulgatoren (E471, Lecithine (SOJA), E476), vermahlene Vanilleschoten, Stabilisatoren (Johannisbrotkernmehl, Guarkernmehl, Carrageen), nat\xc3\xbcrliches Vanillearoma\xc2\xb9 (mit MILCH), Aroma, Farbstoff (Carotin). Kann Mandeln enthalten.\xc2\xb9Rainforest Alliance-zertifiziert. Langnese Family Mix - Nogger Zutaten: entrahmte MILCH, Kokosfett, Zucker, Glukose-Fruktose-Sirup, Trinkwasser, Glukosesirup, HASELNUSS-St\xc3\xbcckchen, fettarmer Kakao\xc2\xb9 (3%), WEIZENMEHL, MOLKENERZEUGNIS, MAGERMILCH-Pulver oder -Konzentrat, Stabilisatoren (Guarkernmehl, Johannisbrotkernmehl, Tarakernmehl), Emulgatoren (Mono- und Diglyceride von Speisefetts\xc3\xa4uren, Ammoniumphosphatide), Speisesalz, Backtriebmittel (Ammoniumcarbonate), nat\xc3\xbcrliches Vanillearoma\xc2\xb9. Kann Pistazie und Soja enthalten. \xc2\xb9Rainforest Alliance-zertifiziert.Allergenhinweise: Enth\xc3\xa4lt: Milch und Milcherzeugnisse (einschlie\xc3\x9flich Lactose). N\xc3\xbcsse und Nusserzeugnisse. Soja und Sojaerzeugnisse. Haselnuss und Haselnusserzeugnisse. Weizen und Weizenerzeugnisse (glutenhaltiges Getreide). Kann enthalten: Eier und Eierzeugnisse. Glutenhaltiges Getreide und glutenhaltige Getreideerzeugnisse.N\xc3\xa4hrwerteDurchschnittliche N\xc3\xa4hrwerteUnzubereitet pro 100 mlEnergie413 kJEnergie98 kcalFett< 0,5 gFett, davon ges\xc3\xa4ttigte Fetts\xc3\xa4uren< 0,1 gKohlenhydrate23 gKohlenhydrate, davon Zucker22 gEiwei\xc3\x9f< 0,5 gSalz< 0,01 gHinweiseAufbewahrungs- und Verwendungshinweis: Bei -18\xc2\xb0C mindestens haltbar bis Ende: siehe PackungsaufdruckArtikeldetailsMarke: LangneseUrsprungsland: UngarnKontaktKontaktname: Unilever DeutschlandKontaktadresse: Postfach 570 385, 22772 HamburgMaximale Bestellmenge: 15 St\xc3\xbcckF\xc3\xbcr die vorstehenden Angaben wird keine Haftung \xc3\xbcbernommen. Bitte pr\xc3\xbcfen Sie im Einzelfall die Angaben auf der jeweiligen Produktverpackung, nur diese sind verbindlich.Das Produktdesign kann von der Abbildung abweichen.'",Felix-Wankel-Strasse 20,Rewe,Tiefkühl,2023-07-09,"Gültig ab morgen bis Samstag, 15.07.2023"
Jacobs Auslese oder Meisterröstung,https://img.rewe-static.de/REWE_CENTER_HZ28_2023/7055901/26484398-13_digital-image.png?impolicy=s-offers&imwidth=200&output-format=image/webp,,https://shop.rewe.de/p/beeck-riesengarnelen-in-dillcreme/7238070,,"versch. Sorten, gemahlener Bohnenkaffee , je 500-g-Pckg , (1 kg = 7.98)",Knaller,"3,99 €","b'ProduktbeschreibungArtikelnummer 7055901Die aromatische Komposition ausgew\xc3\xa4hlter Kaffeebohnen, ger\xc3\xb6stet in unserem besonders schonenden R\xc3\xb6stverfahren, garantiert den unverwechselbaren Geschmack unserer Auslese von Jacobs klassisch. Die aromatische Komposition ausgew\xc3\xa4hlter Kaffeebohnen, ger\xc3\xb6stet in unserem besonders schonenden R\xc3\xb6stverfahren, garantiert den unverwechselbaren Geschmack unserer Auslese von Jacobs klassisch.Zutaten & AllergeneAllergenhinweise: Enth\xc3\xa4lt: Keine deklarationspflichtigen Allergene enthalten.HinweiseAufbewahrungs- und Verwendungshinweis: Ge\xc3\xb6ffnete Packung gut verschlossen, k\xc3\xbchl und trocken aufbewahren.ArtikeldetailsMarke: JacobsUrsprungsland: DeutschlandKontaktKontaktname: JACOBS DOUWE EGBERTSKontaktadresse: Oosterdoksstraat 80, 1011 DK Amsterdam, The NetherlandsMaximale Bestellmenge: 15 St\xc3\xbcckF\xc3\xbcr die vorstehenden Angaben wird keine Haftung \xc3\xbcbernommen. Bitte pr\xc3\xbcfen Sie im Einzelfall die Angaben auf der jeweiligen Produktverpackung, nur diese sind verbindlich.Das Produktdesign kann von der Abbildung abweichen.'",Felix-Wankel-Strasse 20,Rewe,Frühstück,2023-07-09,"Gültig ab morgen bis Samstag, 15.07.2023"
Lavazza Tierra Kaffeekapseln,https://img.rewe-static.de/REWE_CENTER_HZ28_2023/8751427/35732387-9_digital-image.png?impolicy=s-offers&imwidth=200&output-format=image/webp,,https://shop.rewe.de/p/beeck-riesengarnelen-in-dillcreme/7238070,,"je 55-g-Pckg , (1 kg = 45.27)",Aktion,"2,49 €","b'ProduktbeschreibungArtikelnummer 8751427ArtikeldetailsMarke: LavazzaEigenschaften: BioUrsprungsland: Italien\xc3\x96ko Kontrollstelle: IT-BIO-009Ort der Erzeugung: EU-LandwirtschaftKontaktKontaktname: Luigi Lavazza Deutschland GmbHKontaktadresse: Platz der Einheit 2, 60327 Frankfurt/M.F\xc3\xbcr die vorstehenden Angaben wird keine Haftung \xc3\xbcbernommen. Bitte pr\xc3\xbcfen Sie im Einzelfall die Angaben auf der jeweiligen Produktverpackung, nur diese sind verbindlich.Das Produktdesign kann von der Abbildung abweichen.'",Felix-Wankel-Strasse 20,Rewe,Frühstück,2023-07-09,"Gültig ab morgen bis Samstag, 15.07.2023"
Lavazza Espresso Kaffeekapseln,https://img.rewe-static.de/REWE_CENTER_HZ28_2023/8810470/35732285-9_digital-image.png?impolicy=s-offers&imwidth=200&output-format=image/webp,,https://shop.rewe.de/p/beeck-riesengarnelen-in-dillcreme/7238070,,"je 57-g-Pckg , (1 kg = 43.68)",Aktion,"2,49 €","b'ProduktbeschreibungArtikelnummer 8810470ArtikeldetailsMarke: LavazzaUrsprungsland: ItalienKontaktKontaktname: Luigi Lavazza Deutschland GmbHKontaktadresse: Platz der Einheit 260327 Frankfurt/M.F\xc3\xbcr die vorstehenden Angaben wird keine Haftung \xc3\xbcbernommen. Bitte pr\xc3\xbcfen Sie im Einzelfall die Angaben auf der jeweiligen Produktverpackung, nur diese sind verbindlich.Das Produktdesign kann von der Abbildung abweichen.'",Felix-Wankel-Strasse 20,Rewe,Frühstück,2023-07-09,"Gültig ab morgen bis Samstag, 15.07.2023"
Jacobs Gold,https://img.rewe-static.de/REWE_CENTER_HZ28_2023/0721271/1427840-25_digital-image.png?impolicy=s-offers&imwidth=200&output-format=image/webp,,https://shop.rewe.de/p/jacobs-gold-loeslicher-kaffee-200g/721271,,"löslicher Bohnenkaffee , je 200-g-Glas , (1 kg = 32.45)",Aktion,"6,49 €","ProduktbeschreibungArtikelnummer 721271Ausgesuchte Kaffeesorten aus unterschiedlichen Anbaugebieten werden harmonisch aufeinander abgestimmt. So entsteht das besondere Kaffeeerlebnis mit dem magischen Verwöhnaroma. Zutaten & AllergeneAllergenhinweise: Enthält: Keine deklarationspflichtigen Allergene enthalten.HinweiseAufbewahrungs- und Verwendungshinweis: Trocken lagern und vor Wärme schützen.Information: unter Schutzatmosphäre verpacktArtikeldetailsMarke: JacobsUrsprungsland: DeutschlandKontaktKontaktname: JACOBS DOUWE EGBERTSKontaktadresse: Oosterdoksstraat 80, 1011 DK Amsterdam, The NetherlandsFür die vorstehenden Angaben wird keine Haftung übernommen. Bitte prüfen Sie im Einzelfall die Angaben auf der jeweiligen Produktverpackung, nur diese sind verbindlich.Das Produktdesign kann von der Abbildung abweichen.",Felix-Wankel-Strasse 20,Rewe,Frühstück,2023-07-09,"Gültig ab morgen bis Samstag, 15.07.2023"
Schwiizer Schüümli,https://img.rewe-static.de/REWE_CENTER_HZ28_2023/2035261/21894441-26_digital-image.png?impolicy=s-offers&imwidth=200&output-format=image/webp,,https://shop.rewe.de/p/jacobs-gold-loeslicher-kaffee-200g/721271,,"ganze Bohnen, versch. Sorten , je 1000-g-Btl",Aktion,"10,99 €","b'ProduktbeschreibungArtikelnummer 2035261- SCHWIIZER SCH\xc3\x9c\xc3\x9cMLI CREMA: Unsere ger\xc3\xb6steten Kaffeebohnen sind 100% edle Arabicas und \xc3\xbcberzeugen durch einen aromatischen Geschmack - ein echter Genuss f\xc3\xbcr die Sinne \n- UMWELTFREUNDLICH: Unserer Bohnenkaffee ist UTZ-zertifiziert. Wir setzten uns f\xc3\xbcr eine verantwortungsbewusste, umweltfreundliche Kaffeeproduktion ein \n- DETAIL: R\xc3\xb6stkaffee in ganzen Bohnen - Verpackung 1 kg - Intensit\xc3\xa4t 3 von 5 - 100 Prozent Arabica - Empfohlene Tassengr\xc3\xb6sse: 40 ml Espresso \n- KOMPABILIT\xc3\x84T: Ideal f\xc3\xbcr Vollautomaten mit integriertem Mahlwerk, Espresso-Kolbenmaschine und italienische Mocca-Kannen \n- SCHWEIZER PREMIUMKAFFEE: Unsere Leidenschaft sind hochwertige Kaffeeprodukte. Wir beschaffen, veredeln und verpacken Kaffee seit 1954... mehr anzeigenHinweiseInformation: Unter Schutzatmosph\xc3\xa4re verpackt.ArtikeldetailsUrsprungsland: SchweizKontaktKontaktname: SCG Swiss Consumer Goods GmbHKontaktadresse: D-64625 BensheimF\xc3\xbcr die vorstehenden Angaben wird keine Haftung \xc3\xbcbernommen. Bitte pr\xc3\xbcfen Sie im Einzelfall die Angaben auf der jeweiligen Produktverpackung, nur diese sind verbindlich.Das Produktdesign kann von der Abbildung abweichen.'",Felix-Wankel-Strasse 20,Rewe,Frühstück,2023-07-09,"Gültig ab morgen bis Samstag, 15.07.2023"
Breitsamer Honig Frühlingssummen,https://img.rewe-static.de/REWE_CENTER_HZ28_2023/3183877/26156820-8_digital-image.png?impolicy=s-offers&imwidth=200&output-format=image/webp,,https://shop.rewe.de/p/breitsamer-honig-fruehlingssummen-500g/3183877,,"je 500-g-Glas , (1 kg = 9.98)",Aktion,"4,99 €","ProduktbeschreibungArtikelnummer 3183877Honig aus Europa Zutaten & AllergeneAllergenhinweise: Enthält: Keine deklarationspflichtigen Allergene enthalten.NährwerteDurchschnittliche NährwerteUnzubereitet pro 100 gEnergie1.386 kJEnergie326 kcalFett< 0 gFett, davon gesättigte Fettsäuren0 gKohlenhydrate81 gKohlenhydrate, davon Zucker75 gEiweiß0,4 gSalz0 gArtikeldetailsMarke: BreitsamerEigenschaften: VegetarischUrsprungsland: Europäische UnionKontaktKontaktname: Breitsamer HonigKontaktadresse: 81735 MünchenMaximale Bestellmenge: 15 StückFür die vorstehenden Angaben wird keine Haftung übernommen. Bitte prüfen Sie im Einzelfall die Angaben auf der jeweiligen Produktverpackung, nur diese sind verbindlich.Das Produktdesign kann von der Abbildung abweichen.",Felix-Wankel-Strasse 20,Rewe,Frühstück,2023-07-09,"Gültig ab morgen bis Samstag, 15.07.2023"
REWE Beste Wahl Toast,https://img.rewe-static.de/REWE_CENTER_HZ28_2023/1125442/22472291-23_digital-image.png?impolicy=s-offers&imwidth=200&output-format=image/webp,,https://shop.rewe.de/p/rewe-beste-wahl-toastbrot-mit-roggen-500g/1125442,,"versch. Sorten , je 500-g-Pckg , (1 kg = 2.78)",Aktion,"1,39 €","ProduktbeschreibungArtikelnummer 1125442Zutaten & AllergeneZutaten: WEIZENMEHL, Wasser, ROGGENMEHL 5%, Hefe, Zucker, Speisesalz, Rapsöl, WEIZENGLUTEN, Säureregulator Natriumacetate, Säuerungsmittel Citronensäure, LUPINENMEHL, Emulgator Natriumstearoyl-2-lactylat, geröstetes WEIZENMALZMEHL.   Kann Spuren von Milcherzeugnissen enthalten Zusatzstoffe: E 262, E 330, E 481Allergenhinweise: Glutenhaltiges Getreide (Weizen, Gerste, Roggen, Hafer, Dinkel, Kamut oder Hybridstämme) , Lupine und daraus hergestellte ErzeugnisseNährwerteDurchschnittliche Nährwertepro 100 gEnergie1.116 kJEnergie264 kcalFett2,4 gFett, davon gesättigte Fettsäuren0,3 gKohlenhydrate50 gKohlenhydrate, davon Zucker4,2 gEiweiß8,8 gSalz1,12 gHinweiseVerwendungshinweise: Trocken lagern. Vor Wärme schützen.ArtikeldetailsMarke: REWE Beste WahlUrsprungsland: DeutschlandKontaktKontaktname: Glockenbrot Bäckerei GmbH & Co. oHGKontaktadresse: Robert-Bosch-Str. 3, 60386 Frankfurt am Main, DeutschlandFür die vorstehenden Angaben wird keine Haftung übernommen. Bitte prüfen Sie im Einzelfall die Angaben auf der jeweiligen Produktverpackung, nur diese sind verbindlich.Das Produktdesign kann von der Abbildung abweichen.",Felix-Wankel-Strasse 20,Rewe,Frühstück,2023-07-09,"Gültig ab morgen bis Samstag, 15.07.2023"
"Wurzelbrot
            2",https://img.rewe-static.de/REWE_CENTER_HZ28_2023/8450667/31279077-9_digital-image.png?impolicy=s-offers&imwidth=200&output-format=image/webp,,https://shop.rewe.de/productList?search=8450667,,"hell oder dunkel , je 300-g-St , (1 kg = 4.97)",Aktion,"1,49 €",,Felix-Wankel-Strasse 20,Rewe,Frühstück,2023-07-09,"Gültig ab morgen bis Samstag, 15.07.2023"
"Pane Filone
            2",https://img.rewe-static.de/REWE_CENTER_HZ28_2023/0810783/11591790-24_digital-image.png?impolicy=s-offers&imwidth=200&output-format=image/webp,,https://shop.rewe.de/p/glockenbrot-pane-filone-300g/810783,,"je 300-g-St , (1 kg = 5.30)",Aktion,"1,59 €","ProduktbeschreibungArtikelnummer 810783Zutaten: WEIZENMEHL, Wasser, WEIZENSAUERTEIG getrocknet, Speisesalz, Hefe, Stabilisator Guarkernmehl, GERSTENMALZEXTRAKT.
Kann Spuren von SESAM, MILCH-, LUPINEN- und SOJAERZEUGNISSEN enthalten.

Nährwerte je 100g:
Energie: 1021KJ
Energie: 241kcal
Fett: 2g
Fett, davon gesättigte Fettsäuren: 0,7g
Kohlenhydrate: 47,5g
Kohlenhydrate, davon Zucker: 5,5g
Eiweiß: 8,2g
Salz: 1,6g
Ballaststoffe: 6,1g Zutaten & AllergeneAllergenhinweise: nullNährwerteDurchschnittliche NährwerteUnzubereitet pro 100 gEnergie1.021 kJEnergie241 kcalFett2 gFett, davon gesättigte Fettsäuren0,7 gKohlenhydrate47,5 gKohlenhydrate, davon Zucker5,5 gEiweiß8,2 gSalz1,6 gArtikeldetailsMarke: GlockenbrotFür die vorstehenden Angaben wird keine Haftung übernommen. Bitte prüfen Sie im Einzelfall die Angaben auf der jeweiligen Produktverpackung, nur diese sind verbindlich.Das Produktdesign kann von der Abbildung abweichen.",Felix-Wankel-Strasse 20,Rewe,Frühstück,2023-07-09,"Gültig ab morgen bis Samstag, 15.07.2023"
Frikadellen,https://img.rewe-static.de/REWE_CENTER_HZ28_2023/2796012/24975633-3_digital-image.png?impolicy=s-offers&imwidth=200&output-format=image/webp,,https://shop.rewe.de/productList?search=2796012,,je 100 g,Aktion,"1,19 €",,Felix-Wankel-Strasse 20,Rewe,Frühstück,2023-07-09,"Gültig ab morgen bis Samstag, 15.07.2023"
Milka Haselnusscreme,https://img.rewe-static.de/REWE_CENTER_HZ28_2023/8424980/30781039-8_digital-image.png?impolicy=s-offers&imwidth=200&output-format=image/webp,,https://shop.rewe.de/productList?search=2796012,,"je 350-g-Glas , (1 kg = 5.69)",Aktion,"1,99 €","b'ProduktbeschreibungArtikelnummer 8424980Zutaten & AllergeneZutaten: Zucker, Raps\xc3\xb6l (25%), S\xc3\xbcssmolkenpulver (aus MILCH), HASELNUSSMASSE (5%), fettarmes Kakaopulver, MAGERMILCHPULVER, Kakaobutter, Sonnenblumen\xc3\xb6l, Emulgator (Lecithine), Speisesalz, Aromen. KANN ENTHALTEN: ANDERE N\xc3\x9cSSE, WEIZEN UND ERDNUSS.Allergenhinweise: MILCH, HASELNUSSMASSE, MAGERMILCHPULVEREnth\xc3\xa4lt: Haselnuss und Haselnusserzeugnisse. Milch und Milcherzeugnisse (einschlie\xc3\x9flich Lactose). N\xc3\xbcsse und Nusserzeugnisse. Kann enthalten: Weizen und Weizenerzeugnisse (glutenhaltiges Getreide). Erdn\xc3\xbcsse und Erdnusserzeugnisse. Glutenhaltiges Getreide und glutenhaltige Getreideerzeugnisse.N\xc3\xa4hrwerteDurchschnittliche N\xc3\xa4hrwerteUnzubereitet pro 100 gEnergie2.316 kJEnergie555 kcalFett34 gFett, davon ges\xc3\xa4ttigte Fetts\xc3\xa4uren4,6 gKohlenhydrate58 gKohlenhydrate, davon Zucker57 gBallaststoffe2,1 gEiwei\xc3\x9f3,8 gSalz0,18 gHinweiseAufbewahrungs- und Verwendungshinweis: Trocken lagern und vor W\xc3\xa4rme sch\xc3\xbctzen. Optimale Aufbewahrung zwischen 15\xc2\xb0C und 20\xc2\xb0CArtikeldetailsMarke: MilkaUrsprungsland: BelgienKontaktKontaktname: Mondelez Deutschland GmbHKontaktadresse: D-28078 BremenMaximale Bestellmenge: 15 St\xc3\xbcckF\xc3\xbcr die vorstehenden Angaben wird keine Haftung \xc3\xbcbernommen. Bitte pr\xc3\xbcfen Sie im Einzelfall die Angaben auf der jeweiligen Produktverpackung, nur diese sind verbindlich.Das Produktdesign kann von der Abbildung abweichen.'",Felix-Wankel-Strasse 20,Rewe,Frühstück,2023-07-09,"Gültig ab morgen bis Samstag, 15.07.2023"
"Vollkornbrötchen
            2",https://img.rewe-static.de/REWE_CENTER_HZ28_2023/7729207/37654179-5_digital-image.png?impolicy=s-offers&imwidth=200&output-format=image/webp,,https://shop.rewe.de/productList?search=7729207,,je St,Aktion,"0,39 €",,Felix-Wankel-Strasse 20,Rewe,Frühstück,2023-07-09,"Gültig ab morgen bis Samstag, 15.07.2023"
"Partykranz
            2",https://img.rewe-static.de/REWE_CENTER_HZ28_2023/0544566/26767044-10_digital-image.png?impolicy=s-offers&imwidth=200&output-format=image/webp,,https://shop.rewe.de/productList?search=7729207,,"je 400-g-St , (1 kg = 4.98)",Aktion,"1,99 €","b'ProduktbeschreibungArtikelnummer 544566Zutaten: WEIZENMEHL, Wasser, SESAM, Mohn, Hefe, BUCHWEIZEN, Leinsamen, Salz, Raps\xc3\xb6l. \n\nEnth\xc3\xa4lt: GLUTEN, SESAM. Kann Spuren von EIER, SOJA, MILCH, SCHALENFR\xc3\x9cCHTE enthalten. \n\nN\xc3\xa4hrwerte je 100g:\nEnergie: 1320KJ\nEnergie: 313kcal\nFett: 7g\nFett, davon ges\xc3\xa4ttigte Fetts\xc3\xa4uren: 0,9g\nKohlenhydrate: 50,1g\nKohlenhydrate, davon Zucker: 1,8g\nEiwei\xc3\x9f: 10,6g\nSalz: 1,1g ArtikeldetailsMarke: EntrupF\xc3\xbcr die vorstehenden Angaben wird keine Haftung \xc3\xbcbernommen. Bitte pr\xc3\xbcfen Sie im Einzelfall die Angaben auf der jeweiligen Produktverpackung, nur diese sind verbindlich.Das Produktdesign kann von der Abbildung abweichen.'",Felix-Wankel-Strasse 20,Rewe,Frühstück,2023-07-09,"Gültig ab morgen bis Samstag, 15.07.2023"
Suchard Express oder Kaba Kakao,https://img.rewe-static.de/REWE_CENTER_HZ28_2023/8908126/39431257-7_digital-image.png?impolicy=s-offers&imwidth=200&output-format=image/webp,,https://shop.rewe.de/productList?search=7729207,,"je 400-g-Btl , (1 kg = 4.98)",Aktion,"1,99 €","b'ProduktbeschreibungArtikelnummer 8908126Zutaten & AllergeneZutaten: Zucker, mageres Kakaopulver (18 %), Traubenzucker (15 %), Emulgator (SOJAlecithine), Salz, nat\xc3\xbcrliches Aroma.Allergenhinweise: Enth\xc3\xa4lt: Soja und Sojaerzeugnisse.N\xc3\xa4hrwerteDurchschnittliche N\xc3\xa4hrwerteUnzubereitet pro 100 gEnergie1.625 kJEnergie384 kcalFett3 gFett, davon ges\xc3\xa4ttigte Fetts\xc3\xa4uren1,4 gKohlenhydrate82 gKohlenhydrate, davon Zucker79 gBallaststoffe5,7 gEiwei\xc3\x9f4 gSalz0,34 gHinweiseAufbewahrungs- und Verwendungshinweis: Mindestens haltbar bis: Siehe Boden.Trocken lagern und vor W\xc3\xa4rme sch\xc3\xbctzen.ArtikeldetailsMarke: SuchardUrsprungsland: FrankreichKontaktKontaktname: Carambar and Co.Kontaktadresse: 9 rue Maurice Mallet , 92130 Issy-les-Moulineaux - FranceMaximale Bestellmenge: 15 St\xc3\xbcckF\xc3\xbcr die vorstehenden Angaben wird keine Haftung \xc3\xbcbernommen. Bitte pr\xc3\xbcfen Sie im Einzelfall die Angaben auf der jeweiligen Produktverpackung, nur diese sind verbindlich.Das Produktdesign kann von der Abbildung abweichen.'",Felix-Wankel-Strasse 20,Rewe,Frühstück,2023-07-09,"Gültig ab morgen bis Samstag, 15.07.2023"
"Dinkelbrot »Pur«
            2",https://img.rewe-static.de/REWE_CENTER_HZ28_2023/7956326/32139851-11_digital-image.png?impolicy=s-offers&imwidth=200&output-format=image/webp,,https://shop.rewe.de/p/dinkelbrot-pur-500g/7956326,,"je 500-g-St , (1 kg = 4.38)",Aktion,"2,19 €","ProduktbeschreibungArtikelnummer 7956326Zutaten: DINKELMEHL, Wasser, DINKELVOLLKORNMEHL, Kartoffelflocken, SPEISEQUARK, Hefe, Speisesalz, Rapsöl, Dextrose, WEIZENGLUTEN. 

Kann Spuren von SESAM, WALNÜSSEN, HASELNÜSSEN und MANDELN enthalten.

Nährwerte je 100g:
Energie: 1039KJ
Energie: 246kcal
Fett: 2,1g
Fett, davon gesättigte Fettsäuren: 0,3g
Kohlenhydrate: 45,5g
Kohlenhydrate, davon Zucker: 3,7g
Eiweiß: 9,6g
Salz: 1,2g Für die vorstehenden Angaben wird keine Haftung übernommen. Bitte prüfen Sie im Einzelfall die Angaben auf der jeweiligen Produktverpackung, nur diese sind verbindlich.Das Produktdesign kann von der Abbildung abweichen.",Felix-Wankel-Strasse 20,Rewe,Frühstück,2023-07-09,"Gültig ab morgen bis Samstag, 15.07.2023"
Mövenpick Gourmet Fruchtaufstrich,https://img.rewe-static.de/REWE_CENTER_HZ28_2023/5074088/8198980-23_digital-image.png?impolicy=s-offers&imwidth=200&output-format=image/webp,,https://shop.rewe.de/p/dinkelbrot-pur-500g/7956326,,"versch. Sorten , je 250-g-Glas , (1 kg = 7.96)",Aktion,"1,99 €","b'ProduktbeschreibungArtikelnummer 5074088Ohne Zusatz von Aromen\r\nBester M\xc3\xb6venpick Geschmack\r\nerlesene Fr\xc3\xbcchteZutaten & AllergeneZutaten: Schwarze Johannisbeeren, Zucker, Verdickungsmittel: Pektin, S\xc3\xa4uerungsmittel: Citronens\xc3\xa4ure.N\xc3\xa4hrwerteDurchschnittliche N\xc3\xa4hrwerteUnzubereitet pro 100 gEnergie858 kJEnergie202 kcalFett0,1 gFett, davon ges\xc3\xa4ttigte Fetts\xc3\xa4uren0 gKohlenhydrate46,5 gKohlenhydrate, davon Zucker46,5 gBallaststoffe4,1 gEiwei\xc3\x9f0,7 gSalz0,02 gHinweiseAufbewahrungs- und Verwendungshinweis: Nach dem \xc3\x96ffnen im K\xc3\xbchlschrank aufbewahren.Information: Hergestellt aus 55g Fr\xc3\xbcchten je 100g.ArtikeldetailsMarke: M\xc3\xb6venpickUrsprungsland: DeutschlandSorte: Schwarze JohannisbeereKontaktKontaktname: Schwartauer Werke GmbH & Co KGaAKontaktadresse: 23608 Bad SchwartauMaximale Bestellmenge: 15 St\xc3\xbcckF\xc3\xbcr die vorstehenden Angaben wird keine Haftung \xc3\xbcbernommen. Bitte pr\xc3\xbcfen Sie im Einzelfall die Angaben auf der jeweiligen Produktverpackung, nur diese sind verbindlich.Das Produktdesign kann von der Abbildung abweichen.'",Felix-Wankel-Strasse 20,Rewe,Frühstück,2023-07-09,"Gültig ab morgen bis Samstag, 15.07.2023"
REWE Beste Wahl Ciabatta,https://img.rewe-static.de/REWE_CENTER_HZ28_2023/1076627/24593417-19_digital-image.png?impolicy=s-offers&imwidth=200&output-format=image/webp,,https://shop.rewe.de/p/dinkelbrot-pur-500g/7956326,,"je 300-g-Pckg , (1 kg = 3.97)",Aktion,"1,19 €","b'ProduktbeschreibungArtikelnummer 1076627Im Backofen in wenigen Minuten schnell zubereitet und servierfertig, eignen sich unsere REWE Beste Wahl Aufbackwaren f\xc3\xbcr jede Gelegenheit. Kontakt: Glockenbrot B\xc3\xa4ckerei GmbH & Co. oHG, D-60386 Frankfurt am Main, D-85232 Bergkirchen. Zutaten & AllergeneZutaten: WEIZENMEHL, Wasser, WEIZENSAUERTEIG getrocknet, Oliven\xc3\xb6l, Speisesalz, Hefe, Stabilisator (Guarkernmehl), Zucker, Gerstenmalzextrakt, Emulgator (Mono- und Diacetylweins\xc3\xa4ureester von Mono- und Diglyceriden von Speisefetts\xc3\xa4uren), Ethanol.  Kann Spuren von Sesam und Milcherzeugnissen enthalten Zusatzstoffe: E 412, E 472eAllergenhinweise: Glutenhaltiges Getreide (Weizen, Gerste, Roggen, Hafer, Dinkel, Kamut oder Hybridst\xc3\xa4mme)N\xc3\xa4hrwerteDurchschnittliche N\xc3\xa4hrwertepro 100 gEnergie1.115 kJEnergie264 kcalFett2,5 gFett, davon ges\xc3\xa4ttigte Fetts\xc3\xa4uren0,6 gKohlenhydrate50,4 gKohlenhydrate, davon Zucker3,1 gEiwei\xc3\x9f8,1 gSalz1,2 gHinweiseVerwendungshinweise: Trocken lagern. Vor W\xc3\xa4rme sch\xc3\xbctzen.ArtikeldetailsMarke: REWE Beste WahlUrsprungsland: DeutschlandKontaktKontaktname: Glockenbrot B\xc3\xa4ckerei GmbH & Co. oHGKontaktadresse: Robert-Bosch-Str. 3, 60386 Frankfurt am Main, DeutschlandF\xc3\xbcr die vorstehenden Angaben wird keine Haftung \xc3\xbcbernommen. Bitte pr\xc3\xbcfen Sie im Einzelfall die Angaben auf der jeweiligen Produktverpackung, nur diese sind verbindlich.Das Produktdesign kann von der Abbildung abweichen.'",Felix-Wankel-Strasse 20,Rewe,Frühstück,2023-07-09,"Gültig ab morgen bis Samstag, 15.07.2023"
Corny Müsliriegel Milch Classic,https://img.rewe-static.de/REWE_CENTER_HZ28_2023/0544828/22736757-25_digital-image.png?impolicy=s-offers&imwidth=200&output-format=image/webp,,https://shop.rewe.de/p/dinkelbrot-pur-500g/7956326,,"je 4 x 30-g-Riegel-Pckg , (1 kg = 10.75)",Knaller,"1,29 €","b'ProduktbeschreibungArtikelnummer 544828Ohne Zusatz von Konservierungsstoffen.* *lt. Gesetz\r\nOhne Farbstoffe\r\nCremig Lecker\r\nCream up your crunchZutaten & AllergeneZutaten: Kakaohaltige Getreidecrispies 17% (Reismehl, WEIZENMEHL, fettarmes Kakaopulver, VOLLMILCHPULVER 2%, Zucker, Maismehl, Salz), Cornflakes 15% (Mais, Zucker, Salz, GERSTENMALZEXTRAKT), Kokosfett, Glukosesirup, Glukose-Fruktose-Sirup, Oligofruktose, Traubenzucker, VOLLKORNHAFERFLOCKEN 5%, Honig 5%, Zucker, Palm\xc3\xb6l, VOLLMILCHPULVER 3%, MAGERMILCHPULVER 3%, Stabilisator Glycerin, Karamellzuckersirup, Salz, Emulgator Lecithine, nat\xc3\xbcrliche Aromen.Allergenhinweise: Enth\xc3\xa4lt: Glutenhaltiges Getreide und glutenhaltige Getreideerzeugnisse. Milch und Milcherzeugnisse (einschlie\xc3\x9flich Lactose). Kann enthalten: N\xc3\xbcsse und Nusserzeugnisse. Erdn\xc3\xbcsse und Erdnusserzeugnisse.N\xc3\xa4hrwerteDurchschnittliche N\xc3\xa4hrwerteUnzubereitet pro 100 gEnergie1.882 kJEnergie449 kcalFett19,1 gFett, davon ges\xc3\xa4ttigte Fetts\xc3\xa4uren16,1 gKohlenhydrate60,5 gKohlenhydrate, davon Zucker30,3 gBallaststoffe6,4 gEiwei\xc3\x9f5,8 gSalz0,74 gHinweiseAufbewahrungs- und Verwendungshinweis: Vor W\xc3\xa4rme sch\xc3\xbctzen. K\xc3\xbchl und trocken lagern.ArtikeldetailsMarke: CORNYUrsprungsland: DeutschlandKontaktKontaktname: Schwartauer Werke GmbH & Co. KGaAKontaktadresse: 23608 Bad SchwartauMaximale Bestellmenge: 15 St\xc3\xbcckF\xc3\xbcr die vorstehenden Angaben wird keine Haftung \xc3\xbcbernommen. Bitte pr\xc3\xbcfen Sie im Einzelfall die Angaben auf der jeweiligen Produktverpackung, nur diese sind verbindlich.Das Produktdesign kann von der Abbildung abweichen.'",Felix-Wankel-Strasse 20,Rewe,Frühstück,2023-07-09,"Gültig ab morgen bis Samstag, 15.07.2023"
Corny Müsliriegel Schoko,https://img.rewe-static.de/REWE_CENTER_HZ28_2023/0544800/1238460-61_digital-image.png?impolicy=s-offers&imwidth=200&output-format=image/webp,,https://shop.rewe.de/p/dinkelbrot-pur-500g/7956326,,"je 6 x 25-g-Riegel-Pckg , (1 kg = 8.60)",Knaller,"1,29 €","b'ProduktbeschreibungArtikelnummer 544800Ohne Farbstoffe\r\nOhne Zusatz von Konservierungsstoffen*. *lt. Gesetz\r\nMit 10% Vollkorn\r\n24% MilchschokoladeZutaten & AllergeneZutaten: MILCHSCHOKOLADE 24% (Zucker, Kakaomasse, Kakaobutter, MAGERMILCHPULVER, BUTTERFETT, Emulgator Lecithine), Getreidecrispies (WEIZENMEHL, Zucker, Reismehl, Maismehl, GERSTENMALZEXTRAKT, Salz, Karamellzuckersirup), Glukosesirup, Glukose-Fruktose-Sirup, Vollkorngetreideflocken 10% (HAFER-, WEIZEN-, GERSTEN-), ger\xc3\xb6stete ERDN\xc3\x9cSSE, Zucker, Kokosfett, Cornflakes (Mais, Salz, GERSTENMALZEXTRAKT), Honig 1%, nat\xc3\xbcrliches Aroma, Salz, Karamellzuckersirup, Emulgator LecithineAllergenhinweise: Enth\xc3\xa4lt: Glutenhaltiges Getreide und glutenhaltige Getreideerzeugnisse. Erdn\xc3\xbcsse und Erdnusserzeugnisse. Milch und Milcherzeugnisse (einschlie\xc3\x9flich Lactose). Kann enthalten: Haselnuss und Haselnusserzeugnisse. Mandeln und Mandelerzeugnisse.N\xc3\xa4hrwerteDurchschnittliche N\xc3\xa4hrwerteUnzubereitet pro 100 gEnergie1.914 kJEnergie456 kcalFett17,5 gFett, davon ges\xc3\xa4ttigte Fetts\xc3\xa4uren10,2 gKohlenhydrate66,6 gKohlenhydrate, davon Zucker34,1 gBallaststoffe3,3 gEiwei\xc3\x9f6,3 gSalz0,51 gHinweiseAufbewahrungs- und Verwendungshinweis: Vor W\xc3\xa4rme sch\xc3\xbctzen. K\xc3\xbchl und trocken lagern.ArtikeldetailsMarke: CORNYUrsprungsland: DeutschlandSorte: SchokoKontaktKontaktname: Schwartauer Werke GmbH & Co. KGaAKontaktadresse: 23608 Bad SchwartauMaximale Bestellmenge: 15 St\xc3\xbcckF\xc3\xbcr die vorstehenden Angaben wird keine Haftung \xc3\xbcbernommen. Bitte pr\xc3\xbcfen Sie im Einzelfall die Angaben auf der jeweiligen Produktverpackung, nur diese sind verbindlich.Das Produktdesign kann von der Abbildung abweichen.'",Felix-Wankel-Strasse 20,Rewe,Frühstück,2023-07-09,"Gültig ab morgen bis Samstag, 15.07.2023"
Lavazza Caffè Crema Classico oder Crema e Aroma,https://img.rewe-static.de/REWE_CENTER_HZ28_2023/0293182/30798874-10_digital-image.png?impolicy=s-offers&imwidth=200&output-format=image/webp,,https://shop.rewe.de/p/dinkelbrot-pur-500g/7956326,,"ganze Bohnen , je 1000-g-Btl",Knaller,"9,99 €","b'ProduktbeschreibungArtikelnummer 293182Eine sehr vielseitige Mischung aus Arabica und Robusta Bohnen. HinweiseAufbewahrungs- und Verwendungshinweis: trocken lagern.ArtikeldetailsMarke: LavazzaUrsprungsland: ItalienKontaktKontaktname: LUIGI LAVAZZA S.p.A.Kontaktadresse: C. SO NOVARA, 59- 10154 TORINO - ITALIAMaximale Bestellmenge: 15 St\xc3\xbcckF\xc3\xbcr die vorstehenden Angaben wird keine Haftung \xc3\xbcbernommen. Bitte pr\xc3\xbcfen Sie im Einzelfall die Angaben auf der jeweiligen Produktverpackung, nur diese sind verbindlich.Das Produktdesign kann von der Abbildung abweichen.'",Felix-Wankel-Strasse 20,Rewe,Frühstück,2023-07-09,"Gültig ab morgen bis Samstag, 15.07.2023"
Jacobs Tassimokapseln Caffè Crema XL,https://img.rewe-static.de/REWE_CENTER_HZ28_2023/1398793/20366870-34_digital-image.png?impolicy=s-offers&imwidth=200&output-format=image/webp,,https://shop.rewe.de/p/dinkelbrot-pur-500g/7956326,,"je 132,8-g-Pckg , (1 kg = 30.05)",Aktion,"3,99 €","b'ProduktbeschreibungArtikelnummer 1398793Mit der praktischen XL-Becherportion h\xc3\xa4lt der Kaffeegenuss des Tassimo Jacobs Caff\xc3\xa8 Crema Classico XL noch l\xc3\xa4nger an. Erleben Sie den vollmundigen Geschmack des Jacobs Verw\xc3\xb6hnaromas und die samtige, goldene Crema. \nIhr Lieblingsgetr\xc3\xa4nk - vollautomatisch mit nur einem Knopfdruck zubereitet. \n1 Getr\xc3\xa4nk = 215 ml. Mit der praktischen XL-Becherportion h\xc3\xa4lt der Kaffeegenuss des TASSIMO Jacobs Caff\xc3\xa8 Crema classico XL noch l\xc3\xa4nger an. Erleben Sie den vollmundigen Geschmack des Jacobs Verw\xc3\xb6hnaromas und die samtige, goldene Crema. \nIhr Lieblingsgetr\xc3\xa4nk - vollautomatisch mit nur einem Knopfdruck zubereitet. \n1 Getr\xc3\xa4nk = 215 mlZutaten & AllergeneAllergenhinweise: Enth\xc3\xa4lt: Keine deklarationspflichtigen Allergene enthalten.HinweiseAufbewahrungs- und Verwendungshinweis: Trocken lagern und vor W\xc3\xa4rme sch\xc3\xbctzen.Information: unter Schutzatmosph\xc3\xa4re verpacktArtikeldetailsMarke: TassimoUrsprungsland: DeutschlandSorte: ClassicoKontaktKontaktname: JACOBS DOUWE EGBERTSKontaktadresse: Oosterdoksstraat 80, 1011 DK Amsterdam, The NetherlandsMaximale Bestellmenge: 15 St\xc3\xbcckF\xc3\xbcr die vorstehenden Angaben wird keine Haftung \xc3\xbcbernommen. Bitte pr\xc3\xbcfen Sie im Einzelfall die Angaben auf der jeweiligen Produktverpackung, nur diese sind verbindlich.Das Produktdesign kann von der Abbildung abweichen.'",Felix-Wankel-Strasse 20,Rewe,Frühstück,2023-07-09,"Gültig ab morgen bis Samstag, 15.07.2023"
Jacobs Tassimokapseln Cappuccino,https://img.rewe-static.de/REWE_CENTER_HZ28_2023/1398796/20366868-22_digital-image.png?impolicy=s-offers&imwidth=200&output-format=image/webp,,https://shop.rewe.de/p/dinkelbrot-pur-500g/7956326,,"je 260-g-Pckg , (1 kg = 15.35)",Aktion,"3,99 €","b'ProduktbeschreibungArtikelnummer 1398796K\xc3\xb6stlich cremiger Cappuccino von Tassimo mit dem Jacobs Verw\xc3\xb6hnaroma. Eine Kombination aus intensivem Espresso mit feinem Schaum. \nIhr Lieblingsgetr\xc3\xa4nk - vollautomatisch mit nur einem Knopfdruck zubereitet. \n1 Getr\xc3\xa4nk = 190 ml. Der Tassimo Cappuccino Classico von Jacobs ist eine Kombination aus intensivem Espresso und einer Milchschaumschicht. Eine speziell hergestellte Mischung aus perfekt ger\xc3\xb6steten Espressobohnen, um den authentischen Cappuccino-Geschmack zu kreieren. Genie\xc3\x9fe die Kombination aus intensivem Espresso und feinem Schaum mit dem k\xc3\xb6stlichen Jacobs Cappuccino.Zutaten & AllergeneZutaten: Ultrafiltriertes VOLLMILCHKONZENTRAT (60%), gemahlener R\xc3\xb6stkaffee (20%), Zucker (11%), Wasser, Salz, S\xc3\xa4ureregulator (E339).Allergenhinweise: VOLLMILCHKONZENTRATEnth\xc3\xa4lt: Milch und Milcherzeugnisse (einschlie\xc3\x9flich Lactose).N\xc3\xa4hrwerteDurchschnittliche N\xc3\xa4hrwerteZubereitet pro 100 mlEnergie105 kJEnergie25 kcalFett1,3 gFett, davon ges\xc3\xa4ttigte Fetts\xc3\xa4uren0,9 gKohlenhydrate2,2 gKohlenhydrate, davon Zucker2,2 gBallaststoffe0 gEiwei\xc3\x9f1,1 gSalz0,1 gHinweiseAufbewahrungs- und Verwendungshinweis: Trocken, dunkel lagern und vor W\xc3\xa4rme sch\xc3\xbctzen.Information: unter Schutzatmosph\xc3\xa4re verpacktArtikeldetailsMarke: TassimoUrsprungsland: DeutschlandKontaktKontaktname: JACOBS DOUWE EGBERTSKontaktadresse: Oosterdoksstraat 80, 1011 DK Amsterdam, The NetherlandsMaximale Bestellmenge: 15 St\xc3\xbcckF\xc3\xbcr die vorstehenden Angaben wird keine Haftung \xc3\xbcbernommen. Bitte pr\xc3\xbcfen Sie im Einzelfall die Angaben auf der jeweiligen Produktverpackung, nur diese sind verbindlich.Das Produktdesign kann von der Abbildung abweichen.'",Felix-Wankel-Strasse 20,Rewe,Frühstück,2023-07-09,"Gültig ab morgen bis Samstag, 15.07.2023"
Mestemacher Wraps,https://img.rewe-static.de/REWE_CENTER_HZ28_2023/8722477/35581003-6_digital-image.png?impolicy=s-offers&imwidth=200&output-format=image/webp,,https://shop.rewe.de/p/dinkelbrot-pur-500g/7956326,,"versch. Sorten , je 300-g-Pckg , (1 kg = 7.30)",Aktion,"2,19 €","b'ProduktbeschreibungArtikelnummer 8722477Man nehme italienisches Temperament, ein Originalrezept und kaltgepresstes Oliven\xc3\xb6l. Diese Zutaten machen unsere Wraps zu etwas ganz Besonderem!Zutaten & AllergeneZutaten: DINKELMEHL*1), Wasser, natives Oliven\xc3\xb6l extra* (5 %), Sonnenblumen\xc3\xb6l*, Meersalz, nat\xc3\xbcrliches Rosmarinaroma. * aus biologischem Landbau 1)Mit Dinkelmehl aus der EU. Kann Spuren von SOJA und SENF enthalten.Allergenhinweise: Enth\xc3\xa4lt: Glutenhaltiges Getreide und glutenhaltige Getreideerzeugnisse. Dinkel und Dinkelerzeugnisse (glutenhaltiges Getreide). Kann enthalten: Soja und Sojaerzeugnisse. Senf- und Senferzeugnisse.N\xc3\xa4hrwerteDurchschnittliche N\xc3\xa4hrwerteUnzubereitet pro 100 gEnergie1.280 kJEnergie304 kcalFett8,6 gFett, davon ges\xc3\xa4ttigte Fetts\xc3\xa4uren1,1 gKohlenhydrate45,7 gKohlenhydrate, davon Zucker1 gBallaststoffe3,1 gEiwei\xc3\x9f9,5 gSalz1,1 gHinweiseAufbewahrungs- und Verwendungshinweis: K\xc3\xbchl und trocken lagern.ArtikeldetailsMarkeMestemacherEigenschaftenVegan, BioUrsprungslandItalienServiervorschlagNach Belieben f\xc3\xbcllen, z.B. mit Salat oder Geschnetzeltem.\xc3\x96ko KontrollstelleIT-BIO-007Ort der ErzeugungEU-LandwirtschaftKontaktKontaktname: Mestemacher GmbHKontaktadresse: Postfach 2451 - 33254 G\xc3\xbcterslohF\xc3\xbcr die vorstehenden Angaben wird keine Haftung \xc3\xbcbernommen. Bitte pr\xc3\xbcfen Sie im Einzelfall die Angaben auf der jeweiligen Produktverpackung, nur diese sind verbindlich.Das Produktdesign kann von der Abbildung abweichen.'",Felix-Wankel-Strasse 20,Rewe,Frühstück,2023-07-09,"Gültig ab morgen bis Samstag, 15.07.2023"
Wasa Knäckebrot Rustikal,https://img.rewe-static.de/REWE_CENTER_HZ28_2023/1995073/674470-38_digital-image.png?impolicy=s-offers&imwidth=200&output-format=image/webp,,https://shop.rewe.de/p/dinkelbrot-pur-500g/7956326,,"je 275-g-Pckg , (1 kg = 7.24)",Aktion,"1,99 €","b'ProduktbeschreibungArtikelnummer 1995073Zutaten & AllergeneZutaten: ROGGENVOLLKORNMEHL, ROGGENKLEIE, Salz, Hefe. DIE HERVORGEHOBENEN ZUTATEN K\xc3\x96NNEN BEI PERSONEN MIT ALLERGIEN UND UNVERTR\xc3\x84GLICHKEITEN REAKTIONEN VERURSACHEN.Allergenhinweise: Enth\xc3\xa4lt: Glutenhaltiges Getreide und glutenhaltige Getreideerzeugnisse. Roggen und Roggenerzeugnisse (glutenhaltiges Getreide).N\xc3\xa4hrwerteDurchschnittliche N\xc3\xa4hrwerteUnzubereitet pro 100 gEnergie1.377 kJEnergie327 kcalFett1,5 gFett, davon ges\xc3\xa4ttigte Fetts\xc3\xa4uren0,4 gKohlenhydrate59,3 gKohlenhydrate, davon Zucker1,5 gBallaststoffe20 gEiwei\xc3\x9f9 gSalz1,25 gHinweiseAufbewahrungs- und Verwendungshinweis: Trocken und vor Licht gesch\xc3\xbctzt aufbewahrenArtikeldetailsMarke: WasaUrsprungsland: SchwedenKontaktKontaktname: Barilla Deutschland GmbH, Bereich WasaKontaktadresse: Wasastra\xc3\x9fe 10, D-29229 CelleMaximale Bestellmenge: 15 St\xc3\xbcckF\xc3\xbcr die vorstehenden Angaben wird keine Haftung \xc3\xbcbernommen. Bitte pr\xc3\xbcfen Sie im Einzelfall die Angaben auf der jeweiligen Produktverpackung, nur diese sind verbindlich.Das Produktdesign kann von der Abbildung abweichen.'",Felix-Wankel-Strasse 20,Rewe,Frühstück,2023-07-09,"Gültig ab morgen bis Samstag, 15.07.2023"
Wasa Milch & Joghurtknäcke,https://img.rewe-static.de/REWE_CENTER_HZ28_2023/7909062/33278373-9_digital-image.png?impolicy=s-offers&imwidth=200&output-format=image/webp,,https://shop.rewe.de/p/dinkelbrot-pur-500g/7956326,,"je 230-g-Pckg , (1 kg = 8.65)",Aktion,"1,99 €","b'ProduktbeschreibungArtikelnummer 7909062Zutaten & AllergeneZutaten: ROGGENVOLLKORNMEHL (105 g**), entrahmte MILCH (16 g**), JOGHURTPULVER, MOLKENPULVER, Salz. Kann Spuren von SESAMSAMEN enthalten. Die hervorgehobenen Zutaten k\xc3\xb6nnen bei Personen mit Allergien und Unvertr\xc3\xa4glichkeiten Reaktionen verursachen. . **in g pro 100 g ProduktAllergenhinweise: Enth\xc3\xa4lt: Glutenhaltiges Getreide und glutenhaltige Getreideerzeugnisse. Roggen und Roggenerzeugnisse (glutenhaltiges Getreide). Milch und Milcherzeugnisse (einschlie\xc3\x9flich Lactose). Kann enthalten: Sesamsamen und Sesamsamenerzeugnisse.N\xc3\xa4hrwerteDurchschnittliche N\xc3\xa4hrwerteUnzubereitet pro 100 gEnergie1.424 kJEnergie338 kcalFett2 gFett, davon ges\xc3\xa4ttigte Fetts\xc3\xa4uren0,3 gKohlenhydrate60,5 gKohlenhydrate, davon Zucker3,5 gBallaststoffe20 gEiwei\xc3\x9f9,5 gSalz1,15 gHinweiseAufbewahrungs- und Verwendungshinweis: Trocken und vor Licht gesch\xc3\xbctzt aufbewahren.ArtikeldetailsMarke: WasaUrsprungsland: DeutschlandKontaktKontaktname: Barilla Deutschland GmbH, Bereich WasaKontaktadresse: Wasastra\xc3\x9fe 10, D-29229 CelleMaximale Bestellmenge: 15 St\xc3\xbcckF\xc3\xbcr die vorstehenden Angaben wird keine Haftung \xc3\xbcbernommen. Bitte pr\xc3\xbcfen Sie im Einzelfall die Angaben auf der jeweiligen Produktverpackung, nur diese sind verbindlich.Das Produktdesign kann von der Abbildung abweichen.'",Felix-Wankel-Strasse 20,Rewe,Frühstück,2023-07-09,"Gültig ab morgen bis Samstag, 15.07.2023"
Lavazza Crema e Gusto oder Espresso,https://img.rewe-static.de/REWE_CENTER_HZ28_2023/7713584/29141056-8_digital-image.png?impolicy=s-offers&imwidth=200&output-format=image/webp,,https://shop.rewe.de/p/dinkelbrot-pur-500g/7956326,,"versch. Sorten , je 250-g-Pckg , (1 kg = 13.96)",Aktion,"3,49 €","b'ProduktbeschreibungArtikelnummer 7713584Die Mischung besteht aus einer Auswahl hochwertiger, rassiger Arabicas (30 %) und Robustas (70 %) und ist ideal f\xc3\xbcr all diejenigen geeignet, die jeden Augenblick des Tages ein intensives Geschmackserlebnis genie\xce\xb2en m\xc3\xb6chten. HinweiseAufbewahrungs- und Verwendungshinweis: trocken lagern.ArtikeldetailsMarke: LavazzaUrsprungsland: ItalienSorte: Crema e GustoKontaktKontaktname: LUIGI LAVAZZA S.p.A.Kontaktadresse: C. SO NOVARA, 59- 10154 TORINO - ITALIAMaximale Bestellmenge: 15 St\xc3\xbcckF\xc3\xbcr die vorstehenden Angaben wird keine Haftung \xc3\xbcbernommen. Bitte pr\xc3\xbcfen Sie im Einzelfall die Angaben auf der jeweiligen Produktverpackung, nur diese sind verbindlich.Das Produktdesign kann von der Abbildung abweichen.'",Felix-Wankel-Strasse 20,Rewe,Frühstück,2023-07-09,"Gültig ab morgen bis Samstag, 15.07.2023"
Oro di Parma Tomaten,https://img.rewe-static.de/REWE_CENTER_HZ28_2023/0690805/1447950-33_digital-image.png?impolicy=s-offers&imwidth=200&output-format=image/webp,,https://shop.rewe.de/p/dinkelbrot-pur-500g/7956326,,"versch. Sorten , je 400-g-Dose , (1 kg = 2.48)",Aktion,"0,99 €","b'ProduktbeschreibungArtikelnummer 690805In der Sonne gereift, sorgf\xc3\xa4lig ausgew\xc3\xa4hlt, gesch\xc3\xa4lt und fein gest\xc3\xbcckelt, bilden die ORO di Parma-Tomaten mit ihrem intensiven Geschmack, und verfeinert mit Basilikum die ideale Basis f\xc3\xbcr Saucen, Suppen und Co.Zutaten & AllergeneZutaten: Tomatenst\xc3\xbccke, Basilikum, Salz, Zucker, nat\xc3\xbcrliches Kr\xc3\xa4uter-Aroma, nat\xc3\xbcrliches Aroma.N\xc3\xa4hrwerteDurchschnittliche N\xc3\xa4hrwerteUnzubereitet pro 100 gEnergie115 kJEnergie27 kcalFett< 0,5 gFett, davon ges\xc3\xa4ttigte Fetts\xc3\xa4uren< 0,1 gKohlenhydrate3,5 gKohlenhydrate, davon Zucker3,5 gBallaststoffe2,2 gEiwei\xc3\x9f1,3 gSalz0,6 gHinweiseAufbewahrungs- und Verwendungshinweis: Nach Anbruch im K\xc3\xbchlschrank aufbewahren.ArtikeldetailsMarke: Oro di ParmaNettof\xc3\xbcllmenge: 400 GUrsprungsland: ItalienKontaktKontaktname: HengstenbergKontaktadresse: D-73726 EsslingenF\xc3\xbcr die vorstehenden Angaben wird keine Haftung \xc3\xbcbernommen. Bitte pr\xc3\xbcfen Sie im Einzelfall die Angaben auf der jeweiligen Produktverpackung, nur diese sind verbindlich.Das Produktdesign kann von der Abbildung abweichen.'",Felix-Wankel-Strasse 20,Rewe,Kochen & Backen,2023-07-09,"Gültig ab morgen bis Samstag, 15.07.2023"
Heinz Mayonnaise,https://img.rewe-static.de/REWE_CENTER_HZ28_2023/8280030/29291195-23_digital-image.png?impolicy=s-offers&imwidth=200&output-format=image/webp,,https://shop.rewe.de/p/dinkelbrot-pur-500g/7956326,,"je 495-ml-Fl , (1 l = 4.02)",Aktion,"1,99 €","b'ProduktbeschreibungArtikelnummer 8280030Das Original: Die k\xc3\xb6stliche Heinz Mayonnaise \xc3\xbcberzeugt mit ihrem vollmundigen Geschmack und erg\xc3\xa4nzt die unterschiedlichsten Gerichte um eine cremige Note. Die leckere Mayonnaise von Heinz ist aus hochwertigsten Zutaten sowie Eiern aus Freilandhaltung hergestellt und sorgt so f\xc3\xbcr einen besonders frischen Geschmack. Ob zu Kartoffelprodukten, Sandwiches oder als Basis f\xc3\xbcr Salatdressings - ihre feine W\xc3\xbcrze macht die Mayonnaise von Heinz zu einem einmalig cremigen Genuss. Dank der praktischen Dosier\xc3\xb6ffnung ist schnelles und sauberes Dosieren ganz einfach - so wird die gro\xc3\x9fe Squeezeflasche zum Must-have auf jeder Grillparty. Ohne k\xc3\xbcnstliche Farbstoffe und Aromen / Einfache Dosierung / Ideal f\xc3\xbcr Burger, Pommes u. v. m.... mehr anzeigenEcht etwas Besonderes: Eine frisch schmeckende und lecker cremige Mayonnaise, hergestellt aus hochwertigsten Zutaten \xe2\x80\xa6und Eiern aus Freilandhaltung.Zutaten & AllergeneZutaten: Raps\xc3\xb6l 68%, Wasser, pasteurisiertes EIGELB\xe2\x80\xa0 5%, Branntweinessig\xe2\x80\xa0\xe2\x80\xa0, Zucker, St\xc3\xa4rke, Salz, SENFSAMEN, Gew\xc3\xbcrze, Antioxidationsmittel (Calcium-Dinatrium-EDTA). \xe2\x80\xa0Von Eiern aus Freilandhaltung. \xe2\x80\xa0\xe2\x80\xa0\xc3\x96sterreich: Weingeistessig.Allergenhinweise: Enth\xc3\xa4lt: Eier und Eierzeugnisse. Senf- und Senferzeugnisse.N\xc3\xa4hrwerteDurchschnittliche N\xc3\xa4hrwerteUnzubereitet pro 100 gEnergie2.650 kJEnergie644 kcalFett70 gFett, davon ges\xc3\xa4ttigte Fetts\xc3\xa4uren6,7 gKohlenhydrate3 gKohlenhydrate, davon Zucker1,5 gEiwei\xc3\x9f0,8 gSalz1 gHinweiseAufbewahrungs- und Verwendungshinweis: Nach dem \xc3\x96ffnen gek\xc3\xbchlt aufbewahren.ArtikeldetailsMarke: HeinzUrsprungsland: NiederlandeKontaktKontaktname: H. J. Heinz GmbHKontaktadresse: Postfach 14 05 55, 40075 D\xc3\xbcsseldorf, DeutschlandF\xc3\xbcr die vorstehenden Angaben wird keine Haftung \xc3\xbcbernommen. Bitte pr\xc3\xbcfen Sie im Einzelfall die Angaben auf der jeweiligen Produktverpackung, nur diese sind verbindlich.Das Produktdesign kann von der Abbildung abweichen.'",Felix-Wankel-Strasse 20,Rewe,Kochen & Backen,2023-07-09,"Gültig ab morgen bis Samstag, 15.07.2023"
Homann Paprika Sauce,https://img.rewe-static.de/REWE_CENTER_HZ28_2023/8658570/33971457-13_digital-image.png?impolicy=s-offers&imwidth=200&output-format=image/webp,,https://shop.rewe.de/productList?search=8658570,,"versch. Sorten , je 400-ml-Glas , (1 l = 2.78)",Aktion,"1,11 €",,Felix-Wankel-Strasse 20,Rewe,Kochen & Backen,2023-07-09,"Gültig ab morgen bis Samstag, 15.07.2023"
Schamel Bayerischer Meerrettich Alpensahne,https://img.rewe-static.de/REWE_CENTER_HZ28_2023/5558107/1649940-40_digital-image.png?impolicy=s-offers&imwidth=200&output-format=image/webp,,https://shop.rewe.de/p/schamel-alpensahne-meerrettich-135g/5558107,,"je 135-g-Glas , (1 kg = 9.56)",Aktion,"1,29 €","ProduktbeschreibungArtikelnummer 5558107- bayerischer Meerrettich g.g.A. ALPENSAHNE
- das Original seit 1846 zur Krönung aller Speisen.
- älteste Meerrettichmarke der Welt und Deutschlands meistgekaufte
- ohne künstliche Farbstoffe, ohne Geschmacksverstärker 
- Aus 100% Bayerischen Krenwurzeln fein gerieben und mit Alpensahne mildwürzig zubereitet
- Genussempfehlung: zu Lachs und feinen Fischgerichten! Zutaten & AllergeneZutaten: Meerrettich, Rapsöl, SAHNE (27%), Branntweinessig, Zucker, MILCHEIWEIß, Salz, Säuerungsmittel Citronensäure und Ascorbinsäure, MOLKENERZEUGNIS, Stabilisatoren Guarkernmehl und Xanthan, modifizierte Stärke, Antioxidationsmittel NATRIUMMETABISULFIT, natürliches Aroma.Allergenhinweise: Enthält: Schwefeldioxid und Sulfite. Milchzucker (Laktose).NährwerteDurchschnittliche NährwerteUnzubereitet pro 100 gEnergie1.330 kJEnergie321 kcalFett30 gFett, davon gesättigte Fettsäuren3,7 gKohlenhydrate10 gKohlenhydrate, davon Zucker7,9 gEiweiß2,3 gSalz0,51 gHinweiseAufbewahrungs- und Verwendungshinweis: Nach dem Öffnen kühl aufbewahrenArtikeldetailsMarke: SchamelUrsprungsland: DeutschlandKontaktKontaktname: Schamel MeerrettichKontaktadresse: D-91081 Baiersdorf / BayernFür die vorstehenden Angaben wird keine Haftung übernommen. Bitte prüfen Sie im Einzelfall die Angaben auf der jeweiligen Produktverpackung, nur diese sind verbindlich.Das Produktdesign kann von der Abbildung abweichen.",Felix-Wankel-Strasse 20,Rewe,Kochen & Backen,2023-07-09,"Gültig ab morgen bis Samstag, 15.07.2023"
Schamel Bayerischer Meerrettich scharfwürzig,https://img.rewe-static.de/REWE_CENTER_HZ28_2023/5276870/1649950-44_digital-image.png?impolicy=s-offers&imwidth=200&output-format=image/webp,,https://shop.rewe.de/p/schamel-bayerischer-meerrettich-scharfwuerzig-145g/5276870,,"je 145-g-Glas , (1 kg = 8.90)",Aktion,"1,29 €","ProduktbeschreibungArtikelnummer 5276870- bayerischer Meerrettich g.g.A. SCHARFWÜRZIG 
- das Original seit 1846 zur Krönung aller Speisen. 
- älteste Meerrettichmarke der Welt und Deutschlands meistgekaufte 
- ohne künstliche Farbstoffe, ohne Geschmacksverstärker 
- Aus 100% Bayerischen Krenwurzeln fein gerieben und tafelfertig zubereitet 
- Genussempfehlung: zu allen Wurst und Fleischgerichten! Zutaten & AllergeneZutaten: Meerrettich, Branntweinessig, Rapsöl, Zucker, Salz, Säuerungsmittel Citronensäure, MOLKENERZEUGNIS, Stabilisator Xanthan, Stärke, Antioxidationsmittel NATRIUMMETABISULFIT, natürliches Aroma.Allergenhinweise: Enthält: Mais und Maiserzeugnisse. Schwefeldioxid und Sulfite. Milchzucker (Laktose).NährwerteDurchschnittliche NährwerteUnzubereitet pro 100 gEnergie694 kJEnergie167 kcalFett12 gFett, davon gesättigte Fettsäuren1 gKohlenhydrate9,5 gKohlenhydrate, davon Zucker6,9 gEiweiß1,7 gSalz0,28 gHinweiseAufbewahrungs- und Verwendungshinweis: Nach dem Öffnen kühl aufbewahrenArtikeldetailsMarke: SchamelUrsprungsland: DeutschlandKontaktKontaktname: Schamel MeerrettichKontaktadresse: D-91081 Baiersdorf / BayernFür die vorstehenden Angaben wird keine Haftung übernommen. Bitte prüfen Sie im Einzelfall die Angaben auf der jeweiligen Produktverpackung, nur diese sind verbindlich.Das Produktdesign kann von der Abbildung abweichen.",Felix-Wankel-Strasse 20,Rewe,Kochen & Backen,2023-07-09,"Gültig ab morgen bis Samstag, 15.07.2023"
Appel Heringsfilets,https://img.rewe-static.de/REWE_CENTER_HZ28_2023/8648160/33102496-7_digital-image.png?impolicy=s-offers&imwidth=200&output-format=image/webp,,https://shop.rewe.de/p/schamel-bayerischer-meerrettich-scharfwuerzig-145g/5276870,,"versch. Sorten , je 200-g-Dose , (1 kg = 5.95)",Aktion,"1,19 €","b'ProduktbeschreibungArtikelnummer 8648160Zutaten & AllergeneZutaten: HERINGSFILETS (60%), Tomatenmark (14%), Wasser, Raps\xc3\xb6l, Zucker, Branntweinessig, Verdickungsmittel: Guarkernmehl; Speisesalz, modifizierte St\xc3\xa4rke, Gew\xc3\xbcrze.Allergenhinweise: Enth\xc3\xa4lt: Fisch und Fischerzeugnisse.N\xc3\xa4hrwerteDurchschnittliche N\xc3\xa4hrwerteUnzubereitet pro 100 gEnergie906 kJEnergie218 kcalFett16,1 gFett, davon ges\xc3\xa4ttigte Fetts\xc3\xa4uren2,7 gKohlenhydrate5,2 gKohlenhydrate, davon Zucker4,5 gEiwei\xc3\x9f12 gSalz0,98 gArtikeldetailsMarke: AppelNettof\xc3\xbcllmenge: 200 GUrsprungsland: DeutschlandKontaktKontaktname: Appel Feinkost GmbH & Co. KGKontaktadresse: D-27472 CuxhavenMaximale Bestellmenge: 15 St\xc3\xbcckF\xc3\xbcr die vorstehenden Angaben wird keine Haftung \xc3\xbcbernommen. Bitte pr\xc3\xbcfen Sie im Einzelfall die Angaben auf der jeweiligen Produktverpackung, nur diese sind verbindlich.Das Produktdesign kann von der Abbildung abweichen.'",Felix-Wankel-Strasse 20,Rewe,Kochen & Backen,2023-07-09,"Gültig ab morgen bis Samstag, 15.07.2023"
Barilla Teigwaren,https://img.rewe-static.de/REWE_CENTER_HZ28_2023/2167566/23715522-22_digital-image.png?impolicy=s-offers&imwidth=200&output-format=image/webp,,https://shop.rewe.de/p/schamel-bayerischer-meerrettich-scharfwuerzig-145g/5276870,,"versch. Sorten, glutenfrei , je 400-g-Pckg , (1 kg = 4.98)",Aktion,"1,99 €","b'ProduktbeschreibungArtikelnummer 2167566Speziell formuliert f\xc3\xbcr Menschen mit Glutenunvertr\xc3\xa4glichkeit.Zutaten & AllergeneZutaten: wei\xc3\x9fes Maismehl (60%), gelbes Maismehl (29,5%), braunes Vollkorn-Reismehl (10%), Wasser, Emulgator: Mono- und Diglyceride von Speisefetts\xc3\xa4uren.Allergenhinweise: Enth\xc3\xa4lt: Keine deklarationspflichtigen Allergene enthalten.N\xc3\xa4hrwerteDurchschnittliche N\xc3\xa4hrwerteUnzubereitet pro 100 gEnergie1.540 kJEnergie363 kcalFett1,5 gFett, davon ges\xc3\xa4ttigte Fetts\xc3\xa4uren0,7 gKohlenhydrate79,6 gKohlenhydrate, davon Zucker0,6 gBallaststoffe1,7 gEiwei\xc3\x9f6,9 gSalz0,002 gHinweiseAufbewahrungs- und Verwendungshinweis: K\xc3\xbchl und trocken lagernArtikeldetailsMarke: BarillaEigenschaften: GlutenfreiUrsprungsland: ItalienSorte: Spaghetti glutenfreiKontaktKontaktname: Barilla G. e R. Fratelli S.p.A.Kontaktadresse: Via Mantova 166, Parma - Italy.F\xc3\xbcr die vorstehenden Angaben wird keine Haftung \xc3\xbcbernommen. Bitte pr\xc3\xbcfen Sie im Einzelfall die Angaben auf der jeweiligen Produktverpackung, nur diese sind verbindlich.Das Produktdesign kann von der Abbildung abweichen.'",Felix-Wankel-Strasse 20,Rewe,Kochen & Backen,2023-07-09,"Gültig ab morgen bis Samstag, 15.07.2023"
Händlmaier Mittelscharfer Senf,https://img.rewe-static.de/REWE_CENTER_HZ28_2023/8231117/8151880-12_digital-image.png?impolicy=s-offers&imwidth=200&output-format=image/webp,,https://shop.rewe.de/p/schamel-bayerischer-meerrettich-scharfwuerzig-145g/5276870,,"je 250-ml-Glas , (1 l = 3.96)",Aktion,"0,99 €","b""ProduktbeschreibungArtikelnummer 8231117Zutaten & AllergeneZutaten: Wasser, SENFSAATEN, Branntweinessig, Speisesalz, Zucker, Gew\xc3\xbcrze, EstragonextraktAllergenhinweise: Enth\xc3\xa4lt: Senf- und Senferzeugnisse.N\xc3\xa4hrwerteDurchschnittliche N\xc3\xa4hrwerteUnzubereitet pro 100 mlEnergie377 kJEnergie90 kcalFett4,9 gFett, davon ges\xc3\xa4ttigte Fetts\xc3\xa4uren0,4 gKohlenhydrate3,4 gKohlenhydrate, davon Zucker2,7 gEiwei\xc3\x9f6 gSalz2,9 gHinweiseAufbewahrungs- und Verwendungshinweis: Nach dem \xc3\xb6ffnen k\xc3\xbchl lagen.ArtikeldetailsMarke: H\xc3\xa4ndlmaier'sUrsprungsland: DeutschlandPackungsgr\xc3\xb6\xc3\x9fe: 250mlKontaktKontaktname: Luise H\xc3\xa4ndlmaier GmbHKontaktadresse: Eschenbacher Stra\xc3\x9fe 2 93057 RegensburgF\xc3\xbcr die vorstehenden Angaben wird keine Haftung \xc3\xbcbernommen. Bitte pr\xc3\xbcfen Sie im Einzelfall die Angaben auf der jeweiligen Produktverpackung, nur diese sind verbindlich.Das Produktdesign kann von der Abbildung abweichen.""",Felix-Wankel-Strasse 20,Rewe,Kochen & Backen,2023-07-09,"Gültig ab morgen bis Samstag, 15.07.2023"
Händlmaier Mittelscharfer Senf,https://img.rewe-static.de/REWE_CENTER_HZ28_2023/8231176/3047510-6_digital-image.png?impolicy=s-offers&imwidth=200&output-format=image/webp,,https://shop.rewe.de/p/schamel-bayerischer-meerrettich-scharfwuerzig-145g/5276870,,"je 200-ml-Tube , (1 l = 4.95)",Aktion,"0,99 €","b""ProduktbeschreibungArtikelnummer 8231176Zutaten & AllergeneZutaten: Wasser, SENFSAATEN, Branntweinessig, Speisesalz, Zucker, Gew\xc3\xbcrze, Estragonextrakt.Allergenhinweise: Enth\xc3\xa4lt: Senf- und Senferzeugnisse.N\xc3\xa4hrwerteDurchschnittliche N\xc3\xa4hrwerteUnzubereitet pro 100 mlEnergie377 kJEnergie90 kcalFett4,9 gFett, davon ges\xc3\xa4ttigte Fetts\xc3\xa4uren0,4 gKohlenhydrate3,4 gKohlenhydrate, davon Zucker2,7 gEiwei\xc3\x9f6 gSalz2,9 gHinweiseAufbewahrungs- und Verwendungshinweis: Nach dem \xc3\x96ffnen k\xc3\xbchl lagern.ArtikeldetailsMarke: H\xc3\xa4ndlmaier'sUrsprungsland: DeutschlandPackungsgr\xc3\xb6\xc3\x9fe: 200mlKontaktKontaktname: Luise H\xc3\xa4ndlmaier GmbHKontaktadresse: Eschenbacher Str. 293057 RegensburgF\xc3\xbcr die vorstehenden Angaben wird keine Haftung \xc3\xbcbernommen. Bitte pr\xc3\xbcfen Sie im Einzelfall die Angaben auf der jeweiligen Produktverpackung, nur diese sind verbindlich.Das Produktdesign kann von der Abbildung abweichen.""",Felix-Wankel-Strasse 20,Rewe,Kochen & Backen,2023-07-09,"Gültig ab morgen bis Samstag, 15.07.2023"
Kölln Schoko Müsli,https://img.rewe-static.de/REWE_CENTER_HZ28_2023/7894490/1202580-76_digital-image.png?impolicy=s-offers&imwidth=200&output-format=image/webp,,https://shop.rewe.de/p/schamel-bayerischer-meerrettich-scharfwuerzig-145g/5276870,,"je 2000-g-Pckg , (1 kg = 3.25)",Aktion,"6,49 €","b'ProduktbeschreibungArtikelnummer 7894490K\xc3\xb6lln M\xc3\xbcsli f\xc3\xbcr Schoko-Freunde\r\nErn\xc3\xa4hrungsexperten sind sich einig. Das allmorgendliche Fr\xc3\xbchst\xc3\xbcck ist wichtig, denn ein Auff\xc3\xbcllen der \xe2\x80\x9eReserven\xe2\x80\x9c bildet jetzt die Grundlage f\xc3\xbcr den Start in den Tag. Dar\xc3\xbcber hinaus bietet die Zeit am Fr\xc3\xbchst\xc3\xbcckstisch eine besondere Gelegenheit, sich auf die kommenden Stunden einzustimmen.\r\nNicht zuf\xc3\xa4llig machte Dr. Bircher-Benner den Hafer zur Grundlage f\xc3\xbcr seine ber\xc3\xbchmte \xe2\x80\x9eErfindung\xe2\x80\x9c: das M\xc3\xbcsli. Denn Hafer ist mit seinem nussigen Geschmack das ideale Fr\xc3\xbchst\xc3\xbccksgetreide. K\xc3\xb6lln M\xc3\xbcslis basieren auf K\xc3\xb6llnflocken und weisen dadurch immer einen nennenswerten Gehalt an Vollkorn-Hafer auf. Ob gleich am Morgen oder zwischendurch, ob schokoladig, mit N\xc3\xbcssen oder in Kombination mit Fr\xc3\xbcchten \xe2\x80\x93 K\xc3\xb6lln bietet vielerlei M\xc3\xb6glichkeiten f\xc3\xbcr ein \xe2\x80\x9eGute-Laune-Fr\xc3\xbchst\xc3\xbcck\xe2\x80\x9c.\r\n\r\nK\xc3\xb6lln Schoko Hafer-M\xc3\xbcsli - das Original ! - einfach schokoladig lecker!\r\nEnde der 1970er Jahre nahmen wir das beliebte Fr\xc3\xbchst\xc3\xbcck \xe2\x80\x9eK\xc3\xb6llnflocken mit Kakao und Milch\xe2\x80\x9c auf \xe2\x80\x93 und erfanden so das Schoko M\xc3\xbcsli. Eine Kombination aus Bl\xc3\xbctenzarten K\xc3\xb6llnflocken, Echten K\xc3\xb6lln Kernigen, K\xc3\xb6lln Schokofleks und Haselnusskrokant. Diese M\xc3\xbcsli-Spezialit\xc3\xa4t erh\xc3\xa4lt ihre besondere Note durch einen Anteil von 20 % Vollmilch- und Zartbitterschokolade. Bis heute hat kein anderes K\xc3\xb6lln M\xc3\xbcsli hat so viele Fans wie das Original!Zutaten & AllergeneZutaten: Vollkorn-HAFERflocken (58 %), Zucker, Kakaomasse*, Vollkorn-HAFERmehl (4 %), Karamellsirup, WEIZENmehl, VollMILCHpulver, Kakaobutter*, gehackte HASELNUSSKERNE, fettarmes Kakaopulver*, S\xc3\xbc\xc3\x9fMOLKEnpulver, Maisst\xc3\xa4rke, GERSTEnmalzextrakt, Invertzuckersirup, Speisesalz, Emulgator Lecithine. *Rainforest Alliance-zertifiziert  Hinweis f\xc3\xbcr Allergiker Kann weitere Schalenfr\xc3\xbcchte enthalten.Allergenhinweise: Enth\xc3\xa4lt: Glutenhaltiges Getreide und glutenhaltige Getreideerzeugnisse. Milch und Milcherzeugnisse (einschlie\xc3\x9flich Lactose). Haselnuss und Haselnusserzeugnisse. Hafer und Hafererzeugnisse (glutenhaltiges Getreide). Gerste und Gerstenerzeugnisse (glutenhaltiges Getreide). Weizen und Weizenerzeugnisse (glutenhaltiges Getreide). Kann enthalten: N\xc3\xbcsse und Nusserzeugnisse.N\xc3\xa4hrwerteDurchschnittliche N\xc3\xa4hrwerteUnzubereitet pro 100 gEnergie1.705 kJEnergie406 kcalFett11 gFett, davon ges\xc3\xa4ttigte Fetts\xc3\xa4uren4,7 gKohlenhydrate61 gKohlenhydrate, davon Zucker22 gBallaststoffe9,1 gEiwei\xc3\x9f11 gSalz0,25 gThiamin0,24 mgPhosphor322 mgMagnesium127 mgEisen4,6 mgZink2,3 mgHinweiseAufbewahrungs- und Verwendungshinweis: Vor W\xc3\xa4rme gesch\xc3\xbctzt und trocken lagern. Beutel nach dem \xc3\x96ffnen wieder gut verschlie\xc3\x9fen.Information: F\xc3\xbcllstand technisch bedingt.ArtikeldetailsMarke: K\xc3\xb6llnUrsprungsland: DeutschlandKontaktKontaktname: Peter K\xc3\xb6lln GmbH & Co. KGaAKontaktadresse: Westerstra\xc3\x9fe 22-24 25336 Elmshorn, DeutschlandMaximale Bestellmenge: 15 St\xc3\xbcckF\xc3\xbcr die vorstehenden Angaben wird keine Haftung \xc3\xbcbernommen. Bitte pr\xc3\xbcfen Sie im Einzelfall die Angaben auf der jeweiligen Produktverpackung, nur diese sind verbindlich.Das Produktdesign kann von der Abbildung abweichen.'",Felix-Wankel-Strasse 20,Rewe,Kochen & Backen,2023-07-09,"Gültig ab morgen bis Samstag, 15.07.2023"
Heinz Tomato Ketchup,https://img.rewe-static.de/REWE_CENTER_HZ28_2023/7817568/23317171-10_digital-image.png?impolicy=s-offers&imwidth=200&output-format=image/webp,,https://shop.rewe.de/p/schamel-bayerischer-meerrettich-scharfwuerzig-145g/5276870,,"je 500-ml-Fl , (1 l = 3.98)",Aktion,"1,99 €","b'ProduktbeschreibungArtikelnummer 7817568Tradition seit 1889: Der k\xc3\xb6stliche Tomatenketchup von Heinz \xc3\xbcberzeugt seit Generationen mit seinem einzigartigen, intensiven Geschmack und sorgt f\xc3\xbcr puren Genuss. Nach traditionellem Originalrezept: In Heinz Ketchup steckt der unverwechselbare Geschmack sonnengereifter Tomaten und feiner W\xc3\xbcrze, der sich bei jedem Essen im Mund entfaltet. Ob zu Pommes Frites, saftigen Spie\xc3\x9fen oder k\xc3\xb6stlichen Meatballs, der Klassiker von Heinz verfeinert zahlreiche Snacks und Gerichte mit einer fruchtig-w\xc3\xbcrzigen Note. Durch der praktischen Dosier\xc3\xb6ffnung ist schnelles und sauberes Dosieren ganz einfach - so wird die gro\xc3\x9fe Kopfsteher-Squeezeflasche zum Must-have auf jeder Grillparty. Ohne Konservierungsstoffe und Verdickungsmittel / Nur mit nat\xc3\xbcrlichen Aromen / Ideal f\xc3\xbcr W\xc3\xbcrstchen, Pommes, Gem\xc3\xbcse u. v. m.... mehr anzeigenDer tomatig-fruchtige Klassiker mit der feinen W\xc3\xbcrze nach traditionellem Originalrezept.Zutaten & AllergeneZutaten: Tomaten (148 g pro 100 g Tomaten Ketchup), Branntweinessig*, Zucker, Salz, Gew\xc3\xbcrz- und Kr\xc3\xa4uterextrakte (enth\xc3\xa4lt SELLERIE), Gew\xc3\xbcrz. *\xc3\x96sterreich: Weingeistessig.Allergenhinweise: Enth\xc3\xa4lt: Sellerie und Sellerieerzeugnisse.N\xc3\xa4hrwerteDurchschnittliche N\xc3\xa4hrwerteUnzubereitet pro 100 gEnergie435 kJEnergie102 kcalFett0,1 gFett, davon ges\xc3\xa4ttigte Fetts\xc3\xa4uren< 0,1 gKohlenhydrate23,2 gKohlenhydrate, davon Zucker22,2 gEiwei\xc3\x9f1,2 gSalz1,8 gHinweiseAufbewahrungs- und Verwendungshinweis: Nach dem \xc3\x96ffnen gek\xc3\xbchlt aufbewahren.ArtikeldetailsMarke: HeinzUrsprungsland: NiederlandeKontaktKontaktname: H.J. Heinz GmbHKontaktadresse: Postfach 14 05 55, 40075 D\xc3\xbcsseldorf, DeutschlandF\xc3\xbcr die vorstehenden Angaben wird keine Haftung \xc3\xbcbernommen. Bitte pr\xc3\xbcfen Sie im Einzelfall die Angaben auf der jeweiligen Produktverpackung, nur diese sind verbindlich.Das Produktdesign kann von der Abbildung abweichen.'",Felix-Wankel-Strasse 20,Rewe,Kochen & Backen,2023-07-09,"Gültig ab morgen bis Samstag, 15.07.2023"
Barilla Fusilli Rote Linsen oder Risoni aus Hülsenfrüchten,https://img.rewe-static.de/REWE_CENTER_HZ28_2023/8089491/29290677-13_digital-image.png?impolicy=s-offers&imwidth=200&output-format=image/webp,,https://shop.rewe.de/p/schamel-bayerischer-meerrettich-scharfwuerzig-145g/5276870,,"versch. Sorten , je 250-g-Pckg , (1 kg = 9.96)",Aktion,"2,49 €","b'ProduktbeschreibungArtikelnummer 8089491Die neuen Fusilli aus roten Linsen von Barilla bieten ein ganz neues Erlebnis mit dem Geschmack und allen Vorteilen von H\xc3\xbclsenfr\xc3\xbcchten!\n\nGlutenfrei, cholesterinfrei. Protein- und ballaststoffreich.\n\nLernen Sie jetzt unsere neue Fusilli aus 100% rotem Linsenmehl kennen.\n\nMachen Sie sich bereit f\xc3\xbcr ein Geschmacksabenteuer! Zutaten & AllergeneZutaten: Mehl aus roten LinsenN\xc3\xa4hrwerteDurchschnittliche N\xc3\xa4hrwerteUnzubereitet pro 100 gEnergie1.416 kJEnergie335 kcalFett2,4 gFett, davon ges\xc3\xa4ttigte Fetts\xc3\xa4uren0,5 gKohlenhydrate47,4 gKohlenhydrate, davon Zucker1,8 gBallaststoffe12 gEiwei\xc3\x9f25 gSalz0,003 gHinweiseAufbewahrungs- und Verwendungshinweis: Trocken, vor Licht und W\xc3\xa4rme gesch\xc3\xbctztlagern.ArtikeldetailsMarke: BarillaEigenschaften: GlutenfreiUrsprungsland: ItalienKontaktKontaktname: Barilla G. e R. Fratelli S.p.A.Kontaktadresse: Via Mantova 166, Parma - Italy.F\xc3\xbcr die vorstehenden Angaben wird keine Haftung \xc3\xbcbernommen. Bitte pr\xc3\xbcfen Sie im Einzelfall die Angaben auf der jeweiligen Produktverpackung, nur diese sind verbindlich.Das Produktdesign kann von der Abbildung abweichen.'",Felix-Wankel-Strasse 20,Rewe,Kochen & Backen,2023-07-09,"Gültig ab morgen bis Samstag, 15.07.2023"
REWE Beste Wahl Oregano,https://img.rewe-static.de/REWE_CENTER_HZ28_2023/8013483/31140217-20_digital-image.png?impolicy=s-offers&imwidth=200&output-format=image/webp,,https://shop.rewe.de/p/schamel-bayerischer-meerrettich-scharfwuerzig-145g/5276870,,"gerebelt , je 11-g-Glas , (1 kg = 126.36)",Aktion,"1,39 €","b""ProduktbeschreibungArtikelnummer 8013483Zutaten & AllergeneZutaten: Oregano, gerebelt   Kann Spuren von Gluten, Soja, Schalenfr\xc3\xbcchten, Erdn\xc3\xbcssen, Senf, Sellerie und Sesam enthalten.HinweiseAufbewahrungshinweise: Trocken lagern. Vor W\xc3\xa4rme sch\xc3\xbctzen.Verwendungshinweise: Trocken lagern. Vor W\xc3\xa4rme sch\xc3\xbctzen.ArtikeldetailsMarke: REWE Beste WahlKontaktKontaktname: ISFI SPICES S.A.Kontaktadresse: 20, avenue de l'industrie, 1420 Braine- l`Alleud, BelgienMaximale Bestellmenge: 15 St\xc3\xbcckF\xc3\xbcr die vorstehenden Angaben wird keine Haftung \xc3\xbcbernommen. Bitte pr\xc3\xbcfen Sie im Einzelfall die Angaben auf der jeweiligen Produktverpackung, nur diese sind verbindlich.Das Produktdesign kann von der Abbildung abweichen.""",Felix-Wankel-Strasse 20,Rewe,Kochen & Backen,2023-07-09,"Gültig ab morgen bis Samstag, 15.07.2023"
REWE Beste Wahl Thymian,https://img.rewe-static.de/REWE_CENTER_HZ28_2023/8414795/31134576-11_digital-image.png?impolicy=s-offers&imwidth=200&output-format=image/webp,,https://shop.rewe.de/p/schamel-bayerischer-meerrettich-scharfwuerzig-145g/5276870,,"gerebelt , je 16-g-Glas , (1 kg = 86.88)",Aktion,"1,39 €","b""ProduktbeschreibungArtikelnummer 8414795Zutaten & AllergeneZutaten:  Kann Spuren von Gluten, Senf und Sellerie enthalten.HinweiseAufbewahrungshinweise: Trocken und k\xc3\xbchl lagern. Vor Licht sch\xc3\xbctzen.Verwendungshinweise: Trocken lagern. Vor W\xc3\xa4rme sch\xc3\xbctzen.ArtikeldetailsMarke: REWE Beste WahlUrsprungsland: BelgienKontaktKontaktname: ISFI SPICES S.A.Kontaktadresse: 20, avenue de l'industrie, 1420 Braine- l`Alleud, BelgienMaximale Bestellmenge: 15 St\xc3\xbcckF\xc3\xbcr die vorstehenden Angaben wird keine Haftung \xc3\xbcbernommen. Bitte pr\xc3\xbcfen Sie im Einzelfall die Angaben auf der jeweiligen Produktverpackung, nur diese sind verbindlich.Das Produktdesign kann von der Abbildung abweichen.""",Felix-Wankel-Strasse 20,Rewe,Kochen & Backen,2023-07-09,"Gültig ab morgen bis Samstag, 15.07.2023"
REWE Beste Wahl Basilikum,https://img.rewe-static.de/REWE_CENTER_HZ28_2023/8414675/31140345-11_digital-image.png?impolicy=s-offers&imwidth=200&output-format=image/webp,,https://shop.rewe.de/p/rewe-beste-wahl-basilikum-gerebelt-14g/8414675,,"gerebelt , je 14-g-Glas , (1 kg = 85.00)",Aktion,"1,19 €","ProduktbeschreibungArtikelnummer 8414675Zutaten & AllergeneZutaten: Basilikum, gerebelt  Kann Spuren von Gluten, Soja, Schalenfrüchten, Erdnüssen, Senf, Sellerie und Sesam enthalten.HinweiseAufbewahrungshinweise: Trocken lagern. Vor Wärme schützen.Verwendungshinweise: Trocken lagern. Vor Wärme schützen.ArtikeldetailsMarke: REWE Beste WahlKontaktKontaktname: ISFI SPICES S.A.Kontaktadresse: 20, avenue de l'industrie, 1420 Braine- l`Alleud, BelgienFür die vorstehenden Angaben wird keine Haftung übernommen. Bitte prüfen Sie im Einzelfall die Angaben auf der jeweiligen Produktverpackung, nur diese sind verbindlich.Das Produktdesign kann von der Abbildung abweichen.",Felix-Wankel-Strasse 20,Rewe,Kochen & Backen,2023-07-09,"Gültig ab morgen bis Samstag, 15.07.2023"
REWE Beste Wahl Spaghetti oder Linguine,https://img.rewe-static.de/REWE_CENTER_HZ28_2023/2632428/24971043-33_digital-image.png?impolicy=s-offers&imwidth=200&output-format=image/webp,,https://shop.rewe.de/p/rewe-beste-wahl-basilikum-gerebelt-14g/8414675,,"je 500-g-Btl , (1 kg = 1.98)",Aktion,"0,99 €","b'ProduktbeschreibungArtikelnummer 2632428Zutaten & AllergeneZutaten: HARTWEIZENGRIESS  Kann Spuren von Soja enthalten.Allergenhinweise: Glutenhaltiges Getreide (Weizen, Gerste, Roggen, Hafer, Dinkel, Kamut oder Hybridst\xc3\xa4mme)N\xc3\xa4hrwerteDurchschnittliche N\xc3\xa4hrwertepro 100 gEnergie1.550 kJEnergie366 kcalFett1,3 gFett, davon ges\xc3\xa4ttigte Fetts\xc3\xa4uren0,2 gKohlenhydrate73 gKohlenhydrate, davon Zucker3 gEiwei\xc3\x9f14 gSalz< 0,01 gHinweiseVerwendungshinweise: Trocken lagern. Vor W\xc3\xa4rme sch\xc3\xbctzen.ArtikeldetailsMarke: REWE Beste WahlUrsprungsland: ItalienKontaktKontaktname: Pastificio Antonio Pallante S. R. LKontaktadresse: Stabilimento e direzione SS 87 km22, Capodrise (Ce), 81020, ItalienMaximale Bestellmenge: 15 St\xc3\xbcckF\xc3\xbcr die vorstehenden Angaben wird keine Haftung \xc3\xbcbernommen. Bitte pr\xc3\xbcfen Sie im Einzelfall die Angaben auf der jeweiligen Produktverpackung, nur diese sind verbindlich.Das Produktdesign kann von der Abbildung abweichen.'",Felix-Wankel-Strasse 20,Rewe,Kochen & Backen,2023-07-09,"Gültig ab morgen bis Samstag, 15.07.2023"
REWE Beste Wahl Italienisches Natives Olivenöl Extra,https://img.rewe-static.de/REWE_CENTER_HZ28_2023/8425181/31525366-13_digital-image.png?impolicy=s-offers&imwidth=200&output-format=image/webp,,https://shop.rewe.de/p/rewe-beste-wahl-basilikum-gerebelt-14g/8414675,,"je 500-ml-Fl , (1 l = 9.98)",Aktion,"4,99 €","b'ProduktbeschreibungArtikelnummer 8425181Zutaten & AllergeneZutaten: keineN\xc3\xa4hrwerteDurchschnittliche N\xc3\xa4hrwertepro 100 mlEnergie3.378 kJEnergie822 kcalFett91,3 gFett, davon ges\xc3\xa4ttigte Fetts\xc3\xa4uren12 gKohlenhydrate0 gKohlenhydrate, davon Zucker0 gEiwei\xc3\x9f0 gSalz0 gHinweiseAufbewahrungshinweise: Bei Lagerung unter 6 \xc2\xb0C kann sich eine Eintr\xc3\xbcbung bzw. Flockenbildung ergeben. Das ist ein normaler Vorgang und das \xc3\x96l wird bei Raumtemperatur und durch Sch\xc3\xbctteln wieder klar. K\xc3\xbchl und lichtgesch\xc3\xbctzt aufbewahren.ArtikeldetailsMarke: REWE Beste WahlUrsprungsland: ItalienKontaktKontaktname: BLM Prod.- und Vertriebsges. mbH & Co. KKontaktadresse: G; Neue Str. 21, 21244 Buchholz, DeutschlandMaximale Bestellmenge: 15 St\xc3\xbcckF\xc3\xbcr die vorstehenden Angaben wird keine Haftung \xc3\xbcbernommen. Bitte pr\xc3\xbcfen Sie im Einzelfall die Angaben auf der jeweiligen Produktverpackung, nur diese sind verbindlich.Das Produktdesign kann von der Abbildung abweichen.'",Felix-Wankel-Strasse 20,Rewe,Kochen & Backen,2023-07-09,"Gültig ab morgen bis Samstag, 15.07.2023"
Develey Feinkost Sauce,https://img.rewe-static.de/REWE_CENTER_HZ28_2023/2103004/21963541-38_digital-image.png?impolicy=s-offers&imwidth=200&output-format=image/webp,,https://shop.rewe.de/p/rewe-beste-wahl-basilikum-gerebelt-14g/8414675,,"versch. Sorten , je 250-ml-Fl , (1 l = 5.16)",Aktion,"1,29 €","b'ProduktbeschreibungArtikelnummer 2103004Zutaten & AllergeneZutaten: Glucose-Fructose-Sirup, Fruchtmark (Aprikose, Pfirsich), Trinkwasser, Zucker, Branntweinessig, modifizierte Maisst\xc3\xa4rke, SOJASAUCE (Wasser, SOJABOHNEN, WEIZEN, Salz), Salz, Raps\xc3\xb6l, Ananassaftkonzentrat, Verdickungsmittel (Xanthan), Gew\xc3\xbcrze (mit SELLERIE), nat\xc3\xbcrliches Aroma.Allergenhinweise: Enth\xc3\xa4lt: Weizen und Weizenerzeugnisse (glutenhaltiges Getreide). Glutenhaltiges Getreide und glutenhaltige Getreideerzeugnisse. Soja und Sojaerzeugnisse. Sellerie und Sellerieerzeugnisse.N\xc3\xa4hrwerteDurchschnittliche N\xc3\xa4hrwerteUnzubereitet pro 100 mlEnergie864 kJEnergie204 kcalFett1,3 gFett, davon ges\xc3\xa4ttigte Fetts\xc3\xa4uren0,1 gKohlenhydrate45,9 gKohlenhydrate, davon Zucker40,5 gBallaststoffe0,8 gEiwei\xc3\x9f0,6 gSalz1,7 gArtikeldetailsMarke: DeveleyUrsprungsland: DeutschlandKontaktKontaktname: Develey Senf & Feinkost GmbHKontaktadresse: D-82001 Unterhaching/M\xc3\xbcnchenF\xc3\xbcr die vorstehenden Angaben wird keine Haftung \xc3\xbcbernommen. Bitte pr\xc3\xbcfen Sie im Einzelfall die Angaben auf der jeweiligen Produktverpackung, nur diese sind verbindlich.Das Produktdesign kann von der Abbildung abweichen.'",Felix-Wankel-Strasse 20,Rewe,Kochen & Backen,2023-07-09,"Gültig ab morgen bis Samstag, 15.07.2023"
REWE Beste Wahl Risottoreis,https://img.rewe-static.de/REWE_CENTER_HZ28_2023/1421084/24233250-25_digital-image.png?impolicy=s-offers&imwidth=200&output-format=image/webp,,https://shop.rewe.de/p/rewe-beste-wahl-basilikum-gerebelt-14g/8414675,,"je 500-g-Btl , (1 kg = 2.98)",Aktion,"1,49 €","b'ProduktbeschreibungArtikelnummer 1421084REWE Beste Wahl Risotto Reis ist ein ausgesuchter Langkornreis, der sich besonders gut f\xc3\xbcr Risottogerichte, Paellas und andere mediterrane Gerichte eignet.\n\nHergestellt f\xc3\xbcr: REWE Markt GmbH, D-50603 K\xc3\xb6ln. N\xc3\xa4hrwerteDurchschnittliche N\xc3\xa4hrwertepro 100 gEnergie1.405 kJEnergie331 kcalFett1,3 gFett, davon ges\xc3\xa4ttigte Fetts\xc3\xa4uren0,4 gKohlenhydrate72 gKohlenhydrate, davon Zucker0,3 gEiwei\xc3\x9f6,9 gSalz< 0 gHinweiseVerwendungshinweise: Trocken und k\xc3\xbchl lagern. Vor Licht sch\xc3\xbctzen.ArtikeldetailsMarke: REWE Beste WahlNettof\xc3\xbcllmenge: 0 GRKontaktKontaktname: Riso Scotti S.P.A.Kontaktadresse: via Angelo Scotti n. 2, 27100 PaviaMaximale Bestellmenge: 15 St\xc3\xbcckF\xc3\xbcr die vorstehenden Angaben wird keine Haftung \xc3\xbcbernommen. Bitte pr\xc3\xbcfen Sie im Einzelfall die Angaben auf der jeweiligen Produktverpackung, nur diese sind verbindlich.Das Produktdesign kann von der Abbildung abweichen.'",Felix-Wankel-Strasse 20,Rewe,Kochen & Backen,2023-07-09,"Gültig ab morgen bis Samstag, 15.07.2023"
Leimer Paniermehl,https://img.rewe-static.de/REWE_CENTER_HZ28_2023/2227782/26478462-15_digital-image.png?impolicy=s-offers&imwidth=200&output-format=image/webp,,https://shop.rewe.de/p/leimer-paniermehl-glutenfrei-200g/2227782,,"glutenfrei , je 200-g-Pckg , (1 kg = 9.95)",Aktion,"1,99 €","ProduktbeschreibungArtikelnummer 2227782Zutaten & AllergeneZutaten: GLUTENFREIE WEIZENSTÄRKE, MAGERMILCHPULVER, Rapsöl, Salz, Hefe, Flohsamenschalen, Süßungsmittel: Oligofruktose, Verdickungsmittel: Guarkernmehl.Allergenhinweise: Enthält: Keine deklarationspflichtigen Allergene enthalten.NährwerteDurchschnittliche NährwerteUnzubereitet pro 100 gEnergie1.504 kJEnergie355 kcalFett2,6 gFett, davon gesättigte Fettsäuren0,3 gKohlenhydrate78,8 gKohlenhydrate, davon Zucker1,2 gBallaststoffe4,9 gEiweiß1,7 gSalz2,5 gHinweiseAufbewahrungs- und Verwendungshinweis: Trocken lagern. Vor Licht schützen.ArtikeldetailsMarke: LeimerEigenschaften: Glutenfrei, VegetarischUrsprungsland: DeutschlandKontaktKontaktname: LEIMER KGKontaktadresse: Kotzinger Strasse 1 D-83278 TraunsteinFür die vorstehenden Angaben wird keine Haftung übernommen. Bitte prüfen Sie im Einzelfall die Angaben auf der jeweiligen Produktverpackung, nur diese sind verbindlich.Das Produktdesign kann von der Abbildung abweichen.",Felix-Wankel-Strasse 20,Rewe,Kochen & Backen,2023-07-09,"Gültig ab morgen bis Samstag, 15.07.2023"
REWE Beste Wahl Geschälte Tomaten,https://img.rewe-static.de/REWE_CENTER_HZ28_2023/1044599/22190183-28_digital-image.png?impolicy=s-offers&imwidth=200&output-format=image/webp,,https://shop.rewe.de/p/leimer-paniermehl-glutenfrei-200g/2227782,,"in Tomatensaft , je 400-g-Dose , (1 kg = 3.29) , 240-g-Abtropfgew.",Aktion,"0,79 €","b'ProduktbeschreibungArtikelnummer 1044599Hergestellt f\xc3\xbcr: REWE Markt GmbH, D-50603 K\xc3\xb6ln. Zutaten & AllergeneZutaten: Tomaten, Tomatensaft.  N\xc3\xa4hrwerteDurchschnittliche N\xc3\xa4hrwertepro 100 gEnergie95 kJEnergie22 kcalFett0,1 gFett, davon ges\xc3\xa4ttigte Fetts\xc3\xa4uren< 0,1 gKohlenhydrate3,4 gKohlenhydrate, davon Zucker3,4 gEiwei\xc3\x9f1,2 gSalz0,1 gHinweiseAufbewahrungshinweise: Nach dem \xc3\x96ffnen in einen nicht-metallischen Beh\xc3\xa4lter umf\xc3\xbcllen, gek\xc3\xbchlt lagern und innerhalb weniger Tage verzehren.Verwendungshinweise: Trocken lagern, bei RaumtemperaturArtikeldetailsMarke: REWE Beste WahlNettof\xc3\xbcllmenge: 400 GUrsprungsland: ItalienAbtropfgewicht: 240 gKontaktKontaktname: LA FORMICA s.r.l.Kontaktadresse: Via Orta Longa trav. sa R. Lancia55, Scafati, 84018, ItalienMaximale Bestellmenge: 15 St\xc3\xbcckF\xc3\xbcr die vorstehenden Angaben wird keine Haftung \xc3\xbcbernommen. Bitte pr\xc3\xbcfen Sie im Einzelfall die Angaben auf der jeweiligen Produktverpackung, nur diese sind verbindlich.Das Produktdesign kann von der Abbildung abweichen.'",Felix-Wankel-Strasse 20,Rewe,Kochen & Backen,2023-07-09,"Gültig ab morgen bis Samstag, 15.07.2023"
REWE Beste Wahl Passierte Tomaten,https://img.rewe-static.de/REWE_CENTER_HZ28_2023/1060727/22905868-39_digital-image.png?impolicy=s-offers&imwidth=200&output-format=image/webp,,https://shop.rewe.de/p/rewe-beste-wahl-passierte-tomaten-500g/1060727,,"je 500-g-Pckg , (1 kg = 1.58)",Aktion,"0,79 €","ProduktbeschreibungArtikelnummer 1060727Zutaten & AllergeneZutaten: Tomaten, Speisesalz.NährwerteDurchschnittliche Nährwertepro 100 gEnergie116 kJEnergie28 kcalFett0,2 gFett, davon gesättigte Fettsäuren0,1 gKohlenhydrate4 gKohlenhydrate, davon Zucker4 gEiweiß1,3 gSalz0,5 gHinweiseAufbewahrungshinweise: Nach dem Öffnen im Kühlschrank lagern und innerhalb weniger Tage verzehren.ArtikeldetailsMarke: REWE Beste WahlNettofüllmenge: 500 GUrsprungsland: ItalienKontaktKontaktname: Antonio Petti fu Pasquale S.p.A.Kontaktadresse: Via S. Clemente 16, Nocera Superiore, 84015, ItalienFür die vorstehenden Angaben wird keine Haftung übernommen. Bitte prüfen Sie im Einzelfall die Angaben auf der jeweiligen Produktverpackung, nur diese sind verbindlich.Das Produktdesign kann von der Abbildung abweichen.",Felix-Wankel-Strasse 20,Rewe,Kochen & Backen,2023-07-09,"Gültig ab morgen bis Samstag, 15.07.2023"
REWE Beste Wahl Snack Tomaten,https://img.rewe-static.de/REWE_CENTER_HZ28_2023/8353795/30453551-16_digital-image.png?impolicy=s-offers&imwidth=200&output-format=image/webp,,https://shop.rewe.de/p/rewe-beste-wahl-passierte-tomaten-500g/1060727,,"je 150-g-Pckg , (1 kg = 10.60)",Aktion,"1,59 €","b'ProduktbeschreibungArtikelnummer 8353795Zutaten & AllergeneZutaten: Halbgetrocknete Tomaten 96%, Meersalz 3%, S\xc3\xa4uerungsmittel (Citronens\xc3\xa4ure, Essigs\xc3\xa4ure). Zusatzstoffe: E 260, E 330N\xc3\xa4hrwerteDurchschnittliche N\xc3\xa4hrwertepro 100 gEnergie423 kJEnergie100 kcalFett0,8 gFett, davon ges\xc3\xa4ttigte Fetts\xc3\xa4uren0,3 gKohlenhydrate14,2 gKohlenhydrate, davon Zucker12,1 gEiwei\xc3\x9f6,2 gSalz3 gHinweiseAufbewahrungshinweise: Nach dem \xc3\x96ffnen k\xc3\xbchl und trocken lagern und innerhalb von 2 Wochen verzehren.Verwendungshinweise: Trocken lagern. Vor W\xc3\xa4rme sch\xc3\xbctzen.ArtikeldetailsMarke: REWE Beste WahlNettof\xc3\xbcllmenge: 150 GUrsprungsland: GriechenlandKontaktKontaktname: K. Iraklidis & S\xc3\xb6hne A.G.Kontaktadresse: Industriestr. 1, Korinos Pierias, 60062, GriechenlandMaximale Bestellmenge: 15 St\xc3\xbcckF\xc3\xbcr die vorstehenden Angaben wird keine Haftung \xc3\xbcbernommen. Bitte pr\xc3\xbcfen Sie im Einzelfall die Angaben auf der jeweiligen Produktverpackung, nur diese sind verbindlich.Das Produktdesign kann von der Abbildung abweichen.'",Felix-Wankel-Strasse 20,Rewe,Kochen & Backen,2023-07-09,"Gültig ab morgen bis Samstag, 15.07.2023"
Butcher’s Burger Saucen,https://img.rewe-static.de/REWE_CENTER_HZ28_2023/8536574/32850542-8_digital-image.png?impolicy=s-offers&imwidth=200&output-format=image/webp,,https://shop.rewe.de/productList?search=8536574,,"versch. Sorten , je 45-ml-Pckg , (1 l = 9.78)",Aktion,"0,44 €",,Felix-Wankel-Strasse 20,Rewe,Kochen & Backen,2023-07-09,"Gültig ab morgen bis Samstag, 15.07.2023"
Hammermühle Madeleines,https://img.rewe-static.de/REWE_CENTER_HZ28_2023/8332205/30283245-9_digital-image.png?impolicy=s-offers&imwidth=200&output-format=image/webp,,https://shop.rewe.de/p/hammer-muehle-madeleines-glutenfrei-6x30g/8332205,,"glutenfrei, versch. Sorten , je 180-g-Pckg , (1 kg = 16.61)",Aktion,"2,99 €","ProduktbeschreibungArtikelnummer 8332205Zutaten & AllergeneZutaten: EIER, Sonnenblumenöl, Zucker, Reismehl, Kartoffelstärke, Glukosesirup, Feuchthaltemittel: Glycerin, Maismehl, Verdickungsmittel: Guakernmehl und Xanthan, Reisstärke, Emulgator: Rapslecithin, Salz, Backtriebmittel: Diphosphate, Natriumcarbonate und Kalziumphosphate, Aroma, Antioxidans: tocopherolreicher Extrakt.  Kann Spuren von SCHALENFRÜCHTEN enthalten.Allergenhinweise: Enthält: Eier und Eierzeugnisse. Kann enthalten: Nüsse und Nusserzeugnisse.NährwerteDurchschnittliche NährwerteUnzubereitet pro 100 gEnergie1.743 kJEnergie418 kcalFett24 gFett, davon gesättigte Fettsäuren2,9 gKohlenhydrate48 gKohlenhydrate, davon Zucker18 gBallaststoffe0 gEiweiß4,1 gSalz0,9 gHinweiseAufbewahrungs- und Verwendungshinweis: Trocken und vor Wärme geschützt lagernArtikeldetailsEigenschaften: GlutenfreiUrsprungsland: FrankreichKontaktKontaktname: Hammermühle GmbHKontaktadresse: Hauptstr. 181, D-67489 KirrweilerFür die vorstehenden Angaben wird keine Haftung übernommen. Bitte prüfen Sie im Einzelfall die Angaben auf der jeweiligen Produktverpackung, nur diese sind verbindlich.Das Produktdesign kann von der Abbildung abweichen.",Felix-Wankel-Strasse 20,Rewe,Kochen & Backen,2023-07-09,"Gültig ab morgen bis Samstag, 15.07.2023"
Hippis Fruchtquetschen,https://img.rewe-static.de/REWE_CENTER_HZ28_2023/3246427/26439969-8_digital-image.png?impolicy=s-offers&imwidth=200&output-format=image/webp,,https://shop.rewe.de/p/hipp-hippis-anton-affe-bio-apfel-birne-banane-100g/3246427,,"versch. Sorten , je 100-g-Btl , (1 kg = 9.90)",Aktion,"0,99 €","ProduktbeschreibungArtikelnummer 3246427- Ideal für zwischendurch und unterwegs gibt es die HiPP HiPPiS im praktischen 100g Beutel. 
- Die HiPPiS schmeckt Babys nach dem 1.Jahr genauso wie Kindern, Jugendlichen und auch Erwachsenen. 

- Die HiPP HiPPiS sind ideal als Nachspeise oder Zutat zum Brei und schmecken dabei besonders gut. 
- Verwendet werden spezielle Obstsorten, die genügend Zeit zum Reifen hatten und so ganz natürlich ihren vollen Fruchtgeschmack entwickeln konnten – ohne Zusatz von Aromen und Zucker (Zutaten enthalten von Natur aus Zucker) .
- Ohne Zusatz von Milchprodukten.

Ideal für zwischendurch und unterwegs gibt es die HiPP HiPPiS im praktischen 100g Beutel. Die Früchte schmeckt Babys nach dem 1.Jahr genau so wie Kindern, Jugendlichen und auch Erwachsenen.

Zutaten: Früchte* 100% (Äpfel* 40%, Birnen* 40%, Bananen* 20%). Hinweis: Von Natur aus glutenfrei *Aus biologischer Erzeugung

Nährwerte pro 100g:
Energie: 253kJ / 60kcal
Fett: 0,2g
Fett, davon gesättigte Fettsäuren: 0g
Kohlenhydrate: 12,9g
Kohlenhydrate, davon Zucker: 11,3g
Eiweiß: 0,5g
Salz: <0,05g... mehr anzeigenIdeal für zwischendurch und unterwegs gibt es die HiPP HiPPiS im praktischen 100g  Beutel. Die Früchte schmecken Babys nach dem 1.Jahr genau so wie Kindern, Jugendlichen und auch Erwachsenen.Zutaten & AllergeneZutaten: Früchte* 100% (Äpfel* 40%, Birnen* 40%, Bananen* 20%). *Aus biologischer ErzeugungNährwerteDurchschnittliche NährwerteUnzubereitet pro 100 gEnergie253 kJEnergie60 kcalFett0,2 gFett, davon gesättigte Fettsäuren0 gKohlenhydrate12,9 gKohlenhydrate, davon Zucker11,3 gEiweiß0,5 gSalz< 0,05 gNatrium< 0,02 gHinweiseAufbewahrungs- und Verwendungshinweis: Nach dem Öffnen im Kühlschrank einen Tag haltbar.  Deckel von Beutel abschrauben und getrennt im gelben Sack entsorgen.Information: Wichtig: Häufiges und dauerndes Umspülen der Zähnchen mit Fruchtpüree aus dem Beutel kann schwere Zahnschäden (Karies) verursachen. Deshalb: Fruchtpüree unter Aufsicht geben und vom Löffel verzehren lassen. Beutel dem Kind nicht zum dauernden und häufigen Nuckeln überlassen. Kind nicht mit Beutel und Deckel spielen lassen. Für regelmäßige Zahnpflege sorgen.  von Natur aus glutenfrei  ab 1+ArtikeldetailsMarke: HippEigenschaften: BioUrsprungsland: ÖsterreichÖko Kontrollstelle: AT-BIO-301KontaktKontaktname: HiPP GmbH & Co. Vertrieb KGKontaktadresse: D-85273 PFAFFENHOFENFür die vorstehenden Angaben wird keine Haftung übernommen. Bitte prüfen Sie im Einzelfall die Angaben auf der jeweiligen Produktverpackung, nur diese sind verbindlich.Das Produktdesign kann von der Abbildung abweichen.",Felix-Wankel-Strasse 20,Rewe,Kochen & Backen,2023-07-09,"Gültig ab morgen bis Samstag, 15.07.2023"
Ben’s Original Express Reis,https://img.rewe-static.de/REWE_CENTER_HZ28_2023/8922362/38852794-8_digital-image.png?impolicy=s-offers&imwidth=200&output-format=image/webp,,https://shop.rewe.de/p/hipp-hippis-anton-affe-bio-apfel-birne-banane-100g/3246427,,"versch. Sorten , je 220-g-Pckg , (1 kg = 5.41)",Knaller,"1,19 €","b""ProduktbeschreibungArtikelnummer 8922362Schonend dampfgegarter Spitzen-Langkornreis mit Tomaten und Kr\xc3\xa4utern im 220g Beutel f\xc3\xbcr 1 bis 2 Personen. BEN'S ORIGINAL\xe2\x84\xa2 Reis kann im Frischebeutel, ohne weiteres Gef\xc3\xa4\xc3\x9f, einfach und bequem in 2 Minuten in der Mikrowelle erhitzt werden.Zutaten & AllergeneZutaten: dampfgegarter, parboiled Langkornreis (86%), doppelt konzentriertes Tomatenmark (5.9%), Sonnenblumen\xc3\xb6l, Tomatenpulver (2.5%), Basilikum, nat\xc3\xbcrliches Aroma, Salz, Zucker, Hefeextrakt, Zwiebelpulver, Kr\xc3\xa4uter, S\xc3\xa4uerungsmittel (Citronens\xc3\xa4ure), Knoblauchpulver, Gew\xc3\xbcrze.Allergenhinweise: Enth\xc3\xa4lt: Keine deklarationspflichtigen Allergene enthalten.N\xc3\xa4hrwerteDurchschnittliche N\xc3\xa4hrwerteUnzubereitet pro 100 gEnergie713 kJEnergie169 kcalFett3,3 gFett, davon ges\xc3\xa4ttigte Fetts\xc3\xa4uren0,2 gKohlenhydrate30 gKohlenhydrate, davon Zucker2,5 gBallaststoffe1,4 gEiwei\xc3\x9f3,8 gSalz0,55 gHinweiseAufbewahrungs- und Verwendungshinweis: Trocken und bei Zimmertemperatur lagern. Ge\xc3\xb6ffnet 3 Tage im K\xc3\xbchlschrank haltbar.Information: Unter Schutzatmosph\xc3\xa4re verpackt.ArtikeldetailsMarke: Ben's OriginalUrsprungsland: GrossbritannienKontaktKontaktname: Mars GmbHKontaktadresse: Postfach 1280, 27281 Verden (Aller)Maximale Bestellmenge: 15 St\xc3\xbcckF\xc3\xbcr die vorstehenden Angaben wird keine Haftung \xc3\xbcbernommen. Bitte pr\xc3\xbcfen Sie im Einzelfall die Angaben auf der jeweiligen Produktverpackung, nur diese sind verbindlich.Das Produktdesign kann von der Abbildung abweichen.""",Felix-Wankel-Strasse 20,Rewe,Kochen & Backen,2023-07-09,"Gültig ab morgen bis Samstag, 15.07.2023"
Barilla Collezione Farfalle,https://img.rewe-static.de/REWE_CENTER_HZ28_2023/7905005/32879874-15_digital-image.png?impolicy=s-offers&imwidth=200&output-format=image/webp,,https://shop.rewe.de/p/hipp-hippis-anton-affe-bio-apfel-birne-banane-100g/3246427,,"je 500-g-Pckg , (1 kg = 3.58)",Knaller,"1,79 €","b'ProduktbeschreibungArtikelnummer 7905005Zutaten & AllergeneZutaten: HARTWEIZENGRIESS, Wasser. Kann Spuren von Sojabohnen enthalten.Allergenhinweise: Enth\xc3\xa4lt: Weizen und Weizenerzeugnisse (glutenhaltiges Getreide). Glutenhaltiges Getreide und glutenhaltige Getreideerzeugnisse. Kann enthalten: Soja und Sojaerzeugnisse.N\xc3\xa4hrwerteDurchschnittliche N\xc3\xa4hrwerteUnzubereitet pro 100 gEnergie1.521 kJEnergie359 kcalFett2 gFett, davon ges\xc3\xa4ttigte Fetts\xc3\xa4uren0,5 gKohlenhydrate71,2 gKohlenhydrate, davon Zucker3,5 gBallaststoffe3 gEiwei\xc3\x9f12,5 gSalz0,013 gHinweiseAufbewahrungs- und Verwendungshinweis: Trocken, vor Licht und W\xc3\xa4rme gesch\xc3\xbctzt lagern.ArtikeldetailsMarke: BarillaUrsprungsland: ItalienKontaktKontaktname: Barilla G. e R. Fratelli S.p.A.Kontaktadresse: Via Mantova 166, Parma - ItalyMaximale Bestellmenge: 15 St\xc3\xbcckF\xc3\xbcr die vorstehenden Angaben wird keine Haftung \xc3\xbcbernommen. Bitte pr\xc3\xbcfen Sie im Einzelfall die Angaben auf der jeweiligen Produktverpackung, nur diese sind verbindlich.Das Produktdesign kann von der Abbildung abweichen.'",Felix-Wankel-Strasse 20,Rewe,Kochen & Backen,2023-07-09,"Gültig ab morgen bis Samstag, 15.07.2023"
Hela Gewürzketchup Curry,https://img.rewe-static.de/REWE_CENTER_HZ28_2023/4908848/630290-90_digital-image.png?impolicy=s-offers&imwidth=200&output-format=image/webp,,https://shop.rewe.de/p/hipp-hippis-anton-affe-bio-apfel-birne-banane-100g/3246427,,"versch. Sorten , je 800-ml-Fl , (1 l = 2.86)",Knaller,"2,29 €","b'ProduktbeschreibungArtikelnummer 4908848Mit der originalen Hela W\xc3\xbcrzung\r\nUnser scharf-s\xc3\xbc\xc3\x9flicher Gew\xc3\xbcrz Ketchup Curry scharf ist die ideale Erg\xc3\xa4nzung f\xc3\xbcr all unsere Fans, die es gern etwas pikanter m\xc3\xb6gen.Zutaten & AllergeneZutaten: Tomatensaft, Zucker, Dextrose, Kochsalz, Curry (SENFMEHL, Pfeffer, Paprika, Chili, Nelken, Gew\xc3\xbcrze), Branntweinessig, modifizierte Maisst\xc3\xa4rke, S\xc3\xa4uerungsmittel: Citronens\xc3\xa4ure, Verdickungsmittel: (Guarkernmehl, Johannisbrotkernmehl), Kr\xc3\xa4uter (enth\xc3\xa4lt SELLERIE), S\xc3\xa4ureregulator: Natriumlactat, Geschmacksverst\xc3\xa4rker: Mononatriumglutamat.Allergenhinweise: Enth\xc3\xa4lt: Senf- und Senferzeugnisse. Sellerie und Sellerieerzeugnisse.N\xc3\xa4hrwerteDurchschnittliche N\xc3\xa4hrwerteUnzubereitet pro 100 gEnergie573 kJEnergie137 kcalFett0,3 gFett, davon ges\xc3\xa4ttigte Fetts\xc3\xa4uren0,1 gKohlenhydrate30,8 gKohlenhydrate, davon Zucker29,4 gEiwei\xc3\x9f0,8 gSalz2,2 gHinweiseAufbewahrungs- und Verwendungshinweis: Nach erster \xc3\x96ffnung bitte im K\xc3\xbchlschrank lagern und kurzfristig verzehren!ArtikeldetailsMarke: HelaUrsprungsland: DeutschlandPackungsgr\xc3\xb6\xc3\x9fe: 800mlKontaktKontaktname: Hela Gew\xc3\xbcrzwerk Hermann Laue GmbHKontaktadresse: D-22923 AhrensburgMaximale Bestellmenge: 15 St\xc3\xbcckF\xc3\xbcr die vorstehenden Angaben wird keine Haftung \xc3\xbcbernommen. Bitte pr\xc3\xbcfen Sie im Einzelfall die Angaben auf der jeweiligen Produktverpackung, nur diese sind verbindlich.Das Produktdesign kann von der Abbildung abweichen.'",Felix-Wankel-Strasse 20,Rewe,Kochen & Backen,2023-07-09,"Gültig ab morgen bis Samstag, 15.07.2023"
Barilla Spaghetti Al Bronzo,https://img.rewe-static.de/REWE_CENTER_HZ28_2023/8745035/37803714-8_digital-image.png?impolicy=s-offers&imwidth=200&output-format=image/webp,,https://shop.rewe.de/p/hipp-hippis-anton-affe-bio-apfel-birne-banane-100g/3246427,,"je 400-g-Pckg , (1 kg = 4.48)",Knaller,"1,79 €","b'ProduktbeschreibungArtikelnummer 8745035Zutaten & AllergeneZutaten: HARTWEIZENGRIESS, Wasser. Kann Spuren von Sojabohnen und Senf enthalten.Allergenhinweise: Enth\xc3\xa4lt: Weizen und Weizenerzeugnisse (glutenhaltiges Getreide). Glutenhaltiges Getreide und glutenhaltige Getreideerzeugnisse. Kann enthalten: Soja und Sojaerzeugnisse. Senf- und Senferzeugnisse.N\xc3\xa4hrwerteDurchschnittliche N\xc3\xa4hrwerteUnzubereitet pro 100 gEnergie1.521 kJEnergie359 kcalFett2 gFett, davon ges\xc3\xa4ttigte Fetts\xc3\xa4uren0,4 gKohlenhydrate69,7 gKohlenhydrate, davon Zucker3,5 gBallaststoffe3 gEiwei\xc3\x9f14 gSalz0,013 gHinweiseAufbewahrungs- und Verwendungshinweis: Trocken, vor Licht und W\xc3\xa4rme gesch\xc3\xbctzt lagern.ArtikeldetailsMarke: BarillaUrsprungsland: ItalienKontaktKontaktname: Barilla G. e R. Fratelli S.p.A.Kontaktadresse: Via Mantova 166, Parma - ItalyMaximale Bestellmenge: 15 St\xc3\xbcckF\xc3\xbcr die vorstehenden Angaben wird keine Haftung \xc3\xbcbernommen. Bitte pr\xc3\xbcfen Sie im Einzelfall die Angaben auf der jeweiligen Produktverpackung, nur diese sind verbindlich.Das Produktdesign kann von der Abbildung abweichen.'",Felix-Wankel-Strasse 20,Rewe,Kochen & Backen,2023-07-09,"Gültig ab morgen bis Samstag, 15.07.2023"
Barilla Pasta,https://img.rewe-static.de/REWE_CENTER_HZ28_2023/6653839/20768970-25_digital-image.png?impolicy=s-offers&imwidth=200&output-format=image/webp,,https://shop.rewe.de/p/hipp-hippis-anton-affe-bio-apfel-birne-banane-100g/3246427,,"versch. Ausformungen , je 500-g-Pckg , (1 kg = 1.90)",Knaller,"0,95 €","b'ProduktbeschreibungArtikelnummer 6653839Fusilli erschienen in ihrer heutigen Form zuerst in S\xc3\xbcditalien und sind urspr\xc3\xbcnglich der Idee entsprungen, Spaghetti auf einer Stricknadel aufzuwickeln. Erst sp\xc3\xa4ter, bedingt durch die unterschiedlichen geschmacklichen Gewohnheiten in den verschiedenen italienischen Regionen, entstanden Fusilli als eigenst\xc3\xa4ndige Sorte. Im Rahmen des Sortiments von Barilla - Italiens beliebtester Pasta - wurde die Pastasorte Fusilli neu interpretiert und erhielt ihre charakteristische Spiralform, die f\xc3\xbcr die Tradition von Mittel- und Norditalien typisch ist.... mehr anzeigenZutaten & AllergeneZutaten: HARTWEIZENGRIESS, Wasser. Kann Spuren von Sojabohnen enthalten.Allergenhinweise: Enth\xc3\xa4lt: Weizen und Weizenerzeugnisse (glutenhaltiges Getreide). Glutenhaltiges Getreide und glutenhaltige Getreideerzeugnisse. Kann enthalten: Soja und Sojaerzeugnisse.N\xc3\xa4hrwerteDurchschnittliche N\xc3\xa4hrwerteUnzubereitet pro 100 gEnergie1.521 kJEnergie359 kcalFett2 gFett, davon ges\xc3\xa4ttigte Fetts\xc3\xa4uren0,5 gKohlenhydrate71,2 gKohlenhydrate, davon Zucker3,5 gBallaststoffe3 gEiwei\xc3\x9f12,5 gSalz0,013 gHinweiseAufbewahrungs- und Verwendungshinweis: Trocken und vor W\xc3\xa4rme gesch\xc3\xbctzt lagern.ArtikeldetailsMarke: BarillaUrsprungsland: ItalienKontaktKontaktname: Barilla G. e R. Fratelli - Societ\xc3\xa0 per AzioniKontaktadresse: Via Mantova 166, Parma - ItalyF\xc3\xbcr die vorstehenden Angaben wird keine Haftung \xc3\xbcbernommen. Bitte pr\xc3\xbcfen Sie im Einzelfall die Angaben auf der jeweiligen Produktverpackung, nur diese sind verbindlich.Das Produktdesign kann von der Abbildung abweichen.'",Felix-Wankel-Strasse 20,Rewe,Kochen & Backen,2023-07-09,"Gültig ab morgen bis Samstag, 15.07.2023"
Knorr Salat Krönung,https://img.rewe-static.de/REWE_CENTER_HZ28_2023/7177137/27325102-22_digital-image.png?impolicy=s-offers&imwidth=200&output-format=image/webp,,https://shop.rewe.de/p/hipp-hippis-anton-affe-bio-apfel-birne-banane-100g/3246427,,"versch. Sorten , je je 5er-Pckg.",Aktion,"0,69 €","b""ProduktbeschreibungArtikelnummer 7177137- Mit Knorr Salatkr\xc3\xb6nung Vinaigrette Dill-Kr\xc3\xa4uter einfach und schnell ein leckeres Salatdressing zaubern \n - Mit Kr\xc3\xa4utern aus nachhaltigem Anbau \n - Raffinierter und fein abgestimmmter Dill-Geschmack \n - Ohne Farbstoffe und geschmacksverst\xc3\xa4rkende Zusatzstoffe \n - Einfache Zubereitung: Etwas Wasser und \xc3\x96l mit Knorr Salatkr\xc3\xb6nung verr\xc3\xbchren, fertig! \n - Gelingt im Handumdrehen Knorr Salatkr\xc3\xb6nung Dill-Kr\xc3\xa4uter ist f\xc3\xbcr alle Fans des w\xc3\xbcrzigen Dill-Geschmacks die richtige Wahl. Die Mischung aus Dill und aromatischen Gew\xc3\xbcrzen eignet sich besonders gut f\xc3\xbcr jede Art von Gurkensalat. \n\nZubereitung \xe2\x80\x93 so einfach geht's: 3 EL Wasser und 3 EL Oliven\xc3\xb6l mit Knorr Salatkr\xc3\xb6nung verr\xc3\xbchren. Das Salatdressing zum Lieblingssalat geben. Fertig!\n\nMit den vielen Variationen der Knorr Salatkr\xc3\xb6nung das perfekte Zusammenspiel von Kr\xc3\xa4utern erleben. Die w\xc3\xbcrzigen Gartenkr\xc3\xa4uter verleihen Salaten mit wenigen Handgriffen einen feinen, aromatischen Geschmack. Knorr Salatdressings und Vinaigrettes bereitet man ganz einfach zu: Entweder selbst anr\xc3\xbchren oder \xe2\x80\x93 f\xc3\xbcr einen noch schnelleren Salatgenuss \xe2\x80\x93 zu servierfertigen Salatkr\xc3\xb6nungen in der Flasche greifen. Anschlie\xc3\x9fend nur noch das Dressing zum Lieblingssalat geben \xe2\x80\x93 und die Salatkr\xc3\xb6nung genie\xc3\x9fen!\n\nSind schon die vielen weiteren Produkte von Knorr bekannt? Dank der Fix-Produkte, So\xc3\x9fen, Fertiggerichten, Suppen, Salatdressings, Br\xc3\xbchen und Bouillons gelingt jedes Gericht garantiert mit wenigen Handgriffen. Schnell und einfach erhalten so authentische Mahlzeiten ihren typischen Geschmack \xe2\x80\x93 egal, ob abwechslungsreiche vegetarische oder vegane K\xc3\xbcche, herzhafte Fleischgerichte oder leckere Gem\xc3\xbcsevariationen. Dabei ist es die Komposition ausgew\xc3\xa4hlter hochwertiger Zutaten, die jedes Knorr Produkt besonders macht. Knorr verarbeitet nur sorgf\xc3\xa4ltig schonend getrocknete Zutaten, denn das Trocknen ist eine der \xc3\xa4ltesten Methoden, um Lebensmittel nat\xc3\xbcrlich haltbar zu machen. Da der Geschmack und die Hauptn\xc3\xa4hrstoffe der frischen Zutaten weitgehend erhalten bleiben, passen Lebensmittel aus getrockneten Zutaten perfekt in unseren stressigen Alltag. Essen mit Knorr ist unkompliziert und sorgt dar\xc3\xbcber hinaus f\xc3\xbcr ein gutes Gef\xc3\xbchl: 95 Prozent unserer Gem\xc3\xbcse und Kr\xc3\xa4uter stammen heute schon aus nachhaltigem Anbau. Denn wir bei Knorr glauben, dass die Verwendung nachhaltig angebauter und beschaffter Zutaten einen gro\xc3\x9fen Unterschied f\xc3\xbcr den Geschmack unserer Produkte, das Wohlbefinden der Landwirte und die Zukunft des Planeten macht. Knorr. Gutes, einfach lecker!\n\n*Nat\xc3\xbcrliche Zutaten sind mit einem Sternchen in der Zutatenliste gekennzeichnetZutaten & AllergeneZutaten: Zucker\xc2\xb9, jodiertes Speisesalz, St\xc3\xa4rke\xc2\xb9, 8,3% Kr\xc3\xa4uter (5% Dill\xc2\xb9\xc2\xb2, Petersilie\xc2\xb9\xc2\xb2, Schnittlauch\xc2\xb9\xc2\xb2), S\xc3\xa4ureregulator Natriumdiacetat3, S\xc3\xa4uerungsmittel Citronens\xc3\xa4ure, Zitrusfaser\xc2\xb9, MILCHZUCKER, Maiskeim\xc3\xb6l\xc2\xb9, 1,6% gemahlene SENFK\xc3\x96RNER\xc2\xb9, 0,9% Zwiebeln, Pfeffer\xc2\xb9, Zitronensaftpulver\xc2\xb9, Speisesalz, Aromen. Kann Ei, Sellerie, Soja, glutenhaltige Getreide enthalten. \xc2\xb9Nat\xc3\xbcrliche Zutaten sind mit einem Sternchen gekennzeichnet. \xc2\xb2aus nachhaltigem Anbau. 3Salz der Essigs\xc3\xa4ure.Allergenhinweise: Enth\xc3\xa4lt: Milchzucker (Laktose).N\xc3\xa4hrwerteDurchschnittliche N\xc3\xa4hrwerteZubereitet pro 100 mlEnergie1.775 kJEnergie424 kcalFett45 gFett, davon ges\xc3\xa4ttigte Fetts\xc3\xa4uren4,1 gKohlenhydrate4,9 gKohlenhydrate, davon Zucker3,7 gBallaststoffe0,7 gEiwei\xc3\x9f< 0,5 gSalz2,1 gArtikeldetailsMarke: KnorrUrsprungsland: DeutschlandKontaktKontaktname: Unilever DeutschlandKontaktadresse: Postfach 570 550, 22774 HamburgMaximale Bestellmenge: 15 St\xc3\xbcckF\xc3\xbcr die vorstehenden Angaben wird keine Haftung \xc3\xbcbernommen. Bitte pr\xc3\xbcfen Sie im Einzelfall die Angaben auf der jeweiligen Produktverpackung, nur diese sind verbindlich.Das Produktdesign kann von der Abbildung abweichen.""",Felix-Wankel-Strasse 20,Rewe,Kochen & Backen,2023-07-09,"Gültig ab morgen bis Samstag, 15.07.2023"
Knorr Feinschmecker Suppe,https://img.rewe-static.de/REWE_CENTER_HZ28_2023/8184772/28407667-16_digital-image.png?impolicy=s-offers&imwidth=200&output-format=image/webp,,https://shop.rewe.de/p/hipp-hippis-anton-affe-bio-apfel-birne-banane-100g/3246427,,"versch. Sorten, ausreichend für 500 ml , je Btl",Aktion,"0,79 €","b'ProduktbeschreibungArtikelnummer 8184772- Knorr Feinschmecker Spargel Cremesuppe aus wei\xc3\x9fem Spargel - das schmeckt nach Fr\xc3\xbchling \n - Besonders cremig und mit vielen leckeren Spargelst\xc3\xbcckchen \n - Mit nachhaltig angebautem Spargel \n - Schnelle und einfache Zubereitung \n - Nat\xc3\xbcrlich ohne geschmacksverst\xc3\xa4rkende Zusatzstoffe, Konservierungsstoffe und Farbstoffe \n - Inhalt reicht f\xc3\xbcr 500 ml (2 Teller) Probieren Sie die Knorr Feinschmecker Spargel Cremesuppe: besonders cremige Spargelsuppe aus wei\xc3\x9fem Spargel - das schmeckt nach Fr\xc3\xbchling! Mit nachhaltig angebautem Spargel.\n\nZubereitung:\nBeutelinhalt mit einem Schneebesen in 0,5 l (500 ml) kochendes Wasser einr\xc3\xbchren. 5Minuten k\xc3\xb6cheln lassen. Ab und zu umr\xc3\xbchren.\n\nSuppen f\xc3\xbcr Feinschmecker: Die Knorr Feinschmecker Suppen bieten f\xc3\xbcr jeden Geschmack das passende Gericht und sind im Handumdrehen angerichtet. Sanft getrocknetes Gem\xc3\xbcse, Kr\xc3\xa4uter und Gew\xc3\xbcrze zeichnen die schnell zubereiteten Suppen aus. Die besonders cremigen Feinschmecker Suppen gelingen garantiert und begeistern die ganze Familie.\n\nKennen Sie schon die vielen weiteren Produkte von Knorr? Dank unserer Fix-Produkte, Br\xc3\xbchen, Saucen, Fertiggerichten, Suppen und Salatdressings gelingt jedes Gericht garantiert mit wenigen Handgriffen. Schnell und einfach erhalten so authentische Mahlzeiten ihren typischen Geschmack \xe2\x80\x93 egal, ob abwechslungsreiche vegetarische oder vegane K\xc3\xbcche, herzhafte Fleischgerichte oder leckere Gem\xc3\xbcsevariationen. Dabei ist es die Komposition ausgew\xc3\xa4hlter hochwertiger Zutaten, die jedes Knorr Produkt besonders macht. Knorr verarbeitet nur sorgf\xc3\xa4ltig schonend getrocknete Zutaten, denn das Trocknen ist eine der \xc3\xa4ltesten Methoden, um Lebensmittel nat\xc3\xbcrlich haltbar zu machen. Da der Geschmack und die N\xc3\xa4hrstoffe der frischen Zutaten weitgehend erhalten bleiben, passen Lebensmittel aus getrockneten Zutaten perfekt in unseren stressigen Alltag. Essen mit Knorr ist unkompliziert und sorgt dar\xc3\xbcber hinaus f\xc3\xbcr ein gutes Gef\xc3\xbchl: \xc3\x9cber 90 Prozent der Zutaten kommen heute schon aus nachhaltigem Anbau. Denn wir bei Knorr glauben, dass die Verwendung nachhaltig angebauter und beschaffter Zutaten einen gro\xc3\x9fen Unterschied f\xc3\xbcr den Geschmack unserer Produkte, das Wohlbefinden der Landwirte und die Zukunft des Planeten macht. Knorr \xe2\x80\x93 Geschmack mit gutem Gef\xc3\xbchl.Zutaten & AllergeneZutaten: Mehl (WEIZEN, Reis), Palm\xc3\xb6l, St\xc3\xa4rke, 10% wei\xc3\x9fer Spargel\xc2\xb2 (Pulver, St\xc3\xbccke), jodiertes Speisesalz, Hefeextrakt, Zucker, Speisesalz, Glukosesirup, MILCHEIWEISS, Zitronensaftpulver, Aromen, Kurkuma, Petersilienwurzel\xc2\xb2, Lorbeerbl\xc3\xa4tter. Kann Ei, Sellerie, Senf, Soja, andere glutenhaltige Getreide enthalten. \xc2\xb2 Aus nachhaltigem Anbau.Allergenhinweise: Enth\xc3\xa4lt: Weizen und Weizenerzeugnisse (glutenhaltiges Getreide).N\xc3\xa4hrwerteDurchschnittliche N\xc3\xa4hrwerteZubereitet pro 100 mlEnergie182 kJEnergie44 kcalFett2,2 gFett, davon ges\xc3\xa4ttigte Fetts\xc3\xa4uren1,4 gKohlenhydrate4,6 gKohlenhydrate, davon Zucker0,7 gBallaststoffe< 0,5 gEiwei\xc3\x9f1,1 gSalz0,81 gArtikeldetailsMarke: KnorrEigenschaften: VegetarischUrsprungsland: PolenKontaktKontaktname: Unilever DeutschlandKontaktadresse: Postfach 570 550, 22774 HamburgMaximale Bestellmenge: 15 St\xc3\xbcckF\xc3\xbcr die vorstehenden Angaben wird keine Haftung \xc3\xbcbernommen. Bitte pr\xc3\xbcfen Sie im Einzelfall die Angaben auf der jeweiligen Produktverpackung, nur diese sind verbindlich.Das Produktdesign kann von der Abbildung abweichen.'",Felix-Wankel-Strasse 20,Rewe,Kochen & Backen,2023-07-09,"Gültig ab morgen bis Samstag, 15.07.2023"
Barilla Pesto alla Genovese,https://img.rewe-static.de/REWE_CENTER_HZ28_2023/4840313/35802412-5_digital-image.png?impolicy=s-offers&imwidth=200&output-format=image/webp,,https://shop.rewe.de/p/hipp-hippis-anton-affe-bio-apfel-birne-banane-100g/3246427,,"je 190-g-Glas , (1 kg = 10.47)",Aktion,"1,99 €","b'ProduktbeschreibungArtikelnummer 4840313Zutaten & AllergeneZutaten: pflanzliche \xc3\x96le (Olive, Sonnenblume), frisches Basilikum 30%, CASHEWKERNE, Parmigiano Reggiano g.U. K\xc3\xa4se 5% (MILCH), Maisfaser, Molkepulver (MILCH), Salz, MILCHeiweiss, natives Oliven\xc3\xb6l extra, Zucker, Basilikumextrakt, nat\xc3\xbcrliche Aromen (MILCH), S\xc3\xa4ureregulator: Milchs\xc3\xa4ure, Knoblauch. Kann Spuren von anderen Schalenfr\xc3\xbcchten (Hartschalenobst) enthalten.Allergenhinweise: Enth\xc3\xa4lt: Milch und Milcherzeugnisse (einschlie\xc3\x9flich Lactose). N\xc3\xbcsse und Nusserzeugnisse. Kaschunuss und Kaschunusserzeugnisse.N\xc3\xa4hrwerteDurchschnittliche N\xc3\xa4hrwerteUnzubereitet pro 100 gEnergie1.989 kJEnergie482 kcalFett46 gFett, davon ges\xc3\xa4ttigte Fetts\xc3\xa4uren7,1 gKohlenhydrate9,8 gKohlenhydrate, davon Zucker5,5 gBallaststoffe5 gEiwei\xc3\x9f4,7 gSalz3,25 gHinweiseAufbewahrungs- und Verwendungshinweis: Nach dem \xc3\x96ffnen gek\xc3\xbchlt 5 Tage haltbar.ArtikeldetailsMarke: BarillaUrsprungsland: ItalienKontaktKontaktname: Barilla G. e R. Fratelli S.p.A.Kontaktadresse: Via Mantova 166, Parma - ItalyMaximale Bestellmenge: 15 St\xc3\xbcckF\xc3\xbcr die vorstehenden Angaben wird keine Haftung \xc3\xbcbernommen. Bitte pr\xc3\xbcfen Sie im Einzelfall die Angaben auf der jeweiligen Produktverpackung, nur diese sind verbindlich.Das Produktdesign kann von der Abbildung abweichen.'",Felix-Wankel-Strasse 20,Rewe,Kochen & Backen,2023-07-09,"Gültig ab morgen bis Samstag, 15.07.2023"
Barilla Pesto Basilico Vegan,https://img.rewe-static.de/REWE_CENTER_HZ28_2023/3263361/26586190-10_digital-image.png?impolicy=s-offers&imwidth=200&output-format=image/webp,,https://shop.rewe.de/p/hipp-hippis-anton-affe-bio-apfel-birne-banane-100g/3246427,,"je 195-g-Glas , (1 kg = 10.21)",Aktion,"1,99 €","b'ProduktbeschreibungArtikelnummer 3263361Zutaten & AllergeneZutaten: Basilikum 35,6%, pflanzliche \xc3\x96le (Olive, Sonnenblume), CASHEWKERNE, Glukosesirup, Wasser, modifizierte Maisst\xc3\xa4rke, Salz, nat\xc3\xbcrliche Aromen, natives Oliven\xc3\xb6l extra, Zucker, S\xc3\xa4ureregulator Milchs\xc3\xa4ure. Kann Spuren von anderen Schalenfr\xc3\xbcchten (Hartschalenobst) enthalten.Allergenhinweise: Enth\xc3\xa4lt: Kaschunuss und Kaschunusserzeugnisse. Kann enthalten: N\xc3\xbcsse und Nusserzeugnisse.N\xc3\xa4hrwerteDurchschnittliche N\xc3\xa4hrwerteUnzubereitet pro 100 gEnergie1.780 kJEnergie431 kcalFett41 gFett, davon ges\xc3\xa4ttigte Fetts\xc3\xa4uren5,5 gKohlenhydrate12 gKohlenhydrate, davon Zucker3,3 gBallaststoffe2 gEiwei\xc3\x9f2,5 gSalz3 gHinweiseAufbewahrungs- und Verwendungshinweis: Nach dem \xc3\x96ffnen gek\xc3\xbchlt 5 Tage haltbar.ArtikeldetailsMarke: BarillaEigenschaften: Vegan, Vegetarisch, LaktosefreiUrsprungsland: ItalienKontaktKontaktname: Barilla G. e R. Fratelli - Societ\xc3\xa0 per AzioniKontaktadresse: Via Mantova 166, Parma - ItalyMaximale Bestellmenge: 15 St\xc3\xbcckF\xc3\xbcr die vorstehenden Angaben wird keine Haftung \xc3\xbcbernommen. Bitte pr\xc3\xbcfen Sie im Einzelfall die Angaben auf der jeweiligen Produktverpackung, nur diese sind verbindlich.Das Produktdesign kann von der Abbildung abweichen.'",Felix-Wankel-Strasse 20,Rewe,Kochen & Backen,2023-07-09,"Gültig ab morgen bis Samstag, 15.07.2023"
Knorr Feinschmecker Sauce Hollandaise Klassisch,https://img.rewe-static.de/REWE_CENTER_HZ28_2023/4615263/14092570-53_digital-image.png?impolicy=s-offers&imwidth=200&output-format=image/webp,,https://shop.rewe.de/p/hipp-hippis-anton-affe-bio-apfel-birne-banane-100g/3246427,,"je 35-g-Btl , (1 kg = 19.71)",Aktion,"0,69 €","b'ProduktbeschreibungArtikelnummer 4615263- wird mit feiner Butter zum besonderen Genuss f\xc3\xbcr jeden Feinschmecker \n - klassische Saucen-Rezeptur \n - nat\xc3\xbcrlich ohne geschmacksverst\xc3\xa4rkende Zusatzstoffe und Farbstoffe \n - ohne Konservierungsstoffe (lt. Gesetz) \n - schnelle und einfache Zubereitung Mit der Knorr Feinschmecker Sauce Hollandaise klassisch wird das Spargelessen zum unvergesslichen Erlebnis. Der beliebte Klassiker zur Spargelsaison ist ein zart-cremiger Saucengenuss mit feinem Geschmack und passt neben Spargel hervorragend zu Brokkoli und Fisch. Durch die Zugabe von Butter wird die helle Sauce zu einem besonderen Genuss f\xc3\xbcr jeden Feinschmecker. Die So\xc3\x9fe ist vegetarisch und nat\xc3\xbcrlich ohne geschmacksverst\xc3\xa4rkende Zusatzstoffe und ohne Farbstoffe.\n\nZubereitung:\n1) Beutelinhalt mit dem Schneebesen in 125 ml kaltes Wasser einr\xc3\xbchren. Unter R\xc3\xbchren aufkochen.\n2) Bei schwacher Hitze 125 g gew\xc3\xbcrfelte Butter darunter schlagen, bis sie geschmolzen ist.\nMit Sahne verfeinern f\xc3\xbcr einen noch cremigeren Geschmack - Genuss pur!\n\nSaucen f\xc3\xbcr Feinschmecker: Die Knorr Feinschmecker Saucen bieten f\xc3\xbcr jeden Geschmack die passende Variante: Sauce Hollandaise zu Spargel oder Gem\xc3\xbcse, Pfeffersauce zu Steak und Kurzgebratenem oder Dillsauce f\xc3\xbcr Fischgerichte. Im Handumdrehen zubereitet verfeinern die Saucen jedes Gericht und begeistern somit die ganze Familie. Mmmhh, lecker!\n\nSind schon die vielen weiteren Produkte von Knorr bekannt? Dank der Fix-Produkte, Saucen, Fertiggerichte, Suppen, Salatdressings, Br\xc3\xbchen und Bouillons gelingt jedes Gericht garantiert mit wenigen Handgriffen. Schnell und einfach erhalten authentische Mahlzeiten so ihren typischen Geschmack \xe2\x80\x93 egal, ob abwechslungsreiche vegetarische oder vegane K\xc3\xbcche, herzhafte Fleischgerichte oder leckere Gem\xc3\xbcsevariationen. Dabei ist es die Komposition ausgew\xc3\xa4hlter hochwertiger Zutaten, die jedes Knorr Produkt besonders macht. Knorr verarbeitet nur sorgf\xc3\xa4ltig schonend getrocknete Zutaten, denn das Trocknen ist eine der \xc3\xa4ltesten Methoden, um Lebensmittel nat\xc3\xbcrlich haltbar zu machen. Da der Geschmack und die Hauptn\xc3\xa4hrstoffe der frischen Zutaten weitgehend erhalten bleiben, passen Lebensmittel aus getrockneten Zutaten perfekt in unseren stressigen Alltag. Essen mit Knorr ist unkompliziert und sorgt dar\xc3\xbcber hinaus f\xc3\xbcr ein gutes Gef\xc3\xbchl: 95 Prozent unserer Gem\xc3\xbcse und Kr\xc3\xa4uter stammen heute schon aus nachhaltigem Anbau. Denn wir bei Knorr glauben, dass die Verwendung nachhaltig angebauter und beschaffter Zutaten einen gro\xc3\x9fen Unterschied f\xc3\xbcr den Geschmack unserer Produkte, das Wohlbefinden der Landwirte und die Zukunft des Planeten macht. \nKnorr. Gutes, einfach lecker.Zutaten & AllergeneZutaten: St\xc3\xa4rke, Palm\xc3\xb6l, Maltodextrin, 12% EIGELBPULVER, jodiertes Speisesalz, MILCHEIWEISS, Hefeextrakt, Glukosesirup, Zucker, Zitronensaftpulver, MILCHZUCKER, WEIZENMEHL, Kochsalzersatz\xc2\xb2, Speisesalz, Wei\xc3\x9fweinextrakt, nat\xc3\xbcrliches Aroma, Kurkuma. Kann Sellerie, Senf, andere glutenhaltige Getreide, Soja enthalten. \xc2\xb2gewonnen aus nat\xc3\xbcrlichen Kaliummineralien.Allergenhinweise: Enth\xc3\xa4lt: Milchzucker (Laktose). Weizen und Weizenerzeugnisse (glutenhaltiges Getreide).N\xc3\xa4hrwerteDurchschnittliche N\xc3\xa4hrwerteZubereitet pro 100 mlEnergie1.784 kJEnergie427 kcalFett44 gFett, davon ges\xc3\xa4ttigte Fetts\xc3\xa4uren28 gKohlenhydrate7 gKohlenhydrate, davon Zucker1,3 gBallaststoffe< 0,5 gEiwei\xc3\x9f1,6 gSalz0,95 gArtikeldetailsMarke: KnorrEigenschaften: VegetarischUrsprungsland: DeutschlandSorte: KlassischKontaktKontaktname: Unilever DeutschlandKontaktadresse: Postfach 570 550, 22774 HamburgMaximale Bestellmenge: 15 St\xc3\xbcckF\xc3\xbcr die vorstehenden Angaben wird keine Haftung \xc3\xbcbernommen. Bitte pr\xc3\xbcfen Sie im Einzelfall die Angaben auf der jeweiligen Produktverpackung, nur diese sind verbindlich.Das Produktdesign kann von der Abbildung abweichen.'",Felix-Wankel-Strasse 20,Rewe,Kochen & Backen,2023-07-09,"Gültig ab morgen bis Samstag, 15.07.2023"
Knorr Feinschmecker 3 Pfeffer Sauce,https://img.rewe-static.de/REWE_CENTER_HZ28_2023/3665399/1159810-80_digital-image.png?impolicy=s-offers&imwidth=200&output-format=image/webp,,https://shop.rewe.de/p/hipp-hippis-anton-affe-bio-apfel-birne-banane-100g/3246427,,"je 40-g-Btl , (1 kg = 17.25)",Aktion,"0,69 €","b'ProduktbeschreibungArtikelnummer 3665399- wunderbar cremig mit feiner Pfeffernote \n - mit gr\xc3\xbcnen, schwarzen und wei\xc3\x9fen Pfefferk\xc3\xb6rnern \n - nat\xc3\xbcrlich ohne geschmacksverst\xc3\xa4rkende Zusatzstoffe und Farbstoffe \n - ohne Konservierungsstoffe (lt. Gesetz) \n - schnelle und einfache Zubereitung Knorr Feinschmecker 3 Pfeffer Sauce ist eine fein abgestimmte Saucenkomposition mit einem angenehm w\xc3\xbcrzigen Geschmack und gr\xc3\xbcnem, schwarzen und rosa Pfeffer. Diese w\xc3\xbcrzige Pfeffersauce passt ideal zu allem Kurzgebratenem und auch perfekt z.B. zu Gerichten mit Pilzen und Blumenkohl. Die Sauce ist nat\xc3\xbcrlich ohne geschmacksverst\xc3\xa4rkende Zusatzstoffe, ohne Farbstoffe und ohne Konservierungsstoffe lt. Gesetz. \n\nKnorr Feinschmecker 3 Pfeffer Sauce:\n1) Beutelinhalt mit dem Schneebesen in 250 ml kaltes Wasser einr\xc3\xbchren. Unter R\xc3\xbchren aufkochen.\n2) Bei schwacher Hitze 1 Minute kochen. Gelegentlich umr\xc3\xbchren.\nMit Sahne verfeinern f\xc3\xbcr einen noch cremigeren Geschmack - Genuss pur!\n\nSaucen f\xc3\xbcr Feinschmecker: Die Knorr Feinschmecker Saucen bieten f\xc3\xbcr jeden Geschmack die passende Variante: Sauce Hollandaise zu Spargel oder Gem\xc3\xbcse, Bratensauce f\xc3\xbcr Bratengerichte, 3 Pfeffer Sauce zu Steak und Kurzgebratenem, Pfefferso\xc3\x9fe oder Dillsauce f\xc3\xbcr Fischgerichte. Im Handumdrehen zubereitet verfeinern die Saucen jedes Gericht und begeistern somit die ganze Familie.\n\nSind schon die vielen weiteren Produkte von Knorr bekannt? Dank der Fix-Produkte, So\xc3\x9fen, Fertiggerichten, Suppen, Salatdressings, Br\xc3\xbchen und Bouillons gelingt jedes Gericht garantiert mit wenigen Handgriffen. Schnell und einfach erhalten so authentische Mahlzeiten ihren typischen Geschmack \xe2\x80\x93 egal, ob abwechslungsreiche vegetarische oder vegane K\xc3\xbcche, herzhafte Fleischgerichte oder leckere Gem\xc3\xbcsevariationen. Dabei ist es die Komposition ausgew\xc3\xa4hlter hochwertiger Zutaten, die jedes Knorr Produkt besonders macht. Knorr verarbeitet nur sorgf\xc3\xa4ltig schonend getrocknete Zutaten, denn das Trocknen ist eine der \xc3\xa4ltesten Methoden, um Lebensmittel nat\xc3\xbcrlich haltbar zu machen. Da der Geschmack und die Hauptn\xc3\xa4hrstoffe der frischen Zutaten weitgehend erhalten bleiben, passen Lebensmittel aus getrockneten Zutaten perfekt in unseren stressigen Alltag. Essen mit Knorr ist unkompliziert und sorgt dar\xc3\xbcber hinaus f\xc3\xbcr ein gutes Gef\xc3\xbchl: 95 Prozent unserer Gem\xc3\xbcse und Kr\xc3\xa4uter stammen heute schon aus nachhaltigem Anbau. Denn wir bei Knorr glauben, dass die Verwendung nachhaltig angebauter und beschaffter Zutaten einen gro\xc3\x9fen Unterschied f\xc3\xbcr den Geschmack unserer Produkte, das Wohlbefinden der Landwirte und die Zukunft des Planeten macht. Knorr. Gutes, nat\xc3\xbcrlich lecker.Zutaten & AllergeneZutaten: Palm\xc3\xb6l, St\xc3\xa4rke, WEIZENMEHL, Maltodextrin, Aromen, Glukosesirup, jodiertes Speisesalz, 3% Pfeffermischung (gr\xc3\xbcner Pfeffer, schwarzer Pfeffer, rosa Pfeffer) Kochsalzersatz3, MILCHEIWEISS, Zucker, Karamellzuckersirup, W\xc3\xbcrze, Hefeextrakt, Speisesalz, Schnittlauch2. Kann Sellerie, Ei, Senf, andere glutenhaltige Getreide, Soja enthalten. 2aus nachhaltigem Anbau. 3gewonnen aus nat\xc3\xbcrlichen Kaliummineralien.Allergenhinweise: Enth\xc3\xa4lt: Weizen und Weizenerzeugnisse (glutenhaltiges Getreide).N\xc3\xa4hrwerteDurchschnittliche N\xc3\xa4hrwerteZubereitet pro 100 mlEnergie325 kJEnergie78 kcalFett4,5 gFett, davon ges\xc3\xa4ttigte Fetts\xc3\xa4uren2,8 gKohlenhydrate8,3 gKohlenhydrate, davon Zucker0,6 gBallaststoffe< 0,5 gEiwei\xc3\x9f0,9 gSalz0,99 gArtikeldetailsMarke: KnorrUrsprungsland: DeutschlandKontaktKontaktname: Unilever DeutschlandKontaktadresse: Postfach 570 550, 22774 HamburgMaximale Bestellmenge: 15 St\xc3\xbcckF\xc3\xbcr die vorstehenden Angaben wird keine Haftung \xc3\xbcbernommen. Bitte pr\xc3\xbcfen Sie im Einzelfall die Angaben auf der jeweiligen Produktverpackung, nur diese sind verbindlich.Das Produktdesign kann von der Abbildung abweichen.'",Felix-Wankel-Strasse 20,Rewe,Kochen & Backen,2023-07-09,"Gültig ab morgen bis Samstag, 15.07.2023"
Pfanni Kartoffel Püree,https://img.rewe-static.de/REWE_CENTER_HZ28_2023/0184764/20324257-50_digital-image.png?impolicy=s-offers&imwidth=200&output-format=image/webp,,https://shop.rewe.de/p/hipp-hippis-anton-affe-bio-apfel-birne-banane-100g/3246427,,"das Lockere , je 240-g-Pckg , (1 kg = 4.13)",Aktion,"0,99 €","b'ProduktbeschreibungArtikelnummer 184764- 3 x 3 Portionen Pfanni Kartoffelp\xc3\xbcree der Klassiker besonders locker im praktischen Portionsbeutel. \n - Besonders lockeres P\xc3\xbcree mit Vollmilch und Rama. \n - Schnelle und einfache Zubereitung. \n - Aus 100% deutschen, nachhaltig angebauten, Kartoffeln. \n - Ideal zu Fisch, Fleisch und Gem\xc3\xbcse. Ein P\xc3\xbcree, das auf der Zunge zergeht. So fein sind die Flocken, die f\xc3\xbcr dieses P\xc3\xbcree verwendet werden. Da ist schon die Zubereitung ein wahres Gedicht: Flocken in hei\xc3\x9fes Wasser rieseln lassen, Milch zugeben, umr\xc3\xbchren und ein St\xc3\xbcck Rama auf der cremig-lockeren Decke zerflie\xc3\x9fen lassen. Fast zu sch\xc3\xb6n, um wahr zu sein!\nDie Pfanni Kartoffelp\xc3\xbcrees gelingen immer ausgezeichnet und schmecken wie handgemacht. Dies liegt insbesondere an den deutschen Kartoffeln, die von unseren Vertragsbauern nachhaltig angebaut und schonend zu P\xc3\xbcree verarbeitet werden. Das ist Qualit\xc3\xa4t die man schmeckt!\nDas Kartoffelp\xc3\xbcree \xe2\x80\x9eDAS LOCKERE\xe2\x80\x9c zeichnet sich durch seine zarten Kartoffelflocken aus, die mit Hilfe von 150 ml Vollmilch und etwas Rama zu einem cremigen Kartoffelp\xc3\xbcree verschmelzen. Das lockere P\xc3\xbcree ist bei den Kleinen besonders beliebt, l\xc3\xa4sst aber auch die Gro\xc3\x9fen in Kindheitserinnerungen schwelgen. \nEinfache und schnelle Zubereitung: 1.Aufkochen: 350 ml Wasser mit einem halben Teel\xc3\xb6ffel Salz (2 g) und 10 g Rama aufkochen. 2. Abk\xc3\xbchlen: Topf vom Herd nehmen und 150 ml kalte Vollmilch dazugeben. 3.Anr\xc3\xbchren: Die P\xc3\xbcreeflocken mit einem Kochl\xc3\xb6ffel kurz einr\xc3\xbchren. 4.Anrichten: Das P\xc3\xbcree 1 \xe2\x80\x93 2 Minuten ruhen lassen und vor dem Servieren noch kurz umr\xc3\xbchren. Guten Appetit!\nUnser Beitrag f\xc3\xbcr Nachhaltigkeit: Pfanni Kartoffeln werden von unseren Vertragsbauern nachhaltig angebaut und f\xc3\xbcr den optimalen N\xc3\xa4hrstoffgehalt und Geschmack nur saisongerecht geerntet. 100% deutsche Kartoffeln aus nachhaltiger Landwirtschaft \xe2\x80\x93 f\xc3\xbcr den besonders leckeren Pfanni Geschmack.Zutaten & AllergeneZutaten: 99% Kartoffeln\xc2\xb2, Emulgator Mono- und Diglyceride von Speisefetts\xc3\xa4uren, Stabilisator Diphosphat, Aromen, Antioxidationsmittel NATRIUMMETABISULFIT. Kann Spuren von Milch enthalten. \xc2\xb2aus nachhaltigem AnbauN\xc3\xa4hrwerteDurchschnittliche N\xc3\xa4hrwerteZubereitet pro 100 gEnergie257 kJEnergie61 kcalFett1,2 gFett, davon ges\xc3\xa4ttigte Fetts\xc3\xa4uren0,6 gKohlenhydrate10 gKohlenhydrate, davon Zucker1,7 gBallaststoffe1,4 gEiwei\xc3\x9f2,1 gSalz0,4 gHinweiseAufbewahrungs- und Verwendungshinweis: Nach \xc3\x96ffnung ist der Packungsinhalt im wieder verschlossenen Beutel k\xc3\xbchl und trocken mindestens 3 Wochen haltbar.Information: Unter Schutzatmosph\xc3\xa4re verpackt.ArtikeldetailsMarke: PfanniUrsprungsland: DeutschlandKontaktKontaktname: Unilever DeutschlandKontaktadresse: Postfach 570 307, 22772 HamburgMaximale Bestellmenge: 15 St\xc3\xbcckF\xc3\xbcr die vorstehenden Angaben wird keine Haftung \xc3\xbcbernommen. Bitte pr\xc3\xbcfen Sie im Einzelfall die Angaben auf der jeweiligen Produktverpackung, nur diese sind verbindlich.Das Produktdesign kann von der Abbildung abweichen.'",Felix-Wankel-Strasse 20,Rewe,Kochen & Backen,2023-07-09,"Gültig ab morgen bis Samstag, 15.07.2023"
Pfanni Kartoffel Püree,https://img.rewe-static.de/REWE_CENTER_HZ28_2023/8004013/1775000-84_digital-image.png?impolicy=s-offers&imwidth=200&output-format=image/webp,,https://shop.rewe.de/p/hipp-hippis-anton-affe-bio-apfel-birne-banane-100g/3246427,,"das Komplette , je 283,5-g-Pckg , (1 kg = 3.49)",Aktion,"0,99 €","b'ProduktbeschreibungArtikelnummer 8004013- 3 x 3 Portionen Pfanni Kartoffelp\xc3\xbcree mit entrahmter Milch Komplett im praktischen Portionsbeutel. \n - Kartoffelp\xc3\xbcree mit entrahmter Milch einfach mit Wasser mischen \xe2\x80\x93 fertig ist der Genuss! \n - Schnelle und einfache Zubereitung. \n - Aus 100% deutschen, nachhaltig angebauten, Kartoffeln. \n - Ideal zu Fisch, Fleisch und Gem\xc3\xbcse. Das Kartoffel P\xc3\xbcree Das Komplette mit entrahmter Milch zeichnet sich durch seine schnelle Zubereitung aus. Einfach T\xc3\xbcte aufrei\xc3\x9fen und die feinen Kartoffelflocken in hei\xc3\x9fes Wasser einr\xc3\xbchren. Die Milch ist da schon drin \xe2\x80\x93 und der gute Geschmack sowieso. Das Kartoffelp\xc3\xbcree mit entrahmter Milch ist bei den Kleinen besonders beliebt, l\xc3\xa4sst aber auch die Gro\xc3\x9fen in Kindheitserinnerungen schwelgen. Denn wer mag den allseits beliebten Kartoffelbrei nicht? Es ist ein zeitloses Kartoffelgericht, das einfach jedem schmeckt \xe2\x80\x93 egal wann.                                                     \n\nDie Pfanni Kartoffelp\xc3\xbcrees gelingen immer ausgezeichnet und schmecken wie handgemacht. Dies liegt insbesondere daran, dass jede einzelne Kartoffel f\xc3\xbcr dieses Kartoffelp\xc3\xbcree aus Deutschland kommt und nachhaltig angebaut ist. Das ist Qualit\xc3\xa4t, die man schmeckt!  \n                                                                                                                                                                                                                                                                                                             \nBesonders genial ist die einfache und schnelle Zubereitung, mit der man in Windeseile ein leckeres Kartoffelp\xc3\xbcree zaubern kann: 1. Aufkochen: 400 ml Wasser aufkochen. 2. Abk\xc3\xbchlen: Den Topf vom Herd nehmen und 100 ml kaltes Wasser einr\xc3\xbchren. 3. Anr\xc3\xbchren: Die P\xc3\xbcreeflocken mit einem Kochl\xc3\xb6ffel einr\xc3\xbchren. 4. Anrichten: Nach 1 - 2 Minuten noch mal durchr\xc3\xbchren und servieren. Guten Appetit!\n                                                                                                                                                                                                                                                                                                  Unser Beitrag f\xc3\xbcr Nachhaltigkeit: Pfanni Kartoffeln werden von unseren Vertragsbauern nachhaltig angebaut und f\xc3\xbcr den optimalen N\xc3\xa4hrstoffgehalt und Geschmack nur saisongerecht geerntet. 100% deutsche Kartoffeln aus nachhaltiger Landwirtschaft \xe2\x80\x93 f\xc3\xbcr den besonders leckeren Pfanni Geschmack.Zutaten & AllergeneZutaten: 85% Kartoffeln\xc2\xb2, Palm\xc3\xb6l, 4,3% MAGERMILCHPULVER, Speisesalz, Glukosesirup, Emulgator Mono- und Diglyceride von Speisefetts\xc3\xa4uren, MILCHEIWEISS, Aromen. \xc2\xb2aus nachhaltigem AnbauN\xc3\xa4hrwerteDurchschnittliche N\xc3\xa4hrwerteZubereitet pro 100 gEnergie238 kJEnergie57 kcalFett1 gFett, davon ges\xc3\xa4ttigte Fetts\xc3\xa4uren0,6 gKohlenhydrate11 gKohlenhydrate, davon Zucker0,8 gBallaststoffe1,4 gEiwei\xc3\x9f1,5 gSalz0,53 gHinweiseAufbewahrungs- und Verwendungshinweis: Nach \xc3\x96ffnung ist der Packungsinhalt im wieder verschlossenen Beutel k\xc3\xbchl und trocken mindestens 3 Wochen haltbar.Information: Unter Schutzatmosph\xc3\xa4re verpackt.ArtikeldetailsMarke: PfanniEigenschaften: VegetarischUrsprungsland: DeutschlandKontaktKontaktname: Unilever DeutschlandKontaktadresse: Postfach 570 307, 22772 HamburgMaximale Bestellmenge: 15 St\xc3\xbcckF\xc3\xbcr die vorstehenden Angaben wird keine Haftung \xc3\xbcbernommen. Bitte pr\xc3\xbcfen Sie im Einzelfall die Angaben auf der jeweiligen Produktverpackung, nur diese sind verbindlich.Das Produktdesign kann von der Abbildung abweichen.'",Felix-Wankel-Strasse 20,Rewe,Kochen & Backen,2023-07-09,"Gültig ab morgen bis Samstag, 15.07.2023"
Knorr Tomaten Ketchup,https://img.rewe-static.de/REWE_CENTER_HZ28_2023/2360602/23631618-17_digital-image.png?impolicy=s-offers&imwidth=200&output-format=image/webp,,https://shop.rewe.de/p/hipp-hippis-anton-affe-bio-apfel-birne-banane-100g/3246427,,"je 430-ml-Fl , (1 l = 3.47)",Aktion,"1,49 €","b'ProduktbeschreibungArtikelnummer 2360602\xe2\x80\xa2 Knorr Tomaten Ketchup mit 100% nat\xc3\xbcrlichen Zutaten \n\xe2\x80\xa2 Ketchup aus nachhaltig angebauten Tomaten \n\xe2\x80\xa2 Ketchup ohne Konservierungsstoffe und ohne Geschmacksverst\xc3\xa4rker \n\xe2\x80\xa2 Das Knorr Tomaten Ketchup ist f\xc3\xbcr Veganer geeignet \n\xe2\x80\xa2 Tomaten-Ketchup ohne Farbstoffe (lt. Gesetz) \n\xe2\x80\xa2 Grillsauce in der praktischen 430 ml Squeeze-Flasche von Knorr f\xc3\xbcr besonders einfaches Dosieren Der Knorr Tomaten Ketchup mit 100% nat\xc3\xbcrlichen Zutaten erh\xc3\xa4lt seinen besonderen fruchtigen Geschmack von sonnengereiften Tomaten und schmeckt als Grillsauce einfach lecker zu Fleisch, W\xc3\xbcrstchen, Pommes Frites, Hotdogs, Reis-, Nudel- sowie Eiergerichten und ist auch f\xc3\xbcr die vegane oder vegetarische Ern\xc3\xa4hrung geeignet. In der praktischen Squeezer-Flasche l\xc3\xa4sst sich der Tomatenketchup auch besonders einfach dosieren und ist besonders lecker. \n\nDank unserer Fix-Produkte, Br\xc3\xbchen, So\xc3\x9fen, Fertiggerichten, Suppen und Salatdressings gelingt jedes Gericht garantiert mit wenigen Handgriffen. Schnell und einfach erhalten so authentische Mahlzeiten ihren typischen Geschmack \xe2\x80\x93 egal, ob abwechslungsreiche vegetarische oder vegane K\xc3\xbcche, herzhafte Fleischgerichte oder leckere Gem\xc3\xbcsevariationen. Dabei ist es die Komposition ausgew\xc3\xa4hlter hochwertiger Zutaten, die jedes Knorr Produkt besonders macht. \n\nKnorr verarbeitet nur sorgf\xc3\xa4ltig schonend getrocknete Zutaten, denn das Trocknen ist eine der \xc3\xa4ltesten Methoden, um Lebensmittel nat\xc3\xbcrlich haltbar zu machen. Da der Geschmack und die N\xc3\xa4hrstoffe der frischen Zutaten weitgehend erhalten bleiben, passen Lebensmittel aus getrockneten Zutaten perfekt in unseren stressigen Alltag. Essen mit Knorr ist unkompliziert und sorgt dar\xc3\xbcber hinaus f\xc3\xbcr ein gutes Gef\xc3\xbchl: \xc3\x9cber 90 Prozent der Zutaten kommen heute schon aus nachhaltigem Anbau. Denn wir bei Knorr glauben, dass die Verwendung nachhaltig angebauter und beschaffter Zutaten einen gro\xc3\x9fen Unterschied f\xc3\xbcr den Geschmack unserer Produkte, das Wohlbefinden der Landwirte und die Zukunft des Planeten macht. Knorr \xe2\x80\x93 Geschmack mit gutem Gef\xc3\xbchl.Zutaten & AllergeneZutaten: 72% Tomatenmark1, Zucker, Branntweinessig, Speisesalz, nat\xc3\xbcrliche Aromen. 1 aus nachhaltig angebauten TomatenN\xc3\xa4hrwerteDurchschnittliche N\xc3\xa4hrwerteUnzubereitet pro 100 mlEnergie399 kJEnergie94 kcalFett0,5 gFett, davon ges\xc3\xa4ttigte Fetts\xc3\xa4uren< 0,1 gKohlenhydrate21 gKohlenhydrate, davon Zucker20 gBallaststoffe0,7 gEiwei\xc3\x9f1,4 gSalz1,9 gHinweiseAufbewahrungs- und Verwendungshinweis: Nach dem \xc3\x96ffnen im K\xc3\xbchlschrank aufbewahren.ArtikeldetailsMarke: KnorrUrsprungsland: PolenSorte: Tomaten-KetchupKontaktKontaktname: Unilever DeutschlandKontaktadresse: Postfach 570 550, 22774 HamburgMaximale Bestellmenge: 15 St\xc3\xbcckF\xc3\xbcr die vorstehenden Angaben wird keine Haftung \xc3\xbcbernommen. Bitte pr\xc3\xbcfen Sie im Einzelfall die Angaben auf der jeweiligen Produktverpackung, nur diese sind verbindlich.Das Produktdesign kann von der Abbildung abweichen.'",Felix-Wankel-Strasse 20,Rewe,Kochen & Backen,2023-07-09,"Gültig ab morgen bis Samstag, 15.07.2023"
Ben’s Original Süß-Sauer Sauce,https://img.rewe-static.de/REWE_CENTER_HZ28_2023/2675781/2505550-79_digital-image.png?impolicy=s-offers&imwidth=200&output-format=image/webp,,https://shop.rewe.de/p/hipp-hippis-anton-affe-bio-apfel-birne-banane-100g/3246427,,"versch. Sorten , je 400-g-Glas , (1 kg = 3.73)",Aktion,"1,49 €","b""ProduktbeschreibungArtikelnummer 2675781BEN'S ORIGINAL\xe2\x84\xa2 S\xc3\xbc\xc3\x9f-Sauer: Eine Sauce, die nur sorgf\xc3\xa4ltig ausgew\xc3\xa4hlte Zutaten und keine k\xc3\xbcnstlichen Farb-, Konservierungs- und Aromastoffe enth\xc3\xa4lt.Zutaten & AllergeneZutaten: Wasser, Tomaten (13%), Zucker, Zwiebeln (10%), Ananas (9.3%), Karotten (8.2%), Branntweinessig, Modifizierte Maisst\xc3\xa4rke, Gr\xc3\xbcner Paprika (2.6%), Roter Paprika (2.6%), Salz, Farbstoff (Paprikaextrakt), Gew\xc3\xbcrze.Allergenhinweise: Enth\xc3\xa4lt: Keine deklarationspflichtigen Allergene enthalten.N\xc3\xa4hrwerteDurchschnittliche N\xc3\xa4hrwerteUnzubereitet pro 100 gEnergie310 kJEnergie73 kcalFett< 0,5 gFett, davon ges\xc3\xa4ttigte Fetts\xc3\xa4uren< 0,1 gKohlenhydrate17 gKohlenhydrate, davon Zucker13 gBallaststoffe0,8 gEiwei\xc3\x9f< 0,5 gSalz0,42 gHinweiseAufbewahrungs- und Verwendungshinweis: Nach dem \xc3\x96ffnen im K\xc3\xbchlschrank 3 Tage haltbar.ArtikeldetailsMarke: Ben's OriginalUrsprungsland: NiederlandeSorte: Extra AnanasKontaktKontaktname: Mars GmbHKontaktadresse: Postfach 1280, 27281 Verden (Aller)Maximale Bestellmenge: 15 St\xc3\xbcckF\xc3\xbcr die vorstehenden Angaben wird keine Haftung \xc3\xbcbernommen. Bitte pr\xc3\xbcfen Sie im Einzelfall die Angaben auf der jeweiligen Produktverpackung, nur diese sind verbindlich.Das Produktdesign kann von der Abbildung abweichen.""",Felix-Wankel-Strasse 20,Rewe,Kochen & Backen,2023-07-09,"Gültig ab morgen bis Samstag, 15.07.2023"
REWE Beste Wahl Balsamico Creme,https://img.rewe-static.de/REWE_CENTER_HZ28_2023/0888363/23928271-32_digital-image.png?impolicy=s-offers&imwidth=200&output-format=image/webp,,https://shop.rewe.de/p/hipp-hippis-anton-affe-bio-apfel-birne-banane-100g/3246427,,"je 250-ml-Fl , (1 l = 7.16)",Aktion,"1,79 €","b'ProduktbeschreibungArtikelnummer 888363Ihr au\xc3\x9fergew\xc3\xb6hnlicher Geschmack ist ideal zur Verfeinerung von Salaten, Gem\xc3\xbcse und Fleisch geeinigt.\n\nHergestellt f\xc3\xbcr: REWE Markt GmbH, D-50603 K\xc3\xb6ln. Zutaten & AllergeneZutaten: Traubenmostkonzentrat, Aceto Balsamico di Modena IGP 39% (Traubenmostkonzentrat, Weinessig, Farbstoff Ammonsulfit-Zuckerkul\xc3\xb6r, Antioxidationsmittel KALIUMMETABISULFIT), Weinessig, Verdickungsmittel (Guarkernmehl, Xanthan). Zusatzstoffe: E 150d, E 224, E 412, E 415Allergenhinweise: Schwefeldioxid und Sulfite in einer Konzentration von mehr als 10 mg/kg oder 10 mg/l, als SO2 angegebenN\xc3\xa4hrwerteDurchschnittliche N\xc3\xa4hrwertepro 100 mlEnergie938 kJEnergie220 kcalFett0 gFett, davon ges\xc3\xa4ttigte Fetts\xc3\xa4uren0 gKohlenhydrate52,5 gKohlenhydrate, davon Zucker43,5 gEiwei\xc3\x9f0,5 gSalz1,14 gHinweiseAufbewahrungshinweise: Nach dem \xc3\x96ffnen im K\xc3\xbchlschrank aufbewahren.Verwendungshinweise: Trocken lagern. Vor W\xc3\xa4rme sch\xc3\xbctzen.ArtikeldetailsMarke: REWE Beste WahlUrsprungsland: ItalienKontaktKontaktname: Drogheria e Alimentari Deutschland GmbHKontaktadresse: H\xc3\xbcttenstrasse 87, 87600 Kaufbeuren, DeutschlandMaximale Bestellmenge: 15 St\xc3\xbcckF\xc3\xbcr die vorstehenden Angaben wird keine Haftung \xc3\xbcbernommen. Bitte pr\xc3\xbcfen Sie im Einzelfall die Angaben auf der jeweiligen Produktverpackung, nur diese sind verbindlich.Das Produktdesign kann von der Abbildung abweichen.'",Felix-Wankel-Strasse 20,Rewe,Kochen & Backen,2023-07-09,"Gültig ab morgen bis Samstag, 15.07.2023"
Knorr Schlemmersauce,https://img.rewe-static.de/REWE_CENTER_HZ28_2023/4584171/9206200-73_digital-image.png?impolicy=s-offers&imwidth=200&output-format=image/webp,,https://shop.rewe.de/p/hipp-hippis-anton-affe-bio-apfel-birne-banane-100g/3246427,,"versch. Sorten , je 250-ml-Fl , (1 l = 3.96)",Aktion,"0,99 €","b'ProduktbeschreibungArtikelnummer 4584171- feine Knoblauchsauce \n - mit Zwiebelst\xc3\xbcckchen und Joghurt verfeinert \n - ideale Erg\xc3\xa4nzung zu Scampi, Salaten und verschiedenen Grillgerichten \n - ohne k\xc3\xbcnstliche Farbstoffe \n - ohne Geschmacksverst\xc3\xa4rker und Konservierungsstoffe \n \n Die herrlich cremige Knorr Knoblauch Sauce ist mit Zwiebelst\xc3\xbcckchen und Joghurt verfeinert und geh\xc3\xb6rt f\xc3\xbcr Liebhaber der herzhaften Knolle zu einem geselligen Grillabend dazu. Diese Sauce ist die ideale Erg\xc3\xa4nzung zu Scampi, Salaten, Folienkartoffeln, Maiskolben und verschiedenen Grillgerichten. Die Knorr Grillsauce in der Glasflasche passt au\xc3\x9ferdem als Dip hervorragend zu Fondue oder Raclette. Zubereitung: Vor Gebrauch sch\xc3\xbctteln. Knorr Grillsaucen sind Deutschlands beliebteste Grillsaucen (auf Basis verkaufter Saucen): Ganz gleich, ob zu saftigen Steaks, W\xc3\xbcrstchen, Fisch oder Gem\xc3\xbcse \xe2\x80\x93 mit den unterschiedlichsten Varianten von Knoblauch bis Curry hat Knorr die passende Grillsauce immer servierfertig und griffbereit. Die abwechslungsreichen Grillsaucen in der charakteristischen Knorr-Glasflasche schmecken der ganzen Familie. Auch die Knorr Grillsaucen im praktischen Squeezer bieten au\xc3\x9fergew\xc3\xb6hnliche Geschmacksrichtungen und sind ein besonderer Genuss bei jeder Grillparty. In der praktischen und leichten Kopfsteherflasche aus Kunststoff sind die Grillsaucen besonders gut und sauber zu dosieren und somit ideal f\xc3\xbcr unterwegs und sofort einsetzbar. So einfach bringt man Abwechslung auf\xe2\x80\x98s Grillgut! Kennen Sie schon die vielen weiteren Produkte von Knorr? Dank unserer Fix-Produkte, Br\xc3\xbchen, Saucen, Fertiggerichten, Suppen und Salatdressings gelingt jedes Gericht garantiert mit wenigen Handgriffen. Schnell und einfach erhalten so authentische Mahlzeiten ihren typischen Geschmack \xe2\x80\x93 egal, ob abwechslungsreiche vegetarische oder vegane K\xc3\xbcche, herzhafte Fleischgerichte oder leckere Gem\xc3\xbcsevariationen. Dabei ist es die Komposition ausgew\xc3\xa4hlter hochwertiger Zutaten, die jedes Knorr Produkt besonders macht. Knorr verarbeitet nur sorgf\xc3\xa4ltig schonend getrocknete Zutaten, denn das Trocknen ist eine der \xc3\xa4ltesten Methoden, um Lebensmittel nat\xc3\xbcrlich haltbar zu machen. Da der Geschmack und die N\xc3\xa4hrstoffe der frischen Zutaten weitgehend erhalten bleiben, passen Lebensmittel aus getrockneten Zutaten perfekt in unseren stressigen Alltag. Essen mit Knorr ist unkompliziert und sorgt dar\xc3\xbcber hinaus f\xc3\xbcr ein gutes Gef\xc3\xbchl: \xc3\x9cber 90 Prozent der Zutaten kommen heute schon aus nachhaltigem Anbau. Denn wir bei Knorr glauben, dass die Verwendung nachhaltig angebauter und beschaffter Zutaten einen gro\xc3\x9fen Unterschied f\xc3\xbcr den Geschmack unserer Produkte, das WohlbeFinden der Landwirte und die Zukunft des Planeten macht. Knorr \xe2\x80\x93 Geschmack mit gutem Gef\xc3\xbchl.... mehr anzeigenDie cremige Knorr Knoblauch Sauce mit mildem Geschmack schmeckt ausgezeichnet zu Scampi, Salaten und verschiedenen Grillgerichten. Eine herrlich cremige Knoblauch Sauce von Knorr, verfeinert mit Zwiebelst\xc3\xbcckchen und Joghurt. Mit dieser leckeren W\xc3\xbcrzsauce kann die Grillparty beginnen. Der Knorr Grillsaucen-Klassiker in der Glasflasche ist ein unverzichtbarer Begleiter in der Grillsaison. \n\nKnorr Saucen inspirieren sowohl Kochk\xc3\xbcnstler als auch alle, die gerne Neues entdecken und in die Welt der exotischen Gen\xc3\xbcsse eintauchen m\xc3\xb6chten. Das Sortiment an Knorr Grillsaucen bietet etwas f\xc3\xbcr jeden Geschmack und jede Gelegenheit. Etwa eine Grillparty mit Familie und Freuden \xe2\x80\x93 doch ohne Grillsaucen keine richtige Grillparty. \n\nDie Knorr Saucen sind ideal f\xc3\xbcr allerlei gebratene oder gegrillte Fleischsorten, verschiedene Fische oder diverse Meeresfr\xc3\xbcchte. Die Devise lautet: selbst ausprobieren und jedes Gericht zu einem kulinarischen Fest mit guter Stimmung verwandeln. Millionen zufriedener Verbraucher vertrauen bereits auf Knorr und greifen immer \xc3\xb6fter nach dem Produkt. Die handliche Flasche der Grillsauce ist leicht dosierbar und daher perfekt f\xc3\xbcr unterwegs. Dank gesunder Zutaten und einer hohen Qualit\xc3\xa4t werden Knorr Saucen zunehmend auch f\xc3\xbcr die abwechslungsreiche vegetarische und vegane K\xc3\xbcche empfohlen. \n\nAufbewahrungs- und Verwendungshinweise: Vor Gebrauch sch\xc3\xbctteln. Nach dem \xc3\x96ffnen im K\xc3\xbchlschrank aufbewahren. \n\nSind schon die vielen weiteren Produkte von Knorr bekannt? Dank der Fix-Produkte, So\xc3\x9fen, Fertiggerichte, Suppen, Salatdressings, Br\xc3\xbchen und Bouillons gelingt jedes Gericht garantiert mit wenigen Handgriffen. Schnell und einfach erhalten authentische Mahlzeiten so ihren typischen Geschmack \xe2\x80\x93 egal, ob abwechslungsreiche vegetarische oder vegane K\xc3\xbcche, herzhafte Fleischgerichte oder leckere Gem\xc3\xbcsevariationen. Dabei ist es die Komposition ausgew\xc3\xa4hlter hochwertiger Zutaten, die jedes Knorr Produkt besonders macht. Knorr verarbeitet nur sorgf\xc3\xa4ltig schonend getrocknete Zutaten, denn das Trocknen ist eine der \xc3\xa4ltesten Methoden, um Lebensmittel nat\xc3\xbcrlich haltbar zu machen. Da der Geschmack und die Hauptn\xc3\xa4hrstoffe der frischen Zutaten weitgehend erhalten bleiben, passen Lebensmittel aus getrockneten Zutaten perfekt in unseren stressigen Alltag. Essen mit Knorr ist unkompliziert und sorgt dar\xc3\xbcber hinaus f\xc3\xbcr ein gutes Gef\xc3\xbchl: 95 Prozent unserer Gem\xc3\xbcse und Kr\xc3\xa4uter stammen heute schon aus nachhaltigem Anbau. Denn wir bei Knorr glauben, dass die Verwendung nachhaltig angebauter und beschaffter Zutaten einen gro\xc3\x9fen Unterschied f\xc3\xbcr den Geschmack unserer Produkte, das Wohlbefinden der Landwirte und die Zukunft des Planeten macht. Knorr. Gutes, nat\xc3\xbcrlich lecker!Zutaten & AllergeneZutaten: Trinkwasser, Raps\xc3\xb6l, MAGERMILCHJOGHURT, Zucker, modifizierte St\xc3\xa4rke, Branntweinessig, Zwiebeln, SELLERIE, EIGELB, Speisesalz, 1,2 % Knoblauch, Gew\xc3\xbcrze (mit SENFSAAT), Zitronensaftkonzentrat, Aromen, Petersilie.N\xc3\xa4hrwerteDurchschnittliche N\xc3\xa4hrwerteUnzubereitet pro 100 mlEnergie1.044 kJEnergie249 kcalFett21 gFett, davon ges\xc3\xa4ttigte Fetts\xc3\xa4uren1,9 gKohlenhydrate12 gKohlenhydrate, davon Zucker9,1 gBallaststoffe< 0,5 gEiwei\xc3\x9f1 gSalz1,6 gHinweiseAufbewahrungs- und Verwendungshinweis: Nach dem \xc3\x96ffnen im K\xc3\xbchlschrank aufbewahren.ArtikeldetailsMarke: KnorrUrsprungsland: DeutschlandKontaktKontaktname: Unilever DeutschlandKontaktadresse: Postfach 570 550, 22774 HamburgMaximale Bestellmenge: 15 St\xc3\xbcckF\xc3\xbcr die vorstehenden Angaben wird keine Haftung \xc3\xbcbernommen. Bitte pr\xc3\xbcfen Sie im Einzelfall die Angaben auf der jeweiligen Produktverpackung, nur diese sind verbindlich.Das Produktdesign kann von der Abbildung abweichen.'",Felix-Wankel-Strasse 20,Rewe,Kochen & Backen,2023-07-09,"Gültig ab morgen bis Samstag, 15.07.2023"
REWE Beste Wahl Bolognese Pasta Sauce,https://img.rewe-static.de/REWE_CENTER_HZ28_2023/7123786/27851232-24_digital-image.png?impolicy=s-offers&imwidth=200&output-format=image/webp,,https://shop.rewe.de/p/hipp-hippis-anton-affe-bio-apfel-birne-banane-100g/3246427,,"je 380-ml-Glas , (1 l = 4.18)",Aktion,"1,59 €","b'ProduktbeschreibungArtikelnummer 7123786Zutaten & AllergeneZutaten: Passierte Tomaten 61%, Rindfleisch 28%, Gem\xc3\xbcse 6% (Karotten, Zwiebeln, Knoblauch), Zucker, Salz, S\xc3\xa4uerungsmittel Milchs\xc3\xa4ure, Sonnenblumen\xc3\xb6l, Kr\xc3\xa4uter, Gew\xc3\xbcrze.    Zusatzstoffe: E 270N\xc3\xa4hrwerteDurchschnittliche N\xc3\xa4hrwertepro 100 mlEnergie392 kJEnergie94 kcalFett4,6 gFett, davon ges\xc3\xa4ttigte Fetts\xc3\xa4uren2,3 gKohlenhydrate6,1 gKohlenhydrate, davon Zucker5 gEiwei\xc3\x9f5,9 gSalz1,4 gHinweiseAufbewahrungshinweise: Nach dem \xc3\x96ffnen im K\xc3\xbchlschrank aufbewahren und innerhalb von 3-4 Tagen verbrauchen.Verwendungshinweise: Trocken lagern. Vor W\xc3\xa4rme sch\xc3\xbctzen.ArtikeldetailsMarke: REWE Beste WahlUrsprungsland: ItalienKontaktKontaktname: LA DORIA S.P.A.Kontaktadresse: Via Nazionale, 320, Angri, 84012, ItalienMaximale Bestellmenge: 15 St\xc3\xbcckF\xc3\xbcr die vorstehenden Angaben wird keine Haftung \xc3\xbcbernommen. Bitte pr\xc3\xbcfen Sie im Einzelfall die Angaben auf der jeweiligen Produktverpackung, nur diese sind verbindlich.Das Produktdesign kann von der Abbildung abweichen.'",Felix-Wankel-Strasse 20,Rewe,Kochen & Backen,2023-07-09,"Gültig ab morgen bis Samstag, 15.07.2023"
Fabbri Amarenakirschen,https://img.rewe-static.de/REWE_CENTER_HZ28_2023/3797015/1603730-43_digital-image.png?impolicy=s-offers&imwidth=200&output-format=image/webp,,https://shop.rewe.de/p/hipp-hippis-anton-affe-bio-apfel-birne-banane-100g/3246427,,"Frucht in Sirup , je 230-g-Glas , (1 kg = 39.90) , 100-g-Abtropfgew.",Aktion,"3,99 €","b'ProduktbeschreibungArtikelnummer 3797015Zutaten & AllergeneZutaten: Zucker, Sauerkirschen (43%), Glukose Sirup, Wasser, Sauerkirschen saft (4%), S\xc3\xa4uerungsmittel Zitronens\xc3\xa4ure, Aromen, Farbstoff Anthocyane aus Pflanzenextrakt.N\xc3\xa4hrwerteDurchschnittliche N\xc3\xa4hrwerteUnzubereitet pro 100 gEnergie1.160 kJEnergie273 kcalFett0 gFett, davon ges\xc3\xa4ttigte Fetts\xc3\xa4uren0 gKohlenhydrate67 gKohlenhydrate, davon Zucker61 gEiwei\xc3\x9f0 gSalz0,03 gArtikeldetailsMarke: FabbriNettof\xc3\xbcllmenge: 230 GUrsprungsland: ItalienAbtropfgewicht: 100 gKontaktKontaktname: G. Fabbri Deutschland GmbHKontaktadresse: Witneystr. 1 - 82008 UnterhachingMaximale Bestellmenge: 15 St\xc3\xbcckF\xc3\xbcr die vorstehenden Angaben wird keine Haftung \xc3\xbcbernommen. Bitte pr\xc3\xbcfen Sie im Einzelfall die Angaben auf der jeweiligen Produktverpackung, nur diese sind verbindlich.Das Produktdesign kann von der Abbildung abweichen.'",Felix-Wankel-Strasse 20,Rewe,Kochen & Backen,2023-07-09,"Gültig ab morgen bis Samstag, 15.07.2023"
Saupiquet Thunfisch,https://img.rewe-static.de/REWE_CENTER_HZ28_2023/2071371/2519210-44_digital-image.png?impolicy=s-offers&imwidth=200&output-format=image/webp,,https://shop.rewe.de/p/hipp-hippis-anton-affe-bio-apfel-birne-banane-100g/3246427,,"Naturale ohne Öl oder in Sonnenblumenöl , je 185-g-Dose , (1 kg = 17.79) , 140-g-Abtropfgew.",Aktion,"2,49 €","b'ProduktbeschreibungArtikelnummer 2071371Zutaten & AllergeneZutaten: THUNFISCH (Skipjack, Katsuwonus pelamis), Wasser, Salz.Allergenhinweise: Enth\xc3\xa4lt: Fisch und Fischerzeugnisse.N\xc3\xa4hrwerteDurchschnittliche N\xc3\xa4hrwerteUnzubereitet pro 100 gEnergie410 kJEnergie97 kcalFett0,5 gFett, davon ges\xc3\xa4ttigte Fetts\xc3\xa4uren0,2 gKohlenhydrate0 gKohlenhydrate, davon Zucker0 gBallaststoffe0 gEiwei\xc3\x9f23 gSalz1,3 gHinweiseAufbewahrungs- und Verwendungshinweis: Mindestens haltbar bis: siehe VerpackungsaufdruckArtikeldetailsMarke: SaupiquetNettof\xc3\xbcllmenge: 185 GUrsprungsland: EcuadorAbtropfgewicht: 140 gSorte: Naturale ohne \xc3\x96lKontaktKontaktname: Saupiquet D GmbHKontaktadresse: Postfach 9307, 47750 KrefeldMaximale Bestellmenge: 15 St\xc3\xbcckF\xc3\xbcr die vorstehenden Angaben wird keine Haftung \xc3\xbcbernommen. Bitte pr\xc3\xbcfen Sie im Einzelfall die Angaben auf der jeweiligen Produktverpackung, nur diese sind verbindlich.Das Produktdesign kann von der Abbildung abweichen.'",Felix-Wankel-Strasse 20,Rewe,Kochen & Backen,2023-07-09,"Gültig ab morgen bis Samstag, 15.07.2023"
Oryza Reisspezialität,https://img.rewe-static.de/REWE_CENTER_HZ28_2023/2600315/1231150-46_digital-image.png?impolicy=s-offers&imwidth=200&output-format=image/webp,,https://shop.rewe.de/p/hipp-hippis-anton-affe-bio-apfel-birne-banane-100g/3246427,,"Himalaya Basmati , je 500-g-Btl , (1 kg = 3.58)",Aktion,"1,79 €","b'ProduktbeschreibungArtikelnummer 2600315Zutaten & AllergeneZutaten: Basmati ReisAllergenhinweise: Enth\xc3\xa4lt: Keine deklarationspflichtigen Allergene enthalten.N\xc3\xa4hrwerteDurchschnittliche N\xc3\xa4hrwerteUnzubereitet pro 100 gEnergie1.469 kJEnergie351 kcalFett1 gFett, davon ges\xc3\xa4ttigte Fetts\xc3\xa4uren0,3 gKohlenhydrate75 gKohlenhydrate, davon Zucker0,5 gBallaststoffe3,6 gEiwei\xc3\x9f8,8 gSalz0,01 gHinweiseAufbewahrungs- und Verwendungshinweis: Produkt vor W\xc3\xa4rme sch\xc3\xbctzen und trocken lagern.ArtikeldetailsMarke: OryzaUrsprungsland: BelgienKontaktKontaktname: Euryza GmbHKontaktadresse: Paul-Dessau-Str. 5, 22761 HamburgMaximale Bestellmenge: 15 St\xc3\xbcckF\xc3\xbcr die vorstehenden Angaben wird keine Haftung \xc3\xbcbernommen. Bitte pr\xc3\xbcfen Sie im Einzelfall die Angaben auf der jeweiligen Produktverpackung, nur diese sind verbindlich.Das Produktdesign kann von der Abbildung abweichen.'",Felix-Wankel-Strasse 20,Rewe,Kochen & Backen,2023-07-09,"Gültig ab morgen bis Samstag, 15.07.2023"
Schogetten,https://img.rewe-static.de/REWE_CENTER_HZ28_2023/4287649/20865137-48_digital-image.png?impolicy=s-offers&imwidth=200&output-format=image/webp,,https://shop.rewe.de/p/schogetten-vollmilch-100g/4287649,,"versch. Sorten , je 100-g-Tafel , (1 kg = 6.90)",Knaller,"0,69 €","ProduktbeschreibungArtikelnummer 4287649Zutaten & AllergeneZutaten: Zucker, Kakaobutter, SAHNEPULVER, Kakaomasse, VOLLMILCHPULVER, BUTTERREINFETT, Emulgator (SOJALECITHINE), Vanilleextrakt.Kann Spuren von Erdnüssen, Schalenfrüchten, Gluten und Ei enthalten.Allergenhinweise: Enthält: Milch und Milcherzeugnisse (einschließlich Lactose). Soja und Sojaerzeugnisse. Kann enthalten: Erdnüsse und Erdnusserzeugnisse. Nüsse und Nusserzeugnisse. Glutenhaltiges Getreide und glutenhaltige Getreideerzeugnisse. Eier und Eierzeugnisse.NährwerteDurchschnittliche NährwerteUnzubereitet pro 100 gEnergie2.332 kJEnergie559 kcalFett35 gFett, davon gesättigte Fettsäuren21 gKohlenhydrate55 gKohlenhydrate, davon Zucker54 gEiweiß5,2 gSalz0,15 gHinweiseAufbewahrungs- und Verwendungshinweis: Bitte vor Wärme und Feuchtigkeit schützen.Information: Alpenvollmilchschokolade: Kakao: 30% mindestens.ArtikeldetailsMarke: SchogettenUrsprungsland: DeutschlandSorte: VollmilchKontaktKontaktname: Luwdig Schokolade GmbH & Co. KGKontaktadresse: Postfach 2015, 66720 Saarlouis, DeutschlandFür die vorstehenden Angaben wird keine Haftung übernommen. Bitte prüfen Sie im Einzelfall die Angaben auf der jeweiligen Produktverpackung, nur diese sind verbindlich.Das Produktdesign kann von der Abbildung abweichen.",Felix-Wankel-Strasse 20,Rewe,Süßes & Salziges,2023-07-09,"Gültig ab morgen bis Samstag, 15.07.2023"
Mayka Schwarzwälder Sticks oder Brezel,https://img.rewe-static.de/REWE_CENTER_HZ28_2023/2604299/1862690-20_digital-image.png?impolicy=s-offers&imwidth=200&output-format=image/webp,,https://shop.rewe.de/p/mayka-sticks-200g/2604299,,"je 200-g-Btl , (1 kg = 4.95)",Aktion,"0,99 €","ProduktbeschreibungArtikelnummer 2604299schwarzwaldecht. knuspergut.Zutaten & AllergeneZutaten: WEIZENmehl, Palmfett, Meersalz, GERSTEnmalzmehl, SOJAmehl, Säureregulator: Natriumhydroxid. Kann Spuren von Sesam enthalten.Allergenhinweise: Enthält: Weizen und Weizenerzeugnisse (glutenhaltiges Getreide). Gerste und Gerstenerzeugnisse (glutenhaltiges Getreide). Soja und Sojaerzeugnisse. Kann enthalten: Sesamsamen und Sesamsamenerzeugnisse.NährwerteDurchschnittliche NährwerteUnzubereitet pro 100 gEnergie1.536 kJEnergie363 kcalFett4,2 gFett, davon gesättigte Fettsäuren1,9 gKohlenhydrate69 gKohlenhydrate, davon Zucker3,5 gBallaststoffe3,8 gEiweiß12 gSalz5 gHinweiseAufbewahrungs- und Verwendungshinweis: Trocken lagernArtikeldetailsMarke: MaykaUrsprungsland: DeutschlandKontaktKontaktname: MAYKA Naturbackwaren GmbHKontaktadresse: Brezelstraße 17 D-79418 SchliengenFür die vorstehenden Angaben wird keine Haftung übernommen. Bitte prüfen Sie im Einzelfall die Angaben auf der jeweiligen Produktverpackung, nur diese sind verbindlich.Das Produktdesign kann von der Abbildung abweichen.",Felix-Wankel-Strasse 20,Rewe,Süßes & Salziges,2023-07-09,"Gültig ab morgen bis Samstag, 15.07.2023"
Funny-Frisch Ofen Chips,https://img.rewe-static.de/REWE_CENTER_HZ28_2023/7778468/36482196-7_digital-image.png?impolicy=s-offers&imwidth=200&output-format=image/webp,,https://shop.rewe.de/p/mayka-sticks-200g/2604299,,"versch. Sorten , je 125-g-Btl , (1 kg = 10.32)",Aktion,"1,29 €","b'ProduktbeschreibungArtikelnummer 7778468Zutaten & AllergeneZutaten: Kartoffelpulver (61%), St\xc3\xa4rke, pflanzliche \xc3\x96le (Sonnenblume, Raps in ver\xc3\xa4nderlichen Gewichtsanteilen), Zucker, Speisesalz, Emulgator (Lecithine), Paprikapulver, Hefeextrakt, nat\xc3\xbcrliches Aroma, Tomatenpulver, Balsamicoessigpulver (Traubenmostkonzentrat, Weinessig), Zwiebelpulver, Aprikosenpulver, S\xc3\xa4ureregulator (Calciumphosphate), GERSTENMALZESSIGPULVER, Backtriebmittel (Natriumhydrogencarbonat), Chilipulver, Knoblauchpulver, f\xc3\xa4rbendes Lebensmittel (schwarzer Tee-Extrakt), S\xc3\xa4uerungsmittel (\xc3\x84pfels\xc3\xa4ure), Farbstoff (Paprikaextrakt), Kr\xc3\xa4uter, Gew\xc3\xbcrze, GERSTENMALZESSIGEXTRAKT, Branntweinessigpulver. Kann Spuren von SESAM, MILCH und WEIZEN enthalten.N\xc3\xa4hrwerteDurchschnittliche N\xc3\xa4hrwerteUnzubereitet pro 100 gEnergie1.709 kJEnergie405 kcalFett9,2 gFett, davon ges\xc3\xa4ttigte Fetts\xc3\xa4uren1,2 gFett, davon einfach unges\xc3\xa4ttigte Fetts\xc3\xa4uren0 gFett, davon mehrfach unges\xc3\xa4ttigte Fetts\xc3\xa4uren0 gKohlenhydrate72 gKohlenhydrate, davon Zucker7,3 gBallaststoffe4,4 gEiwei\xc3\x9f6,1 gSalz1,6 gArtikeldetailsMarke: Funny-frischUrsprungsland: DeutschlandKontaktKontaktname: Intersnack Deutschland SEKontaktadresse: Erna-Scheffler-Str. 3, DE-51103 K\xc3\xb6lnF\xc3\xbcr die vorstehenden Angaben wird keine Haftung \xc3\xbcbernommen. Bitte pr\xc3\xbcfen Sie im Einzelfall die Angaben auf der jeweiligen Produktverpackung, nur diese sind verbindlich.Das Produktdesign kann von der Abbildung abweichen.'",Felix-Wankel-Strasse 20,Rewe,Süßes & Salziges,2023-07-09,"Gültig ab morgen bis Samstag, 15.07.2023"
Dickmann’s Super Dickmann’s,https://img.rewe-static.de/REWE_CENTER_HZ28_2023/4205960/1363350-48_digital-image.png?impolicy=s-offers&imwidth=200&output-format=image/webp,,https://shop.rewe.de/p/mayka-sticks-200g/2604299,,"je 250-g-Pckg , (1 kg = 5.96)",Aktion,"1,49 €","b'ProduktbeschreibungArtikelnummer 4205960Mit Super Dickmann\xe2\x80\x99s geht der Spa\xc3\x9f los: knackige Schokolade, lockerer Schaum. Spa\xc3\x9f und Genuss f\xc3\xbcr dich und deine Lieblingsmenschen! G\xc3\xb6nn\xe2\x80\x98s dir und teil den Spa\xc3\x9f! Die original Super Dickmann\xe2\x80\x99s sind au\xc3\x9fen schokoladig-knackig, innen fluffig und dazu unverwechselbar durch das \xe2\x80\x9eD\xe2\x80\x9c auf der Knusper-Waffel. Ob gemeinsam mit der Familie, unterwegs mit Freunden oder als Mitbringsel zum Geburtstag \xe2\x80\x93 sie lassen sich zu jeder Gelegenheit genie\xc3\x9fen.Zutaten & AllergeneZutaten: Glukose-Fruktose-Sirup, Schokolade 24% (Zucker, Kakaobutter, Kakaomasse, magerer Kakao, VOLLMILCHPULVER, Emulgator Lecithine (SOJA), Vanilleextrakt), Waffel (WEIZENMEHL, Zucker, SAHNEPULVER, Palmfett, Emulgator Lecithine (SOJA), nat\xc3\xbcrliches Aroma, Backtriebmittel Natriumhydrogencarbonat, Salz), Feuchthaltemittel Sorbitsirup, H\xc3\x9cHNEREI-TROCKENEIWEISS*, nat\xc3\xbcrliches Aroma. KANN AUCH ANTEILE VON HASELNUSS, MANDEL UND ANDEREN N\xc3\x9cSSEN ENTHALTEN. * aus BodenhaltungAllergenhinweise: Enth\xc3\xa4lt: Eier und Eierzeugnisse. Milch und Milcherzeugnisse (einschlie\xc3\x9flich Lactose). Sonstige glutenhaltige Getreide oder Hybridst\xc3\xa4mme davon. Soja und Sojaerzeugnisse. Weizen und Weizenerzeugnisse (glutenhaltiges Getreide). Kann enthalten: N\xc3\xbcsse und Nusserzeugnisse. Mandeln und Mandelerzeugnisse. Kaschunuss und Kaschunusserzeugnisse. Haselnuss und Haselnusserzeugnisse. Pecannuss und Pecannusserzeugnisse. Queenslandnuss und Queenslandnusserzeugnisse. Paranuss und Paranusserzeugnisse. Pistazie und Pistazienerzeugnisse. Walnuss und Walnusserzeugnisse.N\xc3\xa4hrwerteDurchschnittliche N\xc3\xa4hrwerteUnzubereitet pro 100 gEnergie1.573 kJEnergie373 kcalFett10,1 gFett, davon ges\xc3\xa4ttigte Fetts\xc3\xa4uren5,9 gKohlenhydrate67,5 gKohlenhydrate, davon Zucker53 gEiwei\xc3\x9f2,9 gSalz0,08 gHinweiseAufbewahrungs- und Verwendungshinweis: Vor W\xc3\xa4rme sch\xc3\xbctzen!ArtikeldetailsMarke: StorckUrsprungsland: DeutschlandPackungsgr\xc3\xb6\xc3\x9fe: 12 St\xc3\xbcck, 336gKontaktKontaktname: AUGUST STORCK KGKontaktadresse: Waldstr. 27, D-13403 BerlinF\xc3\xbcr die vorstehenden Angaben wird keine Haftung \xc3\xbcbernommen. Bitte pr\xc3\xbcfen Sie im Einzelfall die Angaben auf der jeweiligen Produktverpackung, nur diese sind verbindlich.Das Produktdesign kann von der Abbildung abweichen.'",Felix-Wankel-Strasse 20,Rewe,Süßes & Salziges,2023-07-09,"Gültig ab morgen bis Samstag, 15.07.2023"
Kägi Fret Mini,https://img.rewe-static.de/REWE_CENTER_HZ28_2023/8348250/34556711-6_digital-image.png?impolicy=s-offers&imwidth=200&output-format=image/webp,,https://shop.rewe.de/p/mayka-sticks-200g/2604299,,"versch. Sorten , je 128-g-Pckg , (1 kg = 15.55)",Aktion,"1,99 €","b'ProduktbeschreibungArtikelnummer 8348250Zutaten & AllergeneZutaten: Zucker, Palmfett (nachhaltig; zertifiziert), WEIZENMEHL, VOLLMILCHPULVER, Kakaobutter*, Kakaomasse*, Kakaopulver*, HASELN\xc3\x9cSSE, gemahlene WEIZENFASERN, EIGELBPULVER, Emulgator: Lecithine (SOJA), Kochsalz, Backtriebmittel: Natriumhydrogencarbonat, Vanilleextrakt. * Rainforest Alliance Certified. Find out more at ra.orgN\xc3\xa4hrwerteDurchschnittliche N\xc3\xa4hrwerteUnzubereitet pro 100 gEnergie2.334 kJEnergie560 kcalFett35 gFett, davon ges\xc3\xa4ttigte Fetts\xc3\xa4uren25 gKohlenhydrate57 gKohlenhydrate, davon Zucker38 gEiwei\xc3\x9f6,5 gSalz0,25 gArtikeldetailsMarke: K\xc3\xa4giUrsprungsland: SchweizKontaktKontaktname: K\xc3\xa4gi S\xc3\xb6hne GmbHKontaktadresse: Richtergasse 7/HP/Top 1 A-1070 WienF\xc3\xbcr die vorstehenden Angaben wird keine Haftung \xc3\xbcbernommen. Bitte pr\xc3\xbcfen Sie im Einzelfall die Angaben auf der jeweiligen Produktverpackung, nur diese sind verbindlich.Das Produktdesign kann von der Abbildung abweichen.'",Felix-Wankel-Strasse 20,Rewe,Süßes & Salziges,2023-07-09,"Gültig ab morgen bis Samstag, 15.07.2023"
Mars Snickers,https://img.rewe-static.de/REWE_CENTER_HZ28_2023/1303474/40115911-6_digital-image.png?impolicy=s-offers&imwidth=200&output-format=image/webp,,https://shop.rewe.de/p/mayka-sticks-200g/2604299,,"je 5 x 50-g-Riegel-Pckg , (1 kg = 6.76)",Aktion,"1,69 €","b'ProduktbeschreibungArtikelnummer 13034745 Riegel einzeln verpackt. SNICKERS - und der Hunger ist gegessen! Das unschlagbare Original aus Vollmilchschokolade, ausgew\xc3\xa4hlten Erdn\xc3\xbcsse von bester Qualit\xc3\xa4t und zartem Karamell! Ideal zum Snacken und Genie\xc3\x9fen! Das unschlagbare Original mit dem unverwechselbaren Geschmack. Unter der knackigen Schale aus Vollmilchschokolade machen ausgew\xc3\xa4hlte Erdn\xc3\xbcsse, leckere Candy-Creme und zartes Karamell SNICKERS\xc2\xae zu einem echten Meisterwerk und dem beliebtesten Schokoladenriegel der Welt.Zutaten & AllergeneZutaten: Zucker, Glukosesirup, ERDN\xc3\x9cSSE, MAGERMILCHPULVER, Kakaobutter, Kakaomasse, Sonnenblumen\xc3\xb6l, Butterreinfett (MILCH), MILCHZUCKER, Molkepermeat (aus MILCH), Palmfett, Salz, Emulgator (SOJALECITHIN), H\xc3\x9cHNEREI-TROCKENEIWEISS. (Kann enthalten: HASELN\xc3\x9cSSE).Allergenhinweise: ERDN\xc3\x9cSSE, MAGERMILCHPULVER, MILCH, MILCHZUCKER, SOJALECITHIN, H\xc3\x9cHNEREI-TROCKENEIWEISS.Enth\xc3\xa4lt: Erdn\xc3\xbcsse und Erdnusserzeugnisse. Milch und Milcherzeugnisse (einschlie\xc3\x9flich Lactose). Milchzucker (Laktose). Soja und Sojaerzeugnisse. Eier und Eierzeugnisse. Kann enthalten: Haselnuss und Haselnusserzeugnisse. N\xc3\xbcsse und Nusserzeugnisse.N\xc3\xa4hrwerteDurchschnittliche N\xc3\xa4hrwerteUnzubereitet pro 100 gEnergie2.044 kJEnergie488 kcalFett23 gFett, davon ges\xc3\xa4ttigte Fetts\xc3\xa4uren7,8 gKohlenhydrate60 gKohlenhydrate, davon Zucker52 gEiwei\xc3\x9f8,7 gSalz0,64 gArtikeldetailsMarke: SnickersUrsprungsland: NiederlandeSorte: SnickersKontaktKontaktname: Mars GmbHKontaktadresse: Postfach 1414, D-82004 UnterhachingMaximale Bestellmenge: 15 St\xc3\xbcckF\xc3\xbcr die vorstehenden Angaben wird keine Haftung \xc3\xbcbernommen. Bitte pr\xc3\xbcfen Sie im Einzelfall die Angaben auf der jeweiligen Produktverpackung, nur diese sind verbindlich.Das Produktdesign kann von der Abbildung abweichen.'",Felix-Wankel-Strasse 20,Rewe,Süßes & Salziges,2023-07-09,"Gültig ab morgen bis Samstag, 15.07.2023"
Milka Cake & Choc,https://img.rewe-static.de/REWE_CENTER_HZ28_2023/1483700/20715624-26_digital-image.png?impolicy=s-offers&imwidth=200&output-format=image/webp,,https://shop.rewe.de/p/mayka-sticks-200g/2604299,,"je 175-g-Pckg , (1 kg = 9.66)",Aktion,"1,69 €","b'ProduktbeschreibungArtikelnummer 1483700Die perfekte Kombination aus fluffigem Teig und einem Kern aus fl\xc3\xbcssiger, zartschmelzender Milka Alpenmilch Schokolade! Einzeln verpackt. Einfach k\xc3\xb6stlich! Zutaten & AllergeneZutaten: WEIZENMEHL, Zucker, Glukose-Fruktose-Sirup, Raps\xc3\xb6l, EIER, Stabilisator (Glycerin), Kakaomasse, VOLLMILCHPULVER, Kakaobutter, MAGERMILCHPULVER, WEIZENST\xc3\x84RKE, Backtriebmittel (Diphosphate, Kaliumcarbonate), fettarmes Kakaopulver, S\xc3\xbc\xc3\x9fmolkenpulver (aus MILCH), Speisesalz, Emulgatoren (SOJALECITHINE, E472b, E475), Aromen (Enth\xc3\xa4lt MILCH), Glukosesirup, Verdickungsmittel (Xanthan). KANN N\xc3\x9cSSE ENTHALTEN.Allergenhinweise: WEIZENMEHL, EIER, VOLLMILCHPULVER, MAGERMILCHPULVER, WEIZENST\xc3\x84RKE, MILCH, SOJALECITHINE.Enth\xc3\xa4lt: Weizen und Weizenerzeugnisse (glutenhaltiges Getreide). Glutenhaltiges Getreide und glutenhaltige Getreideerzeugnisse. Eier und Eierzeugnisse. Milch und Milcherzeugnisse (einschlie\xc3\x9flich Lactose). Soja und Sojaerzeugnisse. Kann enthalten: N\xc3\xbcsse und Nusserzeugnisse.N\xc3\xa4hrwerteDurchschnittliche N\xc3\xa4hrwerteUnzubereitet pro 100 gEnergie1.799 kJEnergie429 kcalFett21 gFett, davon ges\xc3\xa4ttigte Fetts\xc3\xa4uren4,1 gKohlenhydrate56,5 gKohlenhydrate, davon Zucker31 gBallaststoffe1,5 gEiwei\xc3\x9f5,4 gSalz0,6 gHinweiseAufbewahrungs- und Verwendungshinweis: Trocken lagern und vor W\xc3\xa4rme sch\xc3\xbctzen.ArtikeldetailsMarke: MilkaUrsprungsland: FrankreichSorte: Cake & ChocKontaktKontaktname: Mondelez Deutschland GmbHKontaktadresse: D-28078 BremenMaximale Bestellmenge: 15 St\xc3\xbcckF\xc3\xbcr die vorstehenden Angaben wird keine Haftung \xc3\xbcbernommen. Bitte pr\xc3\xbcfen Sie im Einzelfall die Angaben auf der jeweiligen Produktverpackung, nur diese sind verbindlich.Das Produktdesign kann von der Abbildung abweichen.'",Felix-Wankel-Strasse 20,Rewe,Süßes & Salziges,2023-07-09,"Gültig ab morgen bis Samstag, 15.07.2023"
Milka Tender,https://img.rewe-static.de/REWE_CENTER_HZ28_2023/3075923/1234890-36_digital-image.png?impolicy=s-offers&imwidth=200&output-format=image/webp,,https://shop.rewe.de/p/mayka-sticks-200g/2604299,,"Milch , je 5 x 37-g-Pckg , (1 kg = 9.14)",Aktion,"1,69 €","b'ProduktbeschreibungArtikelnummer 3075923Tender ist der k\xc3\xb6stlich-lockere Kuchensnack von Milka: Feine Biskuit-Rolle gef\xc3\xbcllt mit leckerer Milchcr\xc3\xa8me, umh\xc3\xbcllt von zarter Milka Alpenmilch Schokolade. Einfach lecker! Zutaten & AllergeneZutaten: Zucker, WEIZENMEHL, EIER, Feuchthaltemittel (Sorbit, Glycerin), pflanzliche Fette (Palm, Palmkern), MAGERMILCHPULVER, Kakaobutter, Glukose-Fruktose-Sirup, Glukosesirup, Kakaomasse, Molkenpulver (aus MILCH), WEIZENST\xc3\x84RKE, BUTTEREINFETT, VOLLMILCHPULVER, WEIZENKLEIE, Emulgatoren (SOJALECITHINE, E475, E471, E476), Alkohol, Raps\xc3\xb6l, Backtriebmittel (Diphosphate, Natriumcarbonate), Speisesalz, Aromen (enth\xc3\xa4lt MILCH), Verdickungsmittel (Xanthan), Hefepulver. KANN ENTHALTEN: N\xc3\x9cSSE.Allergenhinweise: WEIZENMEHL, EIER, MAGERMILCHPULVER, MILCH, WEIZENST\xc3\x84RKE, BUTTEREINFETT, VOLLMILCHPULVER, WEIZENKLEIE, SOJALECITHINEEnth\xc3\xa4lt: Milch und Milcherzeugnisse (einschlie\xc3\x9flich Lactose). Soja und Sojaerzeugnisse. Weizen und Weizenerzeugnisse (glutenhaltiges Getreide). Eier und Eierzeugnisse. Glutenhaltiges Getreide und glutenhaltige Getreideerzeugnisse. Kann enthalten: N\xc3\xbcsse und Nusserzeugnisse.N\xc3\xa4hrwerteDurchschnittliche N\xc3\xa4hrwerteUnzubereitet pro 100 gEnergie1.705 kJEnergie407 kcalFett18 gFett, davon ges\xc3\xa4ttigte Fetts\xc3\xa4uren9,9 gKohlenhydrate56 gKohlenhydrate, davon Zucker34 gBallaststoffe1,2 gEiwei\xc3\x9f6 gSalz0,47 gHinweiseAufbewahrungs- und Verwendungshinweis: Trocken lagern und vor W\xc3\xa4rme sch\xc3\xbctzen.Information: Die Milchcremef\xc3\xbcllung enth\xc3\xa4lt 11 % Magermilchpulver und 6 % Vollmilchpulver.ArtikeldetailsMarke: MilkaUrsprungsland: FrankreichSorte: MilchKontaktKontaktname: Mondelez Deutschland GmbHKontaktadresse: D-28078 Bremen.Maximale Bestellmenge: 15 St\xc3\xbcckF\xc3\xbcr die vorstehenden Angaben wird keine Haftung \xc3\xbcbernommen. Bitte pr\xc3\xbcfen Sie im Einzelfall die Angaben auf der jeweiligen Produktverpackung, nur diese sind verbindlich.Das Produktdesign kann von der Abbildung abweichen.'",Felix-Wankel-Strasse 20,Rewe,Süßes & Salziges,2023-07-09,"Gültig ab morgen bis Samstag, 15.07.2023"
Hitschler Hitschies,https://img.rewe-static.de/REWE_CENTER_HZ28_2023/8002544/31009580-12_digital-image.png?impolicy=s-offers&imwidth=200&output-format=image/webp,,https://shop.rewe.de/p/mayka-sticks-200g/2604299,,"versch. Sorten , je 210-g-Btl , (1 kg = 7.10)",Aktion,"1,49 €","b'ProduktbeschreibungArtikelnummer 8002544Zutaten & AllergeneZutaten: Zucker, Glukosesirup, Palmfett, 5% Fruchtsaft aus Fruchtsaftkonzentrat: (Apfel, Pfirsich, Zitrone, Erdbeere, Himbeere); Gelatine*, Stabilisator: Gummi Arabicum; modifizierte St\xc3\xa4rke, S\xc3\xa4uerungsmittel: Milchs\xc3\xa4ure, Citronens\xc3\xa4ure; Aromen, Emulgator: Lecithine; Farbstoffe: Echtes Karmin, Kurkumin, Brillantblau FCF, Pflanzenkohle; \xc3\x9cberzugsmittel: Carnaubawachs, Schellack, Bienenwachs wei\xc3\x9f und gelb. *RindergelatineN\xc3\xa4hrwerteDurchschnittliche N\xc3\xa4hrwerteUnzubereitet pro 100 gEnergie1.692 kJEnergie400 kcalFett5,4 gFett, davon ges\xc3\xa4ttigte Fetts\xc3\xa4uren3 gKohlenhydrate86 gKohlenhydrate, davon Zucker67 gEiwei\xc3\x9f1,4 gSalz0,07 gHinweiseAufbewahrungs- und Verwendungshinweis: W\xc3\xa4rmegesch\xc3\xbctzt und trocken lagern.ArtikeldetailsMarke: HitschlerUrsprungsland: DeutschlandKontaktKontaktname: hitschler International GmbH & Co. KGKontaktadresse: 50855 K\xc3\xb6lnF\xc3\xbcr die vorstehenden Angaben wird keine Haftung \xc3\xbcbernommen. Bitte pr\xc3\xbcfen Sie im Einzelfall die Angaben auf der jeweiligen Produktverpackung, nur diese sind verbindlich.Das Produktdesign kann von der Abbildung abweichen.'",Felix-Wankel-Strasse 20,Rewe,Süßes & Salziges,2023-07-09,"Gültig ab morgen bis Samstag, 15.07.2023"
Dickmann’s Schoko Strolche,https://img.rewe-static.de/REWE_CENTER_HZ28_2023/5469872/1363360-27_digital-image.png?impolicy=s-offers&imwidth=200&output-format=image/webp,,https://shop.rewe.de/p/mayka-sticks-200g/2604299,,"je 200-g-Pckg , (1 kg = 7.45)",Aktion,"1,49 €","b'ProduktbeschreibungArtikelnummer 5469872Mit Dickmann\xe2\x80\x99s geht der Spa\xc3\x9f los: au\xc3\x9fen knackig, innen fluffig. In unserem mini Dickmann\xe2\x80\x98s Schoko Trio ist f\xc3\xbcr Jeden etwas dabei: Eine bunte Mischung kleiner Schaumk\xc3\xbcsse mit wei\xc3\x9fer Schokolade, Vollmilchschokolade und dunkler Schokolade. So kann sich jeder seine Lieblingssorte einfach rauspicken. Das bringt jede Menge Abwechslung und Spa\xc3\x9f: Ob f\xc3\xbcr den kleinen Snack zwischendurch, f\xc3\xbcr kleine und gro\xc3\x9fe Freunde, f\xc3\xbcr die ganze Familie oder zum Anbieten f\xc3\xbcr Bekannte und Kollegen.Zutaten & AllergeneZutaten: Glukose-Fruktose-Sirup, Schokolade (Zucker, Kakaomasse, Kakaobutter, Emulgator Lecithine (SOJA), Vanilleextrakt), Vollmilchschokolade (Zucker, VOLLMILCHPULVER, Kakaobutter, Kakaomasse, MOLKENERZEUGNIS, Emulgator Lecithine (SOJA), Vanilleextrakt), wei\xc3\x9fe Schokolade (Zucker, Kakaobutter, VOLLMILCHPULVER, SAHNEPULVER, MAGERMILCHPULVER, MILCHZUCKER, BUTTERMILCHPULVER, Emulgator Lecithine (SOJA), Salz, Vanilleextrakt), Waffel (WEIZENMEHL, Zucker, WEIZENST\xc3\x84RKE, Emulgator Lecithine (SOJA), Palmfett, SAHNEPULVER, Salz, Backtriebmittel Natriumhydrogencarbonat, nat\xc3\xbcrliches Aroma), Feuchthaltemittel Sorbitsirup, H\xc3\x9cHNEREI-TROCKENEIWEISS*, nat\xc3\xbcrliches Aroma. KANN AUCH ANTEILE VON HASELNUSS, MANDEL, ERDNUSS UND ANDEREN N\xc3\x9cSSEN ENTHALTEN. * aus BodenhaltungAllergenhinweise: Enth\xc3\xa4lt: Eier und Eierzeugnisse. Milch und Milcherzeugnisse (einschlie\xc3\x9flich Lactose). Sonstige glutenhaltige Getreide oder Hybridst\xc3\xa4mme davon. Soja und Sojaerzeugnisse. Weizen und Weizenerzeugnisse (glutenhaltiges Getreide). Kann enthalten: N\xc3\xbcsse und Nusserzeugnisse. Erdn\xc3\xbcsse und Erdnusserzeugnisse. Mandeln und Mandelerzeugnisse. Kaschunuss und Kaschunusserzeugnisse. Haselnuss und Haselnusserzeugnisse. Pecannuss und Pecannusserzeugnisse. Queenslandnuss und Queenslandnusserzeugnisse. Paranuss und Paranusserzeugnisse. Pistazie und Pistazienerzeugnisse. Walnuss und Walnusserzeugnisse.N\xc3\xa4hrwerteDurchschnittliche N\xc3\xa4hrwerteUnzubereitet pro 100 gEnergie1.769 kJEnergie421 kcalFett16 gFett, davon ges\xc3\xa4ttigte Fetts\xc3\xa4uren9,8 gKohlenhydrate64,2 gKohlenhydrate, davon Zucker50,1 gEiwei\xc3\x9f4,6 gSalz0,14 gHinweiseAufbewahrungs- und Verwendungshinweis: Vor W\xc3\xa4rme sch\xc3\xbctzenArtikeldetailsMarke: StorckUrsprungsland: DeutschlandKontaktKontaktname: AUGUST STORCK KGKontaktadresse: Waldstr. 27, D-13403 BerlinF\xc3\xbcr die vorstehenden Angaben wird keine Haftung \xc3\xbcbernommen. Bitte pr\xc3\xbcfen Sie im Einzelfall die Angaben auf der jeweiligen Produktverpackung, nur diese sind verbindlich.Das Produktdesign kann von der Abbildung abweichen.'",Felix-Wankel-Strasse 20,Rewe,Süßes & Salziges,2023-07-09,"Gültig ab morgen bis Samstag, 15.07.2023"
Lorenz NicNac's XL Fun Original,https://img.rewe-static.de/REWE_CENTER_HZ28_2023/8941026/39709437-8_digital-image.png?impolicy=s-offers&imwidth=200&output-format=image/webp,,https://shop.rewe.de/p/lorenz-nicnac-s-xl-170g/8941026,,"je 170-g-Btl , (1 kg = 13.06)",Aktion,"2,22 €","ProduktbeschreibungArtikelnummer 8941026NicNac’s, das sind knackige Erdnüsse umhüllt von einem würzigen Teigmantel. Durch die perfekte Kombination aus gerösteten Erdnüssen und einer knusprigen Teighülle entsteht der einzigartige Erdnuss-Snack mit dem ultimativen Double-Crunch-Effekt. Sorgfältig ausgewählte Erdnüsse umhüllt von einem knusprigen Teigmantel, geröstet in Sonnenblumenöl und mit der einzigartigen NicNac's Original Würze verfeinert. Ein echter Klassiker!Zutaten & AllergeneZutaten: ERDNUSSKERNE (49%), Stärke, pflanzliche Öle (Sonnenblume, Raps), WEIZENMEHL, Zucker, Speisesalz, modifizierte Stärke, ganz gehärtetes Rapsfett, Aroma (enthält WEIZEN, Hefeextrakt), Raucharoma, Maltodextrin, SÜßMOLKENPULVER, Zwiebelpulver, hydrolysiertes SOJAEIWEIß, Backtriebmittel: Diphosphate, Natriumcarbonate; KÄSEPULVER, Gewürze, Paprikaextrakt. Kann SCHALENFRÜCHTE enthalten.Allergenhinweise: Enthält: Erdnüsse und Erdnusserzeugnisse. Glutenhaltiges Getreide und glutenhaltige Getreideerzeugnisse. Milch und Milcherzeugnisse (einschließlich Lactose). Soja und Sojaerzeugnisse. Kann enthalten: Nüsse und Nusserzeugnisse.NährwerteDurchschnittliche NährwerteUnzubereitet pro 100 gEnergie2.259 kJEnergie543 kcalFett35 gFett, davon gesättigte Fettsäuren6,9 gKohlenhydrate37 gKohlenhydrate, davon Zucker7,1 gBallaststoffe5,8 gEiweiß17 gSalz2 gHinweiseAufbewahrungs- und Verwendungshinweis: Trocken lagern. Vor Wärme schützen.Information: Unter Schutzatmosphäre verpackt. WARNUNG: KLEINE KINDER KÖNNEN AN NÜSSEN ERSTICKEN.ArtikeldetailsMarke: LorenzUrsprungsland: DeutschlandKontaktKontaktname: The Lorenz Bahlsen Snack-World GmbH & Co KG GermanyKontaktadresse: Rathenaustr. 54, D-63263 Neu-IsenburgFür die vorstehenden Angaben wird keine Haftung übernommen. Bitte prüfen Sie im Einzelfall die Angaben auf der jeweiligen Produktverpackung, nur diese sind verbindlich.Das Produktdesign kann von der Abbildung abweichen.",Felix-Wankel-Strasse 20,Rewe,Süßes & Salziges,2023-07-09,"Gültig ab morgen bis Samstag, 15.07.2023"
Lorenz Snack-Hits,https://img.rewe-static.de/REWE_CENTER_HZ28_2023/0337472/2204220-43_digital-image.png?impolicy=s-offers&imwidth=200&output-format=image/webp,,https://shop.rewe.de/p/lorenz-snack-hits-320g/337472,,"je 320-g-Pckg , (1 kg = 6.94)",Aktion,"2,22 €","ProduktbeschreibungArtikelnummer 337472Der ultimative Knabber-Mix! Die große Vielfalt der Lorenz Marken in einer Packung. Kannst du dich manchmal nicht entscheiden, welche Snacks du deinen Freunden oder deiner Familie beim nächsten Spieleabend, Party oder gemütlichem Binge-Watching anbieten möchtest? Dann serviere doch alle – mit Snack-Hits von Lorenz! Die beliebteste Knabbermischung Deutschlands hält für alle etwas Leckeres bereit: knackige NicNac’s, zarte ErdnußLocken, luftig-lockere Pommels, die berühmten Saltletts-Klassiker, knusprig-zarte Chipsletten und goldgelbe Clubs Cracker. Da ist für jeden was dabei!Zutaten & AllergeneZutaten: WEIZENMEHL, pflanzliche Öle (Sonnenblume, Raps in veränderlichen Gewichtsanteilen), ERDNUSSKERNE, Kartoffelpulver, Stärke, Maisgrieß, Speisesalz, Zucker, GERSTENMALZEXTRAKT, Meersalz, modifizierte Stärke, Maltodextrin, ganz gehärtetes Rapsöl, Zwiebelpulver, Dextrose, VOLLMILCHPULVER, SÜSSMOLKENPULVER, Paprikapulver, hydrolisiertes SOJAEIWEIß, KÄSEPULVER, Paprikaextrakt, Gewürze, Tomatenpulver, Kurkumapulver, Aromen (enthalten WEIZENERZEUGNISSE), Raucharomen, Hefe, Hefeextrakt, Säureregulator: Natriumhydroxid; Backtriebmittel: Ammoniumhydrogencarbonat, Natriumhydrogencarbonat, Natriumcarbonate, Diphosphate; Emulgator: Mono- und Diglyceride von Speisefettsäuren; Antioxidationsmittel: stark tocopherolhaltige Extrakte. KANN SESAMSAMEN, EI UND SPUREN VON SCHALENFRÜCHTEN ENTHALTEN.Allergenhinweise: Enthält: Erdnüsse und Erdnusserzeugnisse. Gerste und Gerstenerzeugnisse (glutenhaltiges Getreide). Milch und Milcherzeugnisse (einschließlich Lactose). Soja und Sojaerzeugnisse. Weizen und Weizenerzeugnisse (glutenhaltiges Getreide). Kann enthalten: Eier und Eierzeugnisse. Nüsse und Nusserzeugnisse. Sesamsamen und Sesamsamenerzeugnisse.NährwerteDurchschnittliche NährwerteUnzubereitet pro 100 gEnergie1.995 kJEnergie476 kcalFett21 gFett, davon gesättigte Fettsäuren2,6 gKohlenhydrate59 gKohlenhydrate, davon Zucker4,2 gBallaststoffe3,5 gEiweiß11 gSalz2,2 gHinweiseAufbewahrungs- und Verwendungshinweis: Trocken lagern. Vor Wärme schützen.Information: Unter Schutzatmosphäre verpackt. WARNUNG: KLEINE KINDER KÖNNEN AN NÜSSEN ERSTICKEN.ArtikeldetailsMarke: LorenzKontaktKontaktname: The Lorenz Bahlsen Snack-World Sp. z o.o.Kontaktadresse: Sady k. Poznania, ul. Rolna 6, PL-62-080 Tarnowo PodgórneFür die vorstehenden Angaben wird keine Haftung übernommen. Bitte prüfen Sie im Einzelfall die Angaben auf der jeweiligen Produktverpackung, nur diese sind verbindlich.Das Produktdesign kann von der Abbildung abweichen.",Felix-Wankel-Strasse 20,Rewe,Süßes & Salziges,2023-07-09,"Gültig ab morgen bis Samstag, 15.07.2023"
Kambly Butterfly oder Éclats de Noisettes,https://img.rewe-static.de/REWE_CENTER_HZ28_2023/3270194/29271349-12_digital-image.png?impolicy=s-offers&imwidth=200&output-format=image/webp,,https://shop.rewe.de/p/kambly-butterfly-100g/3270194,,"je 100-g-Pckg , (1 kg = 22.90)",Aktion,"2,29 €","ProduktbeschreibungArtikelnummer 3270194Zutaten & AllergeneZutaten: WEIZENMEHL, Rohzucker, BUTTER 14%, MANDELN 10%, Zucker, Kartoffelstärke, RAHM, Backtriebmittel (Natriumcarbonate), Salz. Kann Spuren von HASELNÜSSEN, EIERN, PISTAZIEN enthalten.Allergenhinweise: Enthält: Milch und Milcherzeugnisse (einschließlich Lactose). Milchzucker (Laktose). Mandeln und Mandelerzeugnisse. Weizen und Weizenerzeugnisse (glutenhaltiges Getreide). Kann enthalten: Eier und Eierzeugnisse. Haselnuss und Haselnusserzeugnisse. Pistazie und Pistazienerzeugnisse.NährwerteDurchschnittliche NährwerteUnzubereitet pro 100 gEnergie2.002 kJEnergie477 kcalFett18 gFett, davon gesättigte Fettsäuren7,7 gKohlenhydrate70 gKohlenhydrate, davon Zucker33 gEiweiß7,3 gSalz0,46 gHinweiseAufbewahrungs- und Verwendungshinweis: Trocken lagern und vor Wärme schützen.Information: Unter Schutzatmosphäre verpackt.ArtikeldetailsMarke: KamblyUrsprungsland: DeutschlandKontaktKontaktname: Genuport Trade GmbHKontaktadresse: D-22848 NorderstedtFür die vorstehenden Angaben wird keine Haftung übernommen. Bitte prüfen Sie im Einzelfall die Angaben auf der jeweiligen Produktverpackung, nur diese sind verbindlich.Das Produktdesign kann von der Abbildung abweichen.",Felix-Wankel-Strasse 20,Rewe,Süßes & Salziges,2023-07-09,"Gültig ab morgen bis Samstag, 15.07.2023"
Amor di Pane Grissini,https://img.rewe-static.de/REWE_CENTER_HZ28_2023/2888425/34137359-6_digital-image.png?impolicy=s-offers&imwidth=200&output-format=image/webp,,https://shop.rewe.de/p/kambly-butterfly-100g/3270194,,"versch. Sorten , je 125-g-Pckg , (1 kg = 6.16)",Aktion,"0,77 €","b'ProduktbeschreibungArtikelnummer 2888425Zutaten & AllergeneZutaten: WEIZENMEHL, extra natives Oliven\xc3\xb6l (5%), Hefe, Salz (1,6%), gem\xc3\xa4lztes WEIZENMEHL, Antioxidationsmittel: Rosmarinextrakt. Kann Spuren von SESAM, SOJA, MILCH UND IHRE DERIVATE und SCHALENFR\xc3\x9cCHTE enthalten.N\xc3\xa4hrwerteDurchschnittliche N\xc3\xa4hrwerteUnzubereitet pro 100 gEnergie1.777 kJEnergie421 kcalFett9,5 gFett, davon ges\xc3\xa4ttigte Fetts\xc3\xa4uren1,5 gKohlenhydrate71,2 gKohlenhydrate, davon Zucker1,8 gBallaststoffe3,1 gEiwei\xc3\x9f11,2 gSalz2,2 gHinweiseAufbewahrungs- und Verwendungshinweis: K\xc3\xbchl und trocken lagern, vor Hitze sch\xc3\xbctzen.ArtikeldetailsUrsprungsland: ItalienKontaktKontaktname: Hosta - Werk f\xc3\xbcr Schokolade-Spezialit\xc3\xa4ten GmbH & Co. KGKontaktadresse: Greutstra\xc3\x9fe 9, 74597 Stimpfach-RandenweilerMaximale Bestellmenge: 15 St\xc3\xbcckF\xc3\xbcr die vorstehenden Angaben wird keine Haftung \xc3\xbcbernommen. Bitte pr\xc3\xbcfen Sie im Einzelfall die Angaben auf der jeweiligen Produktverpackung, nur diese sind verbindlich.Das Produktdesign kann von der Abbildung abweichen.'",Felix-Wankel-Strasse 20,Rewe,Süßes & Salziges,2023-07-09,"Gültig ab morgen bis Samstag, 15.07.2023"
Milka Schokolade,https://img.rewe-static.de/REWE_CENTER_HZ28_2023/0196479/3851190-69_digital-image.png?impolicy=s-offers&imwidth=200&output-format=image/webp,,https://shop.rewe.de/p/kambly-butterfly-100g/3270194,,"Alpenmilch oder Noisette , je 100-g-Tafel , (1 kg = 7.90)",Knaller,"0,79 €","b'ProduktbeschreibungArtikelnummer 196479Milkas Alpenmilch Schokoladentafel ist der Klassiker f\xc3\xbcr alle Schokoladen-Fans. Der leckere, zartschmelzende Schokoladengenuss aus 100% Alpenmilch darf in keinem Haushalt fehlen. Zutaten & AllergeneZutaten: Zucker, Kakaobutter, Kakaomasse, MAGERMILCHPULVER, S\xc3\xbcssmolkenpulver (aus MILCH), BUTTERREINFETT, Emulgator (SOJALECITHINE), HASELNUSSMASSE, Aroma. KANN ANDERE N\xc3\x9cSSE UND WEIZEN ENTHALTEN.Allergenhinweise: MAGERMILCHPULVER, MILCH, BUTTERREINFETT, SOJALECITHINE, HASELNUSSMASSEEnth\xc3\xa4lt: Soja und Sojaerzeugnisse. Haselnuss und Haselnusserzeugnisse. Milch und Milcherzeugnisse (einschlie\xc3\x9flich Lactose). N\xc3\xbcsse und Nusserzeugnisse. Kann enthalten: Weizen und Weizenerzeugnisse (glutenhaltiges Getreide). Glutenhaltiges Getreide und glutenhaltige Getreideerzeugnisse.N\xc3\xa4hrwerteDurchschnittliche N\xc3\xa4hrwerteUnzubereitet pro 100 gEnergie2.251 kJEnergie539 kcalFett31 gFett, davon ges\xc3\xa4ttigte Fetts\xc3\xa4uren19 gKohlenhydrate57 gKohlenhydrate, davon Zucker55 gBallaststoffe2,3 gEiwei\xc3\x9f6,5 gSalz0,28 gHinweiseAufbewahrungs- und Verwendungshinweis: Trocken lagern und vor W\xc3\xa4rme sch\xc3\xbctzen.Information: Kakao: 33% mindestens.ArtikeldetailsMarke: MilkaUrsprungsland: DeutschlandSorte: AlpenmilchKontaktKontaktname: Mondelez Deutschland GmbHKontaktadresse: D-28078 BremenMaximale Bestellmenge: 15 St\xc3\xbcckF\xc3\xbcr die vorstehenden Angaben wird keine Haftung \xc3\xbcbernommen. Bitte pr\xc3\xbcfen Sie im Einzelfall die Angaben auf der jeweiligen Produktverpackung, nur diese sind verbindlich.Das Produktdesign kann von der Abbildung abweichen.'",Felix-Wankel-Strasse 20,Rewe,Süßes & Salziges,2023-07-09,"Gültig ab morgen bis Samstag, 15.07.2023"
Storck Toffifee,https://img.rewe-static.de/REWE_CENTER_HZ28_2023/0205605/21816375-32_digital-image.png?impolicy=s-offers&imwidth=200&output-format=image/webp,,https://shop.rewe.de/p/kambly-butterfly-100g/3270194,,"je 125-g-Pckg , (1 kg = 7.92)",Aktion,"0,99 €","b'ProduktbeschreibungArtikelnummer 205605So viel Gutes steckt in Toffifee: Eine knackige Haselnuss in Karamell mit Nougatcreme und einem Klecks kr\xc3\xa4ftiger Schokolade - eine Kombination, die f\xc3\xbcr jeden Geschmack genau das Richtige bietet. Es steckt viel Spa\xc3\x9f in Toffifee! Egal ob jung oder \xc3\xa4lter, gro\xc3\x9f oder klein, Mama oder Papa, gro\xc3\x9fer Bruder, kleine Schwester - in Toffifee steckt, was allen schmeckt: Leckeres Karamell, knackig ger\xc3\xb6stete Haselnuss, zarte Nougatcreme sowie eine kr\xc3\xa4ftige Schokoladenschicht als T\xc3\xbcpfelchen auf dem \xe2\x80\x9eMmhh\xe2\x80\x9c.  Mit Toffifee kommt der Spa\xc3\x9f in jedes zu Hause.Zutaten & AllergeneZutaten: Zucker, pflanzliche Fette (Palm, Shea), HASELN\xc3\x9cSSE, Glukosesirup, MAGERMILCHPULVER, Feuchthaltemittel Sorbitsirup, Kakaomasse, kondensierte MAGERMILCH, kondensierte S\xc3\x9cSSMOLKE, MILCHZUCKER, magerer Kakao, Kakaobutter, BUTTERREINFETT, Rohrzuckersirup, MOLKENERZEUGNIS, Emulgator Lecithine (SOJA), Salz, Aromen. KANN AUCH MANDEL, ERDNUSS UND ANDERE N\xc3\x9cSSE ENTHALTEN.Allergenhinweise: Enth\xc3\xa4lt: Milch und Milcherzeugnisse (einschlie\xc3\x9flich Lactose). N\xc3\xbcsse und Nusserzeugnisse. Soja und Sojaerzeugnisse. Haselnuss und Haselnusserzeugnisse. Kann enthalten: Erdn\xc3\xbcsse und Erdnusserzeugnisse. Mandeln und Mandelerzeugnisse. Kaschunuss und Kaschunusserzeugnisse. Pecannuss und Pecannusserzeugnisse. Macadamianuss und Macadamianusserzeugnisse. Paranuss und Paranusserzeugnisse. Pistazie und Pistazienerzeugnisse. Walnuss und Walnusserzeugnisse.N\xc3\xa4hrwerteDurchschnittliche N\xc3\xa4hrwerteUnzubereitet pro 100 gEnergie2.177 kJEnergie521 kcalFett29 gFett, davon ges\xc3\xa4ttigte Fetts\xc3\xa4uren12,7 gKohlenhydrate58,9 gKohlenhydrate, davon Zucker48,8 gEiwei\xc3\x9f6 gSalz0,27 gHinweiseAufbewahrungs- und Verwendungshinweis: Vor W\xc3\xa4rme sch\xc3\xbctzen!ArtikeldetailsMarke: ToffifeeUrsprungsland: DeutschlandPackungsgr\xc3\xb6\xc3\x9fe: 125gKontaktKontaktname: AUGUST STORCK KGKontaktadresse: Waldstr. 27, D-13403 BerlinMaximale Bestellmenge: 15 St\xc3\xbcckF\xc3\xbcr die vorstehenden Angaben wird keine Haftung \xc3\xbcbernommen. Bitte pr\xc3\xbcfen Sie im Einzelfall die Angaben auf der jeweiligen Produktverpackung, nur diese sind verbindlich.Das Produktdesign kann von der Abbildung abweichen.'",Felix-Wankel-Strasse 20,Rewe,Süßes & Salziges,2023-07-09,"Gültig ab morgen bis Samstag, 15.07.2023"
Belli Cantuccini,https://img.rewe-static.de/REWE_CENTER_HZ28_2023/0218662/22322908-38_digital-image.png?impolicy=s-offers&imwidth=200&output-format=image/webp,,https://shop.rewe.de/p/kambly-butterfly-100g/3270194,,"je 250-g-Btl , (1 kg = 10.36)",Aktion,"2,59 €","b""ProduktbeschreibungArtikelnummer 218662Mit 25% Mandelanteil. Zutaten & AllergeneZutaten: WEIZENMEHL, Zucker, MANDELN (25%), pasteurisierte VOLLEIER, pasteurisiertes H\xc3\x9cHNEREIGELB, BUTTER, Bl\xc3\xbctenhonig, Salz. Backtriebmittel: Ammoniumhydrogencarbonat, Dinatriumdiphosphat, Natriumhydrogencarbonat, Aromen. Kann Spuren von anderen SCHALENFR\xc3\x9cCHTEN und SOJA enthalten.Allergenhinweise: Enth\xc3\xa4lt: Weizen und Weizenerzeugnisse (glutenhaltiges Getreide). Mandeln und Mandelerzeugnisse. Eier und Eierzeugnisse. Milch und Milcherzeugnisse (einschlie\xc3\x9flich Lactose). Kann enthalten: Soja und Sojaerzeugnisse. N\xc3\xbcsse und Nusserzeugnisse.N\xc3\xa4hrwerteDurchschnittliche N\xc3\xa4hrwerteUnzubereitet pro 100 gEnergie1.774 kJEnergie424 kcalFett16 gFett, davon ges\xc3\xa4ttigte Fetts\xc3\xa4uren3 gKohlenhydrate60 gKohlenhydrate, davon Zucker32 gEiwei\xc3\x9f10 gSalz0,06 gHinweiseAufbewahrungs- und Verwendungshinweis: K\xc3\xbchl und trocken lagern.ArtikeldetailsUrsprungsland: ItalienKontaktKontaktname: Biscottificio Belli srlKontaktadresse: Via dell'Albereto, 26/28/30, I-50041 Calenzano - FirenzeMaximale Bestellmenge: 15 St\xc3\xbcckF\xc3\xbcr die vorstehenden Angaben wird keine Haftung \xc3\xbcbernommen. Bitte pr\xc3\xbcfen Sie im Einzelfall die Angaben auf der jeweiligen Produktverpackung, nur diese sind verbindlich.Das Produktdesign kann von der Abbildung abweichen.""",Felix-Wankel-Strasse 20,Rewe,Süßes & Salziges,2023-07-09,"Gültig ab morgen bis Samstag, 15.07.2023"
Mitsuba Thai Chilli Crispies,https://img.rewe-static.de/REWE_CENTER_HZ28_2023/8349986/30311577-9_digital-image.png?impolicy=s-offers&imwidth=200&output-format=image/webp,,https://shop.rewe.de/p/kambly-butterfly-100g/3270194,,"je 85-g-Pckg , (1 kg = 17.53)",Aktion,"1,49 €","b""ProduktbeschreibungArtikelnummer 8349986You've found the real Asian flavour experience with Mitsuba! Our range of extraordinary savoury snacks inspired by the spices & herbs you can discover across Asia. Each pack is full of flavours and satisfying crunchy textures. Discover real Asian flavours. With a Crunch! Inspired by Kyoto Wasabi flavoured. MSG free. Palm oil free. Inspired by Phuket. Sweet chilli flavoured.Zutaten & AllergeneZutaten: 45% Jasminreis, Sonnenblumenol, Zucker, Tapiokast\xc3\xa4rke,Sojaso\xc3\x9fe (Wasser, SOJABOHNEN, WEIZEN, Salz,) Salz, Knoblauchpulver, 0,3% Chillipulver, Farbstoff(Paprikaextrakt), S\xc3\xbc\xc3\x9fholzpulver, S\xc3\xa4ureregulator(Citronens\xc3\xa4ure). Kann ERDN\xc3\x9cSSEN, SCHALENFR\xc3\x9cCHTE & SESAM enthalten.Allergenhinweise: Enth\xc3\xa4lt: Soja und Sojaerzeugnisse. Weizen und Weizenerzeugnisse (glutenhaltiges Getreide). Glutenhaltiges Getreide und glutenhaltige Getreideerzeugnisse. Kann enthalten: Erdn\xc3\xbcsse und Erdnusserzeugnisse. N\xc3\xbcsse und Nusserzeugnisse. Sesamsamen und Sesamsamenerzeugnisse.N\xc3\xa4hrwerteDurchschnittliche N\xc3\xa4hrwerteUnzubereitet pro 100 gEnergie2.254 kJEnergie540 kcalFett32,3 gFett, davon ges\xc3\xa4ttigte Fetts\xc3\xa4uren2,8 gKohlenhydrate58,1 gKohlenhydrate, davon Zucker14,5 gBallaststoffe1,3 gEiwei\xc3\x9f3,6 gSalz2,4 gHinweiseAufbewahrungs- und Verwendungshinweis: K\xc3\xbchl, trocken und lichtgesch\xc3\xbctzt lagern.Information: Unter Schutzatmosph\xc3\xa4re verpackt.ArtikeldetailsMarke: MitsubaUrsprungsland: NiederlandeKontaktKontaktname: MitsubaKontaktadresse: P.O. Box 43464, 2504 AL The Hague, NLF\xc3\xbcr die vorstehenden Angaben wird keine Haftung \xc3\xbcbernommen. Bitte pr\xc3\xbcfen Sie im Einzelfall die Angaben auf der jeweiligen Produktverpackung, nur diese sind verbindlich.Das Produktdesign kann von der Abbildung abweichen.""",Felix-Wankel-Strasse 20,Rewe,Süßes & Salziges,2023-07-09,"Gültig ab morgen bis Samstag, 15.07.2023"
Mitsuba Japanese Peanut Crunch & Crispies,https://img.rewe-static.de/REWE_CENTER_HZ28_2023/8348948/31504369-13_digital-image.png?impolicy=s-offers&imwidth=200&output-format=image/webp,,https://shop.rewe.de/p/kambly-butterfly-100g/3270194,,"je 100-g-Btl , (1 kg = 14.90)",Aktion,"1,49 €","b'ProduktbeschreibungArtikelnummer 8348948Zutaten & AllergeneZutaten: 53% Reis, WEIZENMEHL, Zucker, 8% ERDN\xc3\x9cSSE, modifizierte Maisst\xc3\xa4rke, 5% Sojaso\xc3\x9fe (Wasser, SOJABOHNEN, WEIZEN, Salz), SESAM, Glukosesirup, 0,7% Meeresalgen, Maltodextrin, Hefeextrakt, Salz, St\xc3\xa4rke (Tapioka, Kartoffel), Farbstoff (Zuckerkul\xc3\xb6r, Paprikaextrakt, E141).Allergenhinweise: Enth\xc3\xa4lt: Weizen und Weizenerzeugnisse (glutenhaltiges Getreide). Erdn\xc3\xbcsse und Erdnusserzeugnisse. Soja und Sojaerzeugnisse.N\xc3\xa4hrwerteDurchschnittliche N\xc3\xa4hrwerteUnzubereitet pro 100 gEnergie1.661 kJEnergie393 kcalFett5,2 gFett, davon ges\xc3\xa4ttigte Fetts\xc3\xa4uren1,1 gKohlenhydrate76 gKohlenhydrate, davon Zucker13,2 gBallaststoffe4,1 gEiwei\xc3\x9f8,6 gSalz1,3 gHinweiseAufbewahrungs- und Verwendungshinweis: Mindestens haltbar bis Ende: siehe VerpackungsaufdruckArtikeldetailsMarke: MitsubaEigenschaften: *Neu*KontaktKontaktname: Menken Orlando B.V.,Kontaktadresse: Kerketuinenweg 35, NL-2544 CV, Den Haag, The NetherlandsMaximale Bestellmenge: 15 St\xc3\xbcckF\xc3\xbcr die vorstehenden Angaben wird keine Haftung \xc3\xbcbernommen. Bitte pr\xc3\xbcfen Sie im Einzelfall die Angaben auf der jeweiligen Produktverpackung, nur diese sind verbindlich.Das Produktdesign kann von der Abbildung abweichen.'",Felix-Wankel-Strasse 20,Rewe,Süßes & Salziges,2023-07-09,"Gültig ab morgen bis Samstag, 15.07.2023"
Alwa Mineralwasser,https://img.rewe-static.de/REWE_CENTER_HZ28_2023/7271554/27910389-9_digital-image.png?impolicy=s-offers&imwidth=200&output-format=image/webp,,https://shop.rewe.de/p/kambly-butterfly-100g/3270194,,"versch. Sorten , je 12 x 0,75-l-Fl.-Kasten , (1 l = 0.44) , zzgl. 3.30 Pfand",Knaller,"3,99 €","b'ProduktbeschreibungArtikelnummer 7271554Zutaten & AllergeneZutaten: Mineralwasser, Kohlens\xc3\xa4ure.N\xc3\xa4hrwerteDurchschnittliche N\xc3\xa4hrwerteUnzubereitet pro 1 lCalcium520 mgMagnesium65 mgHinweiseInformation: Quellort: Sersheim; Quellname: alwaAnalysenauszug Mineralien - in mg/L:Natrium 17Kalium 5,4Calcium 520Magnesium 65Chlorid 29Sulfat 1170Hydrogencarbonat 415Analyse des Institut Dr. L\xc3\xb6rcher und Partner mbB, Ludwigsburg, best\xc3\xa4tigt durch laufende Kontrollen.ArtikeldetailsMarke: AlwaNettof\xc3\xbcllmenge: 0,75 LEigenschaften: RegionalPackungsgr\xc3\xb6\xc3\x9fe: 0,75lKontaktKontaktname: alwa Mineralbrunnen GmbHKontaktadresse: 74372 SersheimF\xc3\xbcr die vorstehenden Angaben wird keine Haftung \xc3\xbcbernommen. Bitte pr\xc3\xbcfen Sie im Einzelfall die Angaben auf der jeweiligen Produktverpackung, nur diese sind verbindlich.Das Produktdesign kann von der Abbildung abweichen.'",Felix-Wankel-Strasse 20,Rewe,Alkoholfreie Getränke,2023-07-09,"Gültig ab morgen bis Samstag, 15.07.2023"
Eiszeit Quell,https://img.rewe-static.de/REWE_CENTER_HZ28_2023/2100223/3798720-22_digital-image.png?impolicy=s-offers&imwidth=200&output-format=image/webp,,https://shop.rewe.de/p/kambly-butterfly-100g/3270194,,"versch. Sorten , je 9 x 1-l-Fl.-Kasten , (1 l = 0.67) , zzgl. 3.75 Pfand",Knaller,"5,99 €","ProduktbeschreibungArtikelnummer 2100223NährwerteDurchschnittliche NährwerteUnzubereitet pro 1 lKalium3,8 mgChlorid3,2 mgCalcium135 mgMagnesium35 mgFluorid0,6 mgBikarbonat354 mgNatrium6,9 mgSulfat 4+200 mgHinweiseAufbewahrungs- und Verwendungshinweis: Vor Sonnenlicht und Wärme schützenInformation: Kieselsäure 14,8mg/l Quellort:Reutlingen Quellname:Eiszeitquell Analyseinstitut des Chemischen Instituts FreseniusArtikeldetailsMarke: EiszeitquellNettofüllmenge: 1 LPackungsgröße: 1,0lx9KontaktKontaktname: Romina Mineralbrunnen GmbHKontaktadresse: 72768 ReutlingenMaximale Bestellmenge: 15 StückFür die vorstehenden Angaben wird keine Haftung übernommen. Bitte prüfen Sie im Einzelfall die Angaben auf der jeweiligen Produktverpackung, nur diese sind verbindlich.Das Produktdesign kann von der Abbildung abweichen.",Felix-Wankel-Strasse 20,Rewe,Alkoholfreie Getränke,2023-07-09,"Gültig ab morgen bis Samstag, 15.07.2023"
Pfanner IceTea,https://img.rewe-static.de/REWE_CENTER_HZ28_2023/0794902/1858640-51_digital-image.png?impolicy=s-offers&imwidth=200&output-format=image/webp,,https://shop.rewe.de/p/pfanner-ice-tea-lemon-lime-2l/794902,,"versch. Sorten , je 2-l-Pckg , (1 l = 0.56)",Knaller,"1,11 €","ProduktbeschreibungArtikelnummer 794902Pfanner IceTea Lemon-Lime wird aus erlesenen Schwarzteesorten nach höchsten Qualitätsansprüchen frisch aufgebrüht. Hagebutten und Hibiskusblüten runden die feinherbe Schwarzteebasis ausgewogen ab. Fruchtiger Zitronensaft und ein Spritzer Limettensaft verfeinern Pfanner IceTea Lemon-Lime zu einem erfrischenden Geschmackserlebnis. Zutaten & AllergeneZutaten: Aufguss aus schwarzem Tee, Hagebutte und Hibiskusblüte (Wasser,schwarzer Tee, Hagebutte, Hibiskusblüte), Zucker, Zitronensaft (1%) aus Zitronensaftkonzentrat,Limettensaft (1%) aus Limettensaftkonzentrat, Säuerungsmittel Citronensäure, Aroma. Tee-Extrakt: mind. 1,2 g/l.NährwerteDurchschnittliche NährwerteUnzubereitet pro 100 mlEnergie110 kJEnergie26 kcalFett< 0,5 gFett, davon gesättigte Fettsäuren< 0,1 gKohlenhydrate6,3 gKohlenhydrate, davon Zucker6,3 gEiweiß< 0,5 gSalz< 0,01 gHinweiseAufbewahrungs- und Verwendungshinweis: Nach dem Öffnen gekühlt aufbewahren und innerhalb von 3 Tagen aufbrauchen.ArtikeldetailsMarke: PfannerNettofüllmenge: 2 LUrsprungsland: Europäische UnionKontaktKontaktname: Hermann Pfanner Getränke GmbHKontaktadresse: Alte Landstraße 10, 6923 Lauterach, AustriaFür die vorstehenden Angaben wird keine Haftung übernommen. Bitte prüfen Sie im Einzelfall die Angaben auf der jeweiligen Produktverpackung, nur diese sind verbindlich.Das Produktdesign kann von der Abbildung abweichen.",Felix-Wankel-Strasse 20,Rewe,Alkoholfreie Getränke,2023-07-09,"Gültig ab morgen bis Samstag, 15.07.2023"
Orangina Limonade Original,https://img.rewe-static.de/REWE_CENTER_HZ28_2023/8157671/28274487-6_digital-image.png?impolicy=s-offers&imwidth=200&output-format=image/webp,,https://shop.rewe.de/p/pfanner-ice-tea-lemon-lime-2l/794902,,"je 0,5-l-Fl , (1 l = 1.98) , zzgl. 0.25 Pfand",Aktion,"0,99 €","b'ProduktbeschreibungArtikelnummer 8157671Zutaten & AllergeneZutaten: Wasser, Mehrfruchtsaft aus Fruchtsaftkonzentraten (Orange 10%, Zitrone, Mandarine, Grapefruit), Zucker , 2 % Fruchtfleisch (Orange, Mandarine) , Kohlens\xc3\xa4ure, Orangenschalenextrakt, nat\xc3\xbcrliches Orangenaroma.N\xc3\xa4hrwerteDurchschnittliche N\xc3\xa4hrwerteUnzubereitet pro 100 mlEnergie183 kJEnergie43 kcalFett0 gFett, davon ges\xc3\xa4ttigte Fetts\xc3\xa4uren0 gKohlenhydrate10 gKohlenhydrate, davon Zucker10 gBallaststoffe0 gEiwei\xc3\x9f0 gSalz0 gHinweiseAufbewahrungs- und Verwendungshinweis: Bitte k\xc3\xbchl und dunkel lagernArtikeldetailsMarke: OranginaNettof\xc3\xbcllmenge: 0,5 LUrsprungsland: DeutschlandKontaktKontaktname: Schweppes Deutschland GmbHKontaktadresse: Hagener Stra\xc3\x9fe 261, 57223 KreuztalF\xc3\xbcr die vorstehenden Angaben wird keine Haftung \xc3\xbcbernommen. Bitte pr\xc3\xbcfen Sie im Einzelfall die Angaben auf der jeweiligen Produktverpackung, nur diese sind verbindlich.Das Produktdesign kann von der Abbildung abweichen.'",Felix-Wankel-Strasse 20,Rewe,Alkoholfreie Getränke,2023-07-09,"Gültig ab morgen bis Samstag, 15.07.2023"
Untouched Mineralwasser Still,https://img.rewe-static.de/REWE_CENTER_HZ28_2023/8840493/39206695-6_digital-image.png?impolicy=s-offers&imwidth=200&output-format=image/webp,,https://shop.rewe.de/productList?search=8840493,,"je 0,5-l-Fl , (1 l = 1.98) , zzgl. 0.25 Pfand",Aktion,"0,99 €",,Felix-Wankel-Strasse 20,Rewe,Alkoholfreie Getränke,2023-07-09,"Gültig ab morgen bis Samstag, 15.07.2023"
Bionade,https://img.rewe-static.de/REWE_CENTER_HZ28_2023/0674450/25360165-8_digital-image.png?impolicy=s-offers&imwidth=200&output-format=image/webp,,https://shop.rewe.de/productList?search=8840493,,"versch. Sorten , je 12 x 0,33-l-Fl.-Kasten , (1 l = 2.02) , zzgl. 2.46 Pfand",Aktion,"7,99 €","b'ProduktbeschreibungArtikelnummer 674450Zutaten & AllergeneZutaten: Wasser, Zucker*, GERSTENmalz*, Holunderbeerensaft (1,7%) aus Holunderbeerensaftkonzentrat*, Kohlens\xc3\xa4ure, nat\xc3\xbcrliches Apfelsaft-, Orangen-, Blutorangen-Aroma*, S\xc3\xa4ureregulatoren Calcium- u.Magnesiumcarbonat, *Kontrolliert biologischer Anbau.N\xc3\xa4hrwerteDurchschnittliche N\xc3\xa4hrwerteUnzubereitet pro 100 mlEnergie95 kJEnergie22 kcalFett< 0,5 gFett, davon ges\xc3\xa4ttigte Fetts\xc3\xa4uren< 0,1 gKohlenhydrate5 gKohlenhydrate, davon Zucker5 gEiwei\xc3\x9f< 0,5 gSalz< 0,01 gArtikeldetailsMarkeBionadeNettof\xc3\xbcllmenge0,33 LEigenschaftenBio\xc3\x96kologische HerkunftEU/Nicht-EU Landwirtschaft\xc3\x96ko KontrollstelleDE-\xc3\x96KO-012Packungsgr\xc3\xb6\xc3\x9fe0,33lx12KontaktKontaktname: Bionade GmbHKontaktadresse: 97645 Ostheim vor der Rh\xc3\xb6nMaximale Bestellmenge: 15 St\xc3\xbcckF\xc3\xbcr die vorstehenden Angaben wird keine Haftung \xc3\xbcbernommen. Bitte pr\xc3\xbcfen Sie im Einzelfall die Angaben auf der jeweiligen Produktverpackung, nur diese sind verbindlich.Das Produktdesign kann von der Abbildung abweichen.'",Felix-Wankel-Strasse 20,Rewe,Alkoholfreie Getränke,2023-07-09,"Gültig ab morgen bis Samstag, 15.07.2023"
Volvic Bio Teegetränk,https://img.rewe-static.de/REWE_CENTER_HZ28_2023/8279796/29189621-10_digital-image.png?impolicy=s-offers&imwidth=200&output-format=image/webp,,https://shop.rewe.de/productList?search=8840493,,"versch. Sorten , je 0,75-l-Fl , (1 l = 1.72) , zzgl. 0.25 Pfand",Aktion,"1,29 €","b'ProduktbeschreibungArtikelnummer 8279796Volvic Bio Tee - Ein einzigartiges Geschmackserlebnis aus besten Zutaten in Bio-Qualit\xc3\xa4t.\nF\xc3\xbcr Tee-Liebhaber und Bio-Fans gibt es Volvic jetzt in drei au\xc3\x9fergew\xc3\xb6hnlichen\nKompositionen inspiriert von den m\xc3\xa4chtigsten Vulkanen der Welt.\nBegeistert von der einzigartigen Erhabenheit des Piton de la Fournaise im exotischen\nInselparadies La Reunion, haben wir unseren Hibiskus Tee mit Litschi Maracuja-Geschmack kreiert.\nVolvic Bio Tee ist leckerer Eistee aus besten Zutaten in Bio-Qualit\xc3\xa4t \xe2\x80\x93 nat\xc3\xbcrlich, zuckerreduziert und mit wenig Kalorien.\nVolvic Bio Tee\n- Einzigartig nat\xc3\xbcrlicher Geschmack in den Sorten Hibiskus Tee, Rooibos Tee, Wei\xc3\x9fer Tee\n- Zuckerreduziert, mit wenig Kalorien\n- Nat\xc3\xbcrliche Zutaten in Bio-Qualit\xc3\xa4t\n- 100% nat\xc3\xbcrliche Aromen... mehr anzeigenZutaten & AllergeneZutaten: Nat\xc3\xbcrliches Mineralwasser Volvic (95%), Bio-Zucker, Bio-Zitronensaft aus Zitronensaftkonzentrat (1,6%), Bio-Hibiskus-Aufguss (0,09%), nat\xc3\xbcrliches Litschi-Passionsfrucht-Aroma, nat\xc3\xbcrliches Passionsfrucht-Aroma, f\xc3\xa4rbendes Bio-Konzentrat aus Holunderbeere, Apfel und schwarzer Johannisbeere.Allergenhinweise: Enth\xc3\xa4lt: Keine deklarationspflichtigen Allergene enthalten.N\xc3\xa4hrwerteDurchschnittliche N\xc3\xa4hrwerteUnzubereitet pro 100 mlEnergie56 kJEnergie13 kcalFett0 gFett, davon ges\xc3\xa4ttigte Fetts\xc3\xa4uren0 gKohlenhydrate3,1 gKohlenhydrate, davon Zucker3,1 gEiwei\xc3\x9f0 gSalz< 0,01 gHinweiseAufbewahrungs- und Verwendungshinweis: Nach dem \xc3\x96ffnen im K\xc3\xbchlschrank aufbewahren und innerhalb von 3 Tagen aufbrauchen. K\xc3\xbchl & trocken lagern sowie vor direkter Sonneneinstrahlung sch\xc3\xbctzen.ArtikeldetailsMarke: VolvicNettof\xc3\xbcllmenge: 0,75 LEigenschaften: BioUrsprungsland: Frankreich\xc3\x96ko Kontrollstelle: FR-BIO-01KontaktKontaktname: Danone Deutschland GmbHKontaktadresse: Postfach 100359, 60003 Frankfurt DeutschlandF\xc3\xbcr die vorstehenden Angaben wird keine Haftung \xc3\xbcbernommen. Bitte pr\xc3\xbcfen Sie im Einzelfall die Angaben auf der jeweiligen Produktverpackung, nur diese sind verbindlich.Das Produktdesign kann von der Abbildung abweichen.'",Felix-Wankel-Strasse 20,Rewe,Alkoholfreie Getränke,2023-07-09,"Gültig ab morgen bis Samstag, 15.07.2023"
Vio Flavour Water,https://img.rewe-static.de/REWE_CENTER_HZ28_2023/8874805/37819131-2_digital-image.png?impolicy=s-offers&imwidth=200&output-format=image/webp,,https://shop.rewe.de/productList?search=8840493,,"versch. Sorten , je 1-l-Fl , zzgl. 0.25 Pfand",Aktion,"0,99 €",nan,Felix-Wankel-Strasse 20,Rewe,Alkoholfreie Getränke,2023-07-09,"Gültig ab morgen bis Samstag, 15.07.2023"
Karamalz,https://img.rewe-static.de/REWE_CENTER_HZ28_2023/0146790/22381314-3_digital-image.png?impolicy=s-offers&imwidth=200&output-format=image/webp,,https://shop.rewe.de/productList?search=8840493,,"alkoholfreies Malzgetränk , je 20 x 0,5-l-Fl.-Kasten , (1 l = 1.15) , zzgl. 3.10 Pfand",Aktion,"11,49 €","b'ProduktbeschreibungArtikelnummer 146790Karamalz Classic ist ein alkoholfreies Malzgetr\xc3\xa4nk mit der charakteristischen Karamell-Note, die auch namensgebend f\xc3\xbcr Karamalz ist. Durch die Verwendung bester Zutaten, dem Einsatz des typischen Karamell-Malzes und der richtigen Dosis Kohlens\xc3\xa4ure entsteht der einzigartige Geschmack von Karamalz Classic. Die Mixtur der wertvollen Inhaltsstoffe wie Hopfenextrakt und Gerstenmalz - mit der nat\xc3\xbcrlichen Kraft aus Maltose - liefert seit\xc3\xbcber 50 Jahren lecker-starken Trinkgenuss. Es ist somit das ideale Getr\xc3\xa4nk am Ende eines herausfordernden und spannenden Tages und ein Genuss f\xc3\xbcr die ganze Familie.Zutaten & AllergeneZutaten: Wasser, GERSTENMALZ, Glucose-Fructose Sirup, Kohlens\xc3\xa4ure, Hopfenextrakt.N\xc3\xa4hrwerteDurchschnittliche N\xc3\xa4hrwerteUnzubereitet pro 100 mlEnergie184 kJEnergie44 kcalFett0 gFett, davon ges\xc3\xa4ttigte Fetts\xc3\xa4uren0 gKohlenhydrate10,5 gKohlenhydrate, davon Zucker8 gEiwei\xc3\x9f< 0,4 gSalz< 0,01 gHinweiseAufbewahrungs- und Verwendungshinweis: K\xc3\xbchl und dunkel lagernArtikeldetailsMarke: KaramalzNettof\xc3\xbcllmenge: 0,5 LPackungsgr\xc3\xb6\xc3\x9fe: 0,5lx20KontaktKontaktname: Privatbrauerei Eichbaum GmbH & Co.KGKontaktadresse: K\xc3\xa4fertaler Stra\xc3\x9fe 170, 68167 MannheimMaximale Bestellmenge: 15 St\xc3\xbcckF\xc3\xbcr die vorstehenden Angaben wird keine Haftung \xc3\xbcbernommen. Bitte pr\xc3\xbcfen Sie im Einzelfall die Angaben auf der jeweiligen Produktverpackung, nur diese sind verbindlich.Das Produktdesign kann von der Abbildung abweichen.'",Felix-Wankel-Strasse 20,Rewe,Alkoholfreie Getränke,2023-07-09,"Gültig ab morgen bis Samstag, 15.07.2023"
Sinalco Orangenlimonade,https://img.rewe-static.de/REWE_CENTER_HZ28_2023/0064822/2879460-37_digital-image.png?impolicy=s-offers&imwidth=200&output-format=image/webp,,https://shop.rewe.de/productList?search=8840493,,"je 1,25-l-Fl , (1 l = 0.63) , zzgl. 0.25 Pfand",Aktion,"0,79 €","b'ProduktbeschreibungArtikelnummer 64822Zutaten & AllergeneZutaten: Nat\xc3\xbcrliches Mineralwasser, Zucker, Orangensaft aus Orangensaftkonzentrat (5%), Kohlens\xc3\xa4ure, S\xc3\xa4uerungsmittel Citronens\xc3\xa4ure, Orangenextrakt, f\xc3\xa4rbendes Lebensmittel Karottensaftkonzentrat, Vitamin C, nat\xc3\xbcrliches Orangenaroma mit anderen nat\xc3\xbcrlichen Aromen, S\xc3\xa4ureregulator Trinatriumcitrat, Stabilisator Johannisbrotkernmehl.N\xc3\xa4hrwerteDurchschnittliche N\xc3\xa4hrwerteUnzubereitet pro 100 mlEnergie167 kJEnergie39 kcalFett0 gFett, davon ges\xc3\xa4ttigte Fetts\xc3\xa4uren0 gKohlenhydrate9,5 gKohlenhydrate, davon Zucker9,5 gEiwei\xc3\x9f0 gSalz0,06 gVitamin C12 mgHinweiseAufbewahrungs- und Verwendungshinweis: Vor Sonnenlicht und W\xc3\xa4rme sch\xc3\xbctzenInformation: Fruchtgehalt: 5%ArtikeldetailsMarke: SinalcoNettof\xc3\xbcllmenge: 1,25 LUrsprungsland: DeutschlandPackungsgr\xc3\xb6\xc3\x9fe: 1,25lKontaktKontaktname: Deutsche Sinalco GmbH Markengetr\xc3\xa4nke & co. KG, In Lizenz der Sinalco International GmbH & Co. KGKontaktadresse: D- 47179 DuisburgMaximale Bestellmenge: 15 St\xc3\xbcckF\xc3\xbcr die vorstehenden Angaben wird keine Haftung \xc3\xbcbernommen. Bitte pr\xc3\xbcfen Sie im Einzelfall die Angaben auf der jeweiligen Produktverpackung, nur diese sind verbindlich.Das Produktdesign kann von der Abbildung abweichen.'",Felix-Wankel-Strasse 20,Rewe,Alkoholfreie Getränke,2023-07-09,"Gültig ab morgen bis Samstag, 15.07.2023"
"Gerolsteiner Schorle, Limo, Tee oder Fruity",https://img.rewe-static.de/REWE_CENTER_HZ28_2023/0913150/35561510-9_digital-image.png?impolicy=s-offers&imwidth=200&output-format=image/webp,,https://shop.rewe.de/productList?search=8840493,,"versch. Sorten , je 0,75-l-Fl , (1 l = 1.32) , zzgl. 0.25 Pfand",Aktion,"0,99 €",nan,Felix-Wankel-Strasse 20,Rewe,Alkoholfreie Getränke,2023-07-09,"Gültig ab morgen bis Samstag, 15.07.2023"
Vitamalz Alkoholfreies Malzgetränk,https://img.rewe-static.de/REWE_CENTER_HZ28_2023/4366212/1247100-15_digital-image.png?impolicy=s-offers&imwidth=200&output-format=image/webp,,https://shop.rewe.de/p/vitamalz-6x0-33l/4366212,,"je 6 x 0,33-l-Fl.-Sixpack , (1 l = 1.76) , zzgl. 0.48 Pfand",Aktion,"3,49 €","ProduktbeschreibungArtikelnummer 4366212Zutaten & AllergeneZutaten: Wasser, GERSTENMALZ, Glucose-Fructose-Sirup, Kohlensäure, HopfenextraktNährwerteDurchschnittliche NährwerteUnzubereitet pro 100 mlEnergie179 kJEnergie42 kcalKohlenhydrate10,2 gKohlenhydrate, davon Zucker7,9 gArtikeldetailsMarke: VitamalzNettofüllmenge: 0,33 LPackungsgröße: 0,33lx6KontaktKontaktname: Vitamalz GmbHKontaktadresse: Hagener Str. 261, 57223 KreuztalFür die vorstehenden Angaben wird keine Haftung übernommen. Bitte prüfen Sie im Einzelfall die Angaben auf der jeweiligen Produktverpackung, nur diese sind verbindlich.Das Produktdesign kann von der Abbildung abweichen.",Felix-Wankel-Strasse 20,Rewe,Alkoholfreie Getränke,2023-07-09,"Gültig ab morgen bis Samstag, 15.07.2023"
Deit oder Spezi,https://img.rewe-static.de/REWE_CENTER_HZ28_2023/0574152/6524320-22_digital-image.png?impolicy=s-offers&imwidth=200&output-format=image/webp,,https://shop.rewe.de/p/vitamalz-6x0-33l/4366212,,"versch. Sorten, teilw. koffeinhaltig , je 0,75-l-Fl , (1 l = 1.19) , zzgl. 0.25 Pfand",Aktion,"0,89 €","b'ProduktbeschreibungArtikelnummer 574152DEIT verf\xc3\xbchrt zum Tr\xc3\xa4umen vom S\xc3\xbcden und dem Land, wo die Zitronen bl\xc3\xbchen. Feinherbe Fruchtigkeit, prickelndes Mineralwasser und viele Vitamine \xe2\x80\x93 ganz ohne \xc3\xbcberfl\xc3\xbcssige Kalorien. Die perfekte Mischung f\xc3\xbcr figurbewusste Genie\xc3\x9fer!\nDEIT. Null Zucker, viele Vitamine, voller Fruchtgeschmack!Zutaten & AllergeneZutaten: Nat\xc3\xbcrliches Mineralwasser, Kohlens\xc3\xa4ure, Zitronen- und Orangensaftkonzentrat, konzentrierter Zitronenextrakt, S\xc3\xa4uerungsmittel Citronens\xc3\xa4ure, S\xc3\xbc\xc3\x9fungsmittel Natriumcyclamat, Acesulfam K, Aspartam und Natriumsaccharin, Vitaminmischung (Vitamin C, Vitamin E, Niacin, Pantothenat, Vitamin B6, Fols\xc3\xa4ure, Vitamin B12), nat\xc3\xbcrliches Citrusaroma, Stabilisatoren Guarkernmehl und Pektin.N\xc3\xa4hrwerteDurchschnittliche N\xc3\xa4hrwerteUnzubereitet pro 100 mlEnergie12 kJEnergie3 kcalFett0 gFett, davon ges\xc3\xa4ttigte Fetts\xc3\xa4uren0 gKohlenhydrate0 gKohlenhydrate, davon Zucker0 gEiwei\xc3\x9f0 gSalz0,01 gVitamin E1,8 mgVitamin C8 mgNiacin2,4 mgFols\xc3\xa4ure30 \xc2\xb5gPantothens\xc3\xa4ure0,9 mgVitamin B60,21 mgVitamin B120,25 \xc2\xb5gHinweiseAufbewahrungs- und Verwendungshinweis: Vor W\xc3\xa4rme und Licht sch\xc3\xbctzen.Information: Enth\xc3\xa4lt eine Phenylalaninquelle.ArtikeldetailsMarke: DeitNettof\xc3\xbcllmenge: 0,75 LUrsprungsland: DeutschlandPackungsgr\xc3\xb6\xc3\x9fe: 0,75lKontaktKontaktname: DrinkStar GmbHKontaktadresse: D-83026 RosenheimF\xc3\xbcr die vorstehenden Angaben wird keine Haftung \xc3\xbcbernommen. Bitte pr\xc3\xbcfen Sie im Einzelfall die Angaben auf der jeweiligen Produktverpackung, nur diese sind verbindlich.Das Produktdesign kann von der Abbildung abweichen.'",Felix-Wankel-Strasse 20,Rewe,Alkoholfreie Getränke,2023-07-09,"Gültig ab morgen bis Samstag, 15.07.2023"
Sanpellegrino Limonade,https://img.rewe-static.de/REWE_CENTER_HZ28_2023/7836277/34639276-11_digital-image.png?impolicy=s-offers&imwidth=200&output-format=image/webp,,https://shop.rewe.de/p/vitamalz-6x0-33l/4366212,,"versch. Sorten , je 0,33-l-Dose , (1 l = 2.70) , zzgl. 0.25 Pfand",Aktion,"0,89 €","b'ProduktbeschreibungArtikelnummer 7836277Zutaten & AllergeneZutaten: Wasser, Orangensaft aus Orangensaftkonzentrat (16%), Zucker, Kohlens\xc3\xa4ure, Zitronensaftkonzentrat, Orangenextrakt (0,1%), nat\xc3\xbcrliches Orangenaroma.N\xc3\xa4hrwerteDurchschnittliche N\xc3\xa4hrwerteUnzubereitet pro 100 mlEnergie149 kJEnergie35 kcalFett0 gFett, davon ges\xc3\xa4ttigte Fetts\xc3\xa4uren0 gKohlenhydrate8,1 gKohlenhydrate, davon Zucker8,1 gBallaststoffe0,1 gEiwei\xc3\x9f0,1 gSalz0 gHinweiseAufbewahrungs- und Verwendungshinweis: Vor Sonne und Frost sch\xc3\xbctzen und an einem sauberen, trockenen, k\xc3\xbchlen und geruchlosen Ort lagern.ArtikeldetailsMarke: San PellegrinoNettof\xc3\xbcllmenge: 0,33 LUrsprungsland: ItalienKontaktKontaktname: SANPELLEGRINO S.p.A.Kontaktadresse: San PellegrinoTerme (BG)Localit\xc3\xa0 Ruspino24016 - ItalienMaximale Bestellmenge: 15 St\xc3\xbcckF\xc3\xbcr die vorstehenden Angaben wird keine Haftung \xc3\xbcbernommen. Bitte pr\xc3\xbcfen Sie im Einzelfall die Angaben auf der jeweiligen Produktverpackung, nur diese sind verbindlich.Das Produktdesign kann von der Abbildung abweichen.'",Felix-Wankel-Strasse 20,Rewe,Alkoholfreie Getränke,2023-07-09,"Gültig ab morgen bis Samstag, 15.07.2023"
Rauch Eis Tee,https://img.rewe-static.de/REWE_CENTER_HZ28_2023/8028256/30756925-10_digital-image.png?impolicy=s-offers&imwidth=200&output-format=image/webp,,https://shop.rewe.de/p/vitamalz-6x0-33l/4366212,,"versch. Sorten , je 1,5-l-Fl , (1 l = 0.86) , zzgl. 0.25 Pfand",Aktion,"1,29 €","b'ProduktbeschreibungArtikelnummer 8028256Zutaten & AllergeneZutaten: Aufguss aus Schwarztee und Hagebutten (Wasser, Schwarztee, Hagebutten), Zucker, 1,5% Zitronensaft aus Zitronensaftkonzentrat, S\xc3\xa4uerungsmittel: Citronens\xc3\xa4ure; S\xc3\xa4ureregulator: Natriumcitrate; Aroma. Tee-Extrakt: mind. 1,5 g/l.N\xc3\xa4hrwerteDurchschnittliche N\xc3\xa4hrwerteUnzubereitet pro 100 mlEnergie118 kJEnergie28 kcalFett< 0,5 gFett, davon ges\xc3\xa4ttigte Fetts\xc3\xa4uren< 0,1 gKohlenhydrate6,7 gKohlenhydrate, davon Zucker6,7 gEiwei\xc3\x9f< 0,5 gSalz0,02 gHinweiseAufbewahrungs- und Verwendungshinweis: Ge\xc3\xb6ffnet gek\xc3\xbchlt 3 Tage haltbar.ArtikeldetailsMarke: RauchNettof\xc3\xbcllmenge: 1,5 LUrsprungsland: \xc3\x96sterreichKontaktKontaktname: Rauch Fruchts\xc3\xa4fte GmbH & Co OGKontaktadresse: Langgasse 1, A-6830 Rankweil, AustriaF\xc3\xbcr die vorstehenden Angaben wird keine Haftung \xc3\xbcbernommen. Bitte pr\xc3\xbcfen Sie im Einzelfall die Angaben auf der jeweiligen Produktverpackung, nur diese sind verbindlich.Das Produktdesign kann von der Abbildung abweichen.'",Felix-Wankel-Strasse 20,Rewe,Alkoholfreie Getränke,2023-07-09,"Gültig ab morgen bis Samstag, 15.07.2023"
Rauch Eistee,https://img.rewe-static.de/REWE_CENTER_HZ28_2023/7994480/38702289-7_digital-image.png?impolicy=s-offers&imwidth=200&output-format=image/webp,,https://shop.rewe.de/p/rauch-eistee-zitrone-0-33l/7994480,,"versch. Sorten, teilw. koffeinhaltig , je 0,33-l-Dose , (1 l = 2.09) , zzgl. 0.25 Pfand",Aktion,"0,69 €","ProduktbeschreibungArtikelnummer 7994480Zutaten & AllergeneZutaten: Aufguss aus Schwarztee und Hagebutten (Wasser, Schwarztee, Hagebutten), Zucker, 1,5% Zitronensaft aus Zitronensaftkonzentrat, Säuerungsmittel: Citronensäure; Säureregulator: Natriumcitrate; Aroma. Tee-Extrakt: mind. 1,5 g/l.NährwerteDurchschnittliche NährwerteUnzubereitet pro 100 mlEnergie118 kJEnergie28 kcalFett< 0,5 gFett, davon gesättigte Fettsäuren< 0,1 gKohlenhydrate6,7 gKohlenhydrate, davon Zucker6,7 gEiweiß< 0,5 gSalz0,02 gHinweiseAufbewahrungs- und Verwendungshinweis: Nach Öffnen aufbrauchen.ArtikeldetailsMarke: RauchUrsprungsland: ÖsterreichKontaktKontaktname: Rauch Fruchtsäfte GmbH & Co OGKontaktadresse: Langgasse 1, A-6830 Rankweil, AustriaFür die vorstehenden Angaben wird keine Haftung übernommen. Bitte prüfen Sie im Einzelfall die Angaben auf der jeweiligen Produktverpackung, nur diese sind verbindlich.Das Produktdesign kann von der Abbildung abweichen.",Felix-Wankel-Strasse 20,Rewe,Alkoholfreie Getränke,2023-07-09,"Gültig ab morgen bis Samstag, 15.07.2023"
Valensina Kids,https://img.rewe-static.de/REWE_CENTER_HZ28_2023/7858023/35906277-4_digital-image.png?impolicy=s-offers&imwidth=200&output-format=image/webp,,https://shop.rewe.de/productList?search=7858023,,"versch. Sorten , je 0,33-l-Fl , (1 l = 2.70) , zzgl. 0.25 Pfand",Aktion,"0,89 €",,Felix-Wankel-Strasse 20,Rewe,Alkoholfreie Getränke,2023-07-09,"Gültig ab morgen bis Samstag, 15.07.2023"
Bra Tee,https://img.rewe-static.de/REWE_CENTER_HZ28_2023/7945013/32238044-21_digital-image.png?impolicy=s-offers&imwidth=200&output-format=image/webp,,https://shop.rewe.de/p/bratee-pfirsich-0-75l/7945013,,"versch. Sorten , je 0,75-l-Pckg , (1 l = 1.72)",Aktion,"1,29 €","ProduktbeschreibungArtikelnummer 7945013Zutaten & AllergeneZutaten: 89% direkt gebrühter schwarzer Tee (Wasser, Schwarztee), Zucker, Säuerungsmittel Citronensäure, Säureregulator Trinatriumcitrat, Aroma, Pfirsichsaftkonzentrat, Antioxidationsmittel Ascorbinsäure.NährwerteDurchschnittliche NährwerteUnzubereitet pro 100 mlEnergie143 kJEnergie34 kcalFett0 gFett, davon gesättigte Fettsäuren0 gKohlenhydrate8,2 gKohlenhydrate, davon Zucker8,2 gBallaststoffe0 gEiweiß0 gSalz0,04 gArtikeldetailsNettofüllmenge: 0,75 LKontaktKontaktname: UniBev GmbHKontaktadresse: Rotebühlstraße 66 70178 StuttgartFür die vorstehenden Angaben wird keine Haftung übernommen. Bitte prüfen Sie im Einzelfall die Angaben auf der jeweiligen Produktverpackung, nur diese sind verbindlich.Das Produktdesign kann von der Abbildung abweichen.",Felix-Wankel-Strasse 20,Rewe,Alkoholfreie Getränke,2023-07-09,"Gültig ab morgen bis Samstag, 15.07.2023"
Rockstar Energy Drink,https://img.rewe-static.de/REWE_CENTER_HZ28_2023/7861466/33881992-10_digital-image.png?impolicy=s-offers&imwidth=200&output-format=image/webp,,https://shop.rewe.de/p/bratee-pfirsich-0-75l/7945013,,"versch. Sorten, koffeinhaltig , je 0,5-l-Dose , (1 l = 1.76) , zzgl. 0.25 Pfand",Knaller,"0,88 €","b'ProduktbeschreibungArtikelnummer 7861466Zutaten & AllergeneZutaten: Wasser, Zucker, S\xc3\xa4uerungsmittel Citronens\xc3\xa4ure, Kohlens\xc3\xa4ure, S\xc3\xa4ureregulator Natriumcitrate, Aroma, Koffein (0,03%), Vitamine (Vitamin C, Nicotins\xc3\xa4ureamid, Vitamin B6), Farbstoffe (Ammoniak-Zuckerkul\xc3\xb6r, Riboflavine), Taurin (0,02%), Inosit (0,01%), Ginseng-Aromaextrakt (0,0004%).N\xc3\xa4hrwerteDurchschnittliche N\xc3\xa4hrwerteUnzubereitet pro 100 mlEnergie221 kJEnergie52 kcalFett0 gFett, davon ges\xc3\xa4ttigte Fetts\xc3\xa4uren0 gKohlenhydrate13 gKohlenhydrate, davon Zucker12 gEiwei\xc3\x9f0 gSalz0,17 gVitamin C16 mgNiacin3,2 mgVitamin B60,28 mgHinweiseAufbewahrungs- und Verwendungshinweis: K\xc3\xbchl und trocken aufbewahren.Information: Erh\xc3\xb6hter Koffeingehalt. F\xc3\xbcr Kinder und schwangere oder stillende Frauen nicht empfohlen (Koffeingehalt:31mg/100ml). Nicht empfohlen f\xc3\xbcr Personen, die empfindlich auf Koffein reagieren. In moderaten Mengen konsumieren. Nicht empfohlen mit Alkohol zu mischen.ArtikeldetailsMarke: RockstarNettof\xc3\xbcllmenge: 0,5 LUrsprungsland: DeutschlandKontaktKontaktname: PepsiCo Deutschland GmbHKontaktadresse: D-63263 Neu-IsenburgMaximale Bestellmenge: 15 St\xc3\xbcckF\xc3\xbcr die vorstehenden Angaben wird keine Haftung \xc3\xbcbernommen. Bitte pr\xc3\xbcfen Sie im Einzelfall die Angaben auf der jeweiligen Produktverpackung, nur diese sind verbindlich.Das Produktdesign kann von der Abbildung abweichen.'",Felix-Wankel-Strasse 20,Rewe,Alkoholfreie Getränke,2023-07-09,"Gültig ab morgen bis Samstag, 15.07.2023"
Pepsi,https://img.rewe-static.de/REWE_CENTER_HZ28_2023/8541362/32711974-34_digital-image.png?impolicy=s-offers&imwidth=200&output-format=image/webp,,https://shop.rewe.de/p/bratee-pfirsich-0-75l/7945013,,"versch. Sorten, koffeinhaltig , je 1,5-l-Fl , (1 l = 0.66) , zzgl. 0.25 Pfand",Knaller,"0,99 €","b'ProduktbeschreibungArtikelnummer 8541362Zutaten & AllergeneZutaten: Wasser, Zucker, Kohlens\xc3\xa4ure, Farbstoff E 150d, S\xc3\xa4uerungsmittel Phosphors\xc3\xa4ure, Aroma, S\xc3\xbc\xc3\x9fungsmittel (Acesulfam K, Sucralose), Aroma Koffein.N\xc3\xa4hrwerteDurchschnittliche N\xc3\xa4hrwerteUnzubereitet pro 100 mlEnergie120 kJEnergie28 kcalFett0 gFett, davon ges\xc3\xa4ttigte Fetts\xc3\xa4uren0 gKohlenhydrate7 gKohlenhydrate, davon Zucker7 gEiwei\xc3\x9f0 gSalz< 0,01 gHinweiseAufbewahrungs- und Verwendungshinweis: Mindestens haltbar bis: Siehe Flaschenhals.ArtikeldetailsMarke: PepsiNettof\xc3\xbcllmenge: 1,5 LUrsprungsland: DeutschlandKontaktKontaktname: PepsiCo Deutschland GmbHKontaktadresse: D-63263 Neu-IsenburgMaximale Bestellmenge: 15 St\xc3\xbcckF\xc3\xbcr die vorstehenden Angaben wird keine Haftung \xc3\xbcbernommen. Bitte pr\xc3\xbcfen Sie im Einzelfall die Angaben auf der jeweiligen Produktverpackung, nur diese sind verbindlich.Das Produktdesign kann von der Abbildung abweichen.'",Felix-Wankel-Strasse 20,Rewe,Alkoholfreie Getränke,2023-07-09,"Gültig ab morgen bis Samstag, 15.07.2023"
Lipton Ice Tea oder Sparkling,https://img.rewe-static.de/REWE_CENTER_HZ28_2023/8553666/32715823-10_digital-image.png?impolicy=s-offers&imwidth=200&output-format=image/webp,,https://shop.rewe.de/p/bratee-pfirsich-0-75l/7945013,,"versch. Sorten , je 1,5-l-Fl , (1 l = 0.66) , zzgl. 0.25 Pfand",Aktion,"0,99 €","b'ProduktbeschreibungArtikelnummer 8553666Zutaten & AllergeneZutaten: Wasser, Zucker, Fruktose, S\xc3\xa4uerungsmittel (Citronens\xc3\xa4ure), Schwarztee-Extrakt\xe2\x81\xbd\xc2\xb9\xe2\x81\xbe (0,12%), Zitronensaft aus Zitronensaftkonzentrat (0,1%), Aromen, S\xc3\xa4ureregulator Trinatriumcitrat, Antioxidationsmittel Ascorbins\xc3\xa4ure, S\xc3\xbc\xc3\x9fungsmittel Steviolglycoside.\xe2\x81\xbd\xc2\xb9\xe2\x81\xbe Rainforest Alliance Certified.Mehr Informationen unter ra.org.N\xc3\xa4hrwerteDurchschnittliche N\xc3\xa4hrwerteUnzubereitet pro 100 mlEnergie81 kJEnergie19 kcalFett< 0,5 gFett, davon ges\xc3\xa4ttigte Fetts\xc3\xa4uren< 0,1 gKohlenhydrate4,6 gKohlenhydrate, davon Zucker4,5 gEiwei\xc3\x9f< 0,5 gSalz0,03 gHinweiseAufbewahrungs- und Verwendungshinweis: Nach dem \xc3\x96ffnen im K\xc3\xbchlschrank aufbewahren und bald konsumieren.ArtikeldetailsMarke: LiptonNettof\xc3\xbcllmenge: 1,5 LUrsprungsland: DeutschlandKontaktKontaktname: PepsiCo Deutschland GmbHKontaktadresse: D-63263 Neu-IsenburgMaximale Bestellmenge: 15 St\xc3\xbcckF\xc3\xbcr die vorstehenden Angaben wird keine Haftung \xc3\xbcbernommen. Bitte pr\xc3\xbcfen Sie im Einzelfall die Angaben auf der jeweiligen Produktverpackung, nur diese sind verbindlich.Das Produktdesign kann von der Abbildung abweichen.'",Felix-Wankel-Strasse 20,Rewe,Alkoholfreie Getränke,2023-07-09,"Gültig ab morgen bis Samstag, 15.07.2023"
S. Pellegrino Mineralwasser,https://img.rewe-static.de/REWE_CENTER_HZ28_2023/0106565/9482880-6_digital-image.png?impolicy=s-offers&imwidth=200&output-format=image/webp,,https://shop.rewe.de/p/bratee-pfirsich-0-75l/7945013,,"je 1-l-Fl , zzgl. 0.25 Pfand",Aktion,"0,79 €","b'ProduktbeschreibungArtikelnummer 106565S.Pellegrino bringt echtes italienisches Lebensgef\xc3\xbchl direkt zu Ihnen nach Hause. Ein feinperliges nat\xc3\xbcrliches Mineralwasser f\xc3\xbcr Genie\xc3\x9fer, das stilvoll erfrischt.\n\nUnnachahmlich prickelnd und frisch, so schmeckt S.Pellegrino. Das liegt an der einzigartigen Balance, die das Mineralwasser besonders feinperlig sprudeln l\xc3\xa4sst. Ausgewogen mineralisiert, ist S.Pellegrino ein ebenso spritziger wie authentischer Genuss.\n\nEin Wasser mit Tradition\n\nS.Pellegrino, das bereits seit 1899 Genie\xc3\x9fer begeistert, entspringt in der nahezu unber\xc3\xbchrten Natur der lombardischen Alpen. Auf seiner langen Reise durch breite Schichten Dolomit- und Gipsgestein erh\xc3\xa4lt das Wasser seine ausgewogene Mineralisierung und seine besondere Reinheit. \n\nImmer ein Genuss\n\nMit seinem nat\xc3\xbcrlichen und lebendigen Temperament ist S.Pellegrino ein Wasser, das einfach \xc3\xbcberall genossen werden kann. Darum gibt es den italienischen Klassiker auch in handlichen 1,0L Pet-Flaschen \xe2\x80\x93 Wie geschaffen f\xc3\xbcr geselliges Beisammensein und genussvolles Miteinander. Besonders praktisch: Im Sixpack haben Sie immer eine Flasche in Reserve.\n\nS.Pellegrino\n- Nat\xc3\xbcrliches feinperliges Mineralwasser\n- Erfrischt einfach herrlich italienisch\n- Ein Wasser f\xc3\xbcr anspruchsvolle Genie\xc3\x9fer\n- Ausgewogen mineralisiert und besonders prickelnd\n- Wassergenuss f\xc3\xbcr jede Gelegenheit in handlichen Pet-Flaschen... mehr anzeigenSeit 1899 ist S.Pellegrino eine Ikone italienischen Stils und eines der bekanntesten nat\xc3\xbcrlichen Mineralwasser der Welt. Dank seiner perfekten Balance aus feinperliger Kohlens\xc3\xa4ure, Mineralisierung und einzigartigem Geschmack \xc3\xbcberzeugt es Sommeliers und Spitzenk\xc3\xb6che. \nSo inspiriert S.Pellegrino dazu, genussvolle Momente auszukosten und sie zu teilen.N\xc3\xa4hrwerteDurchschnittliche N\xc3\xa4hrwerteUnzubereitet pro 1 lChlorid49,4 mgCalcium166 mgMagnesium49,5 mgBikarbonat244 mgNatrium30 mgSulfat 4+401 mgHinweiseAufbewahrungs- und Verwendungshinweis: Vor Sonne und Frost sch\xc3\xbctzen und an einem sauberen, trockenen, k\xc3\xbchlen und geruchlosen Ort lagern.Information: Abdampfr\xc3\xbcckstand bei 180 Grad: 853 mg/LpH-Wert an der Quelle: 7,7Aus der S.PELLEGRINO Quelle in SAN PELLEGRINO TERME (BERGAMO) ITALIENArtikeldetailsMarke: San PellegrinoNettof\xc3\xbcllmenge: 1 LUrsprungsland: ItalienPackungsgr\xc3\xb6\xc3\x9fe: 1,0lKontaktKontaktname: SANPELLEGRINO S.P.A.Kontaktadresse: 24016 SAN PELLEGRINO TERME (BG)LOCALIT\xc3\x80 RUSPINO - ITALIENMaximale Bestellmenge: 15 St\xc3\xbcckF\xc3\xbcr die vorstehenden Angaben wird keine Haftung \xc3\xbcbernommen. Bitte pr\xc3\xbcfen Sie im Einzelfall die Angaben auf der jeweiligen Produktverpackung, nur diese sind verbindlich.Das Produktdesign kann von der Abbildung abweichen.'",Felix-Wankel-Strasse 20,Rewe,Alkoholfreie Getränke,2023-07-09,"Gültig ab morgen bis Samstag, 15.07.2023"
Jever Pilsener,https://img.rewe-static.de/REWE_CENTER_HZ28_2023/5046009/22381826-10_digital-image.png?impolicy=s-offers&imwidth=200&output-format=image/webp,,https://shop.rewe.de/p/bratee-pfirsich-0-75l/7945013,,"versch. Sorten , je 20 x 0,5-l-Fl.-Kasten , (1 l = 1.20) , zzgl. 3.10 Pfand",Knaller,"11,99 €","b'Bestellung ab 18 Jahren.F\xc3\xbcr dieses Produkt gilt das Jugendschutzgesetz.ProduktbeschreibungArtikelnummer 5046009Zutaten & AllergeneZutaten: Wasser, GERSTENmalz, Hopfen.N\xc3\xa4hrwerteDurchschnittliche N\xc3\xa4hrwerteUnzubereitet pro 100 mlEnergie167 kJEnergie40 kcalFett0 gFett, davon ges\xc3\xa4ttigte Fetts\xc3\xa4uren0 gKohlenhydrate2,2 gKohlenhydrate, davon Zucker< 0,5 gEiwei\xc3\x9f< 0,5 gSalz0,02 gArtikeldetailsMarke: JeverAlkoholgehalt: 4,9 % Vol.Packungsgr\xc3\xb6\xc3\x9fe: 0,5lx20KontaktKontaktname: Friesisches Brauhaus zu JeverKontaktadresse: Elisabethufer 18 26441 JeverMaximale Bestellmenge: 15 St\xc3\xbcckF\xc3\xbcr die vorstehenden Angaben wird keine Haftung \xc3\xbcbernommen. Bitte pr\xc3\xbcfen Sie im Einzelfall die Angaben auf der jeweiligen Produktverpackung, nur diese sind verbindlich.Das Produktdesign kann von der Abbildung abweichen.'",Felix-Wankel-Strasse 20,Rewe,Bier,2023-07-09,"Gültig ab morgen bis Samstag, 15.07.2023"
Franziskaner Weissbier,https://img.rewe-static.de/REWE_CENTER_HZ28_2023/4669606/22381783-6_digital-image.png?impolicy=s-offers&imwidth=200&output-format=image/webp,,https://shop.rewe.de/p/bratee-pfirsich-0-75l/7945013,,"versch. Sorten , je 20 x 0,5-l-Fl.-Kasten , (1 l = 1.30) , zzgl. 3.10 Pfand",Knaller,"12,99 €","b'Bestellung ab 18 Jahren.F\xc3\xbcr dieses Produkt gilt das Jugendschutzgesetz.ProduktbeschreibungArtikelnummer 4669606Zutaten & AllergeneZutaten: Wasser, WEIZENMALZ, GERSTENMALZ, Hefe, HopfenextraktN\xc3\xa4hrwerteDurchschnittliche N\xc3\xa4hrwerteUnzubereitet pro 100 mlEnergie180 kJEnergie43 kcalFett0,01 gFett, davon ges\xc3\xa4ttigte Fetts\xc3\xa4uren0,01 gKohlenhydrate2,6 gKohlenhydrate, davon Zucker0,2 gBallaststoffe0,4 gEiwei\xc3\x9f0,78 gSalz0,01 gHinweiseInformation: Kein Verzehr in Zusammenhang mita)dem F\xc3\xbchren von Fahrzeugen,b)einer Schwangerschaft,c)Medikamenten-EinnahmeArtikeldetailsMarke: FranziskanerAlkoholgehalt: 5 % Vol.Packungsgr\xc3\xb6\xc3\x9fe: 0,5lx20KontaktKontaktname: Spaten-Franziskaner Br\xc3\xa4u GmbHKontaktadresse: D-80335 M\xc3\xbcnchen, Marsstr. 46Maximale Bestellmenge: 15 St\xc3\xbcckF\xc3\xbcr die vorstehenden Angaben wird keine Haftung \xc3\xbcbernommen. Bitte pr\xc3\xbcfen Sie im Einzelfall die Angaben auf der jeweiligen Produktverpackung, nur diese sind verbindlich.Das Produktdesign kann von der Abbildung abweichen.'",Felix-Wankel-Strasse 20,Rewe,Bier,2023-07-09,"Gültig ab morgen bis Samstag, 15.07.2023"
Warsteiner Pils,https://img.rewe-static.de/REWE_CENTER_HZ28_2023/4665945/27706345-2_digital-image.png?impolicy=s-offers&imwidth=200&output-format=image/webp,,https://shop.rewe.de/p/bratee-pfirsich-0-75l/7945013,,"je 20 x 0,5-l-Fl.-Kasten , (1 l = 1.10) , zzgl. 3.10 + 0.50 Pfand",Knaller,"10,99 €","b'Bestellung ab 18 Jahren.F\xc3\xbcr dieses Produkt gilt das Jugendschutzgesetz.ProduktbeschreibungArtikelnummer 4665945Mit \xc3\xbcber 260-j\xc3\xa4hriger Brautradition entsteht dieses eiskalt filtrierte internationale Pilsener der Premium-Klasse in der WARSTEINER Privatbrauerei. Der besonders hohe Anspruch an Qualit\xc3\xa4t und Geschmack beginnt bereits bei der Auswahl von besonders weichem Brauwasser, Hopfen aus der Hallertau und feinstem Sommergerstenmalz.Zutaten & AllergeneZutaten: Brauwasser, GERSTENMALZ, Hopfen, HopfenextraktN\xc3\xa4hrwerteDurchschnittliche N\xc3\xa4hrwerteUnzubereitet pro 100 mlEnergie175 kJEnergie42 kcalFett0 gFett, davon ges\xc3\xa4ttigte Fetts\xc3\xa4uren0 gKohlenhydrate3,5 gKohlenhydrate, davon Zucker0 gEiwei\xc3\x9f0,5 gSalz0 gArtikeldetailsMarke: WarsteinerAlkoholgehalt: 4,8 % Vol.Packungsgr\xc3\xb6\xc3\x9fe: 0,5lx20KontaktKontaktname: Warsteiner Brauerei Haus Cramer KGKontaktadresse: 59564 Warstein / DeutschlandMaximale Bestellmenge: 15 St\xc3\xbcckF\xc3\xbcr die vorstehenden Angaben wird keine Haftung \xc3\xbcbernommen. Bitte pr\xc3\xbcfen Sie im Einzelfall die Angaben auf der jeweiligen Produktverpackung, nur diese sind verbindlich.Das Produktdesign kann von der Abbildung abweichen.'",Felix-Wankel-Strasse 20,Rewe,Bier,2023-07-09,"Gültig ab morgen bis Samstag, 15.07.2023"
Paulaner Weißbier oder Münchner Hell,https://img.rewe-static.de/REWE_CENTER_HZ28_2023/4989473/4783810-39_digital-image.png?impolicy=s-offers&imwidth=200&output-format=image/webp,,https://shop.rewe.de/p/paulaner-hefe-weissbier-naturtrueb-20x0-5l/4989473,,"je 20 x 0,5-l-Fl.-Kasten , (1 l = 1.35) , zzgl. 3.10 Pfand",Knaller,"13,49 €","Bestellung ab 18 Jahren.Für dieses Produkt gilt das Jugendschutzgesetz.ProduktbeschreibungArtikelnummer 4989473Hefe-Weißbier Naturtrüb

Zutaten: Wasser, WEIZENMALZ, GERSTENMALZ, Hefe, Hopfen.
Alkoholgehalt: 5,5%

Kontaktname: Paulaner Brauerei GmbH & Co. KG
Kontaktadresse: Hochstraße 75 81541 Muenchen Zutaten & AllergeneZutaten: Wasser, WEIZENMALZ, GERSTENMALZ, Hefe, Hopfen.HinweiseAufbewahrungs- und Verwendungshinweis: Kühl und dunkel lagern.ArtikeldetailsMarke: PaulanerAlkoholgehalt: 5,5 % Vol.Packungsgröße: 0,5lx20KontaktKontaktname: Paulaner Brauerei Gruppe GmbH & Co. KGaAKontaktadresse: Ohlmüllerstr. 42 81541 MuenchenFür die vorstehenden Angaben wird keine Haftung übernommen. Bitte prüfen Sie im Einzelfall die Angaben auf der jeweiligen Produktverpackung, nur diese sind verbindlich.Das Produktdesign kann von der Abbildung abweichen.",Felix-Wankel-Strasse 20,Rewe,Bier,2023-07-09,"Gültig ab morgen bis Samstag, 15.07.2023"
Heller Seggl,https://img.rewe-static.de/REWE_CENTER_HZ28_2023/8101326/28902168-23_digital-image.png?impolicy=s-offers&imwidth=200&output-format=image/webp,,https://shop.rewe.de/p/paulaner-hefe-weissbier-naturtrueb-20x0-5l/4989473,,"je 20 x 0,5-l-Fl.-Kasten , (1 l = 1.20) , zzgl. 3.10 Pfand",Aktion,"11,99 €","b'Bestellung ab 18 Jahren.F\xc3\xbcr dieses Produkt gilt das Jugendschutzgesetz.ProduktbeschreibungArtikelnummer 8101326Zutaten & AllergeneZutaten: Wasser, Gerstenmalz, Hopfen.Allergenhinweise: Gersten und Gerstenerzeugnisse (glutenhaltiges Getreide).N\xc3\xa4hrwerteDurchschnittliche N\xc3\xa4hrwerteUnzubereitet pro 100 mlEnergie167 kJEnergie40 kcalFett< 0,1 gFett, davon ges\xc3\xa4ttigte Fetts\xc3\xa4uren< 0,1 gKohlenhydrate2,94 gKohlenhydrate, davon Zucker< 0,2 gEiwei\xc3\x9f0,46 gSalz< 0,01 gArtikeldetailsAlkoholgehalt: 5,1 % Vol.KontaktKontaktname: REWE Markt GmbHKontaktadresse: Im Unteren Wald, 69168 WieslochMaximale Bestellmenge: 15 St\xc3\xbcckF\xc3\xbcr die vorstehenden Angaben wird keine Haftung \xc3\xbcbernommen. Bitte pr\xc3\xbcfen Sie im Einzelfall die Angaben auf der jeweiligen Produktverpackung, nur diese sind verbindlich.Das Produktdesign kann von der Abbildung abweichen.'",Felix-Wankel-Strasse 20,Rewe,Bier,2023-07-09,"Gültig ab morgen bis Samstag, 15.07.2023"
Benediktiner Hell,https://img.rewe-static.de/REWE_CENTER_HZ28_2023/3145695/26404048-8_digital-image.png?impolicy=s-offers&imwidth=200&output-format=image/webp,,https://shop.rewe.de/p/paulaner-hefe-weissbier-naturtrueb-20x0-5l/4989473,,"je 20 x 0,5-l-Fl.-Kasten , (1 l = 1.50) , zzgl. 3.10 Pfand",Aktion,"14,99 €","b'Bestellung ab 18 Jahren.F\xc3\xbcr dieses Produkt gilt das Jugendschutzgesetz.ProduktbeschreibungArtikelnummer 3145695Zutaten & AllergeneZutaten: Wasser, GERSTENMALZ, HopfenHinweiseAufbewahrungs- und Verwendungshinweis: Bitte k\xc3\xbchl und dunkel lagernArtikeldetailsMarke: BenediktinerAlkoholgehalt: 5 % Vol.KontaktKontaktname: Benediktiner Weissbr\xc3\xa4u GmbHKontaktadresse: 82488 EttalMaximale Bestellmenge: 15 St\xc3\xbcckF\xc3\xbcr die vorstehenden Angaben wird keine Haftung \xc3\xbcbernommen. Bitte pr\xc3\xbcfen Sie im Einzelfall die Angaben auf der jeweiligen Produktverpackung, nur diese sind verbindlich.Das Produktdesign kann von der Abbildung abweichen.'",Felix-Wankel-Strasse 20,Rewe,Bier,2023-07-09,"Gültig ab morgen bis Samstag, 15.07.2023"
Bayreuther Aktien Zwick’l Kellerbier,https://img.rewe-static.de/REWE_CENTER_HZ28_2023/1359460/22381580-9_digital-image.png?impolicy=s-offers&imwidth=200&output-format=image/webp,,https://shop.rewe.de/p/aktien-zwick-l-kellerbier-20x0-5l/1359460,,"je 20 x 0,5-l-Fl.-Kasten , (1 l = 1.50) , zzgl. 4.50 Pfand",Aktion,"14,99 €","Bestellung ab 18 Jahren.Für dieses Produkt gilt das Jugendschutzgesetz.ProduktbeschreibungArtikelnummer 1359460Zutaten & AllergeneZutaten: Wasser, GERSTENMALZ, Hefe, HopfenArtikeldetailsMarke: Aktien Zwick'lAlkoholgehalt: 5,3 % Vol.Packungsgröße: 20x0,5lKontaktKontaktname: Bayreuther Bierbrauerei AGKontaktadresse: Hindenburgstraße 9, 95445 BayreuthFür die vorstehenden Angaben wird keine Haftung übernommen. Bitte prüfen Sie im Einzelfall die Angaben auf der jeweiligen Produktverpackung, nur diese sind verbindlich.Das Produktdesign kann von der Abbildung abweichen.",Felix-Wankel-Strasse 20,Rewe,Bier,2023-07-09,"Gültig ab morgen bis Samstag, 15.07.2023"
Heineken Beer,https://img.rewe-static.de/REWE_CENTER_HZ28_2023/1443690/30786658-10_digital-image.png?impolicy=s-offers&imwidth=200&output-format=image/webp,,https://shop.rewe.de/p/aktien-zwick-l-kellerbier-20x0-5l/1359460,,"je 28 x 0,25/20 x 0,4-l-Fl.-Kasten , (1 l = 2.14/1.87) , zzgl. 3.74/3.10 Pfand",Aktion,"14,99 €","b'Bestellung ab 18 Jahren.F\xc3\xbcr dieses Produkt gilt das Jugendschutzgesetz.ProduktbeschreibungArtikelnummer 1443690Heineken\xc2\xae ist ein gold-gelbes Lager mit 100 % nat\xc3\xbcrlichen Zutaten und einem kleinen, feinen Extra: A-Hefe. Heinekens einzigartige A-Hefe sorgt f\xc3\xbcr volles Aroma und feine Fruchtnoten. Der Abgang ist mild und leicht bitter.\nOffizieller Partner von der EURO 2020, UEFA Champions League, James Bond, Rugby, Formel 1 und Formel-e Zutaten & AllergeneZutaten: Wasser, GERSTENMALZ, Hopfenextrakt.N\xc3\xa4hrwerteDurchschnittliche N\xc3\xa4hrwerteUnzubereitet pro 100 mlEnergie176 kJEnergie42 kcalFett0 gFett, davon ges\xc3\xa4ttigte Fetts\xc3\xa4uren0 gKohlenhydrate3,2 gKohlenhydrate, davon Zucker< 0 gBallaststoffe0 gEiwei\xc3\x9f0 gSalz< 0,01 gArtikeldetailsMarke: HeinekenAlkoholgehalt: 5 % Vol.Packungsgr\xc3\xb6\xc3\x9fe: 0,25lx28KontaktKontaktname: Heineken Deutschland GmbHKontaktadresse: Ehrenbergstr. 19, 10245 BerlinMaximale Bestellmenge: 15 St\xc3\xbcckF\xc3\xbcr die vorstehenden Angaben wird keine Haftung \xc3\xbcbernommen. Bitte pr\xc3\xbcfen Sie im Einzelfall die Angaben auf der jeweiligen Produktverpackung, nur diese sind verbindlich.Das Produktdesign kann von der Abbildung abweichen.'",Felix-Wankel-Strasse 20,Rewe,Bier,2023-07-09,"Gültig ab morgen bis Samstag, 15.07.2023"
Veltins Helles Pülleken,https://img.rewe-static.de/REWE_CENTER_HZ28_2023/8423348/30997960-4_digital-image.png?impolicy=s-offers&imwidth=200&output-format=image/webp,,https://shop.rewe.de/p/aktien-zwick-l-kellerbier-20x0-5l/1359460,,"je 24 x 0,33-l-Fl.-Kasten , (1 l = 1.77) , zzgl. 3.42 Pfand",Aktion,"13,99 €","b'Bestellung ab 18 Jahren.F\xc3\xbcr dieses Produkt gilt das Jugendschutzgesetz.ProduktbeschreibungArtikelnummer 8423348Zutaten & AllergeneZutaten: Wasser, GERSTENMALZ, Hopfen.N\xc3\xa4hrwerteDurchschnittliche N\xc3\xa4hrwerteUnzubereitet pro 100 mlEnergie179 kJEnergie43 kcalHinweiseAufbewahrungs- und Verwendungshinweis: Mindestens haltbar bis: Siehe Verpackungsaufdruck.ArtikeldetailsMarke: P\xc3\xbcllekenAlkoholgehalt: 5,2 % Vol.KontaktKontaktname: Brauerei C. & A. Veltins GmbH & Co. KGKontaktadresse: 59872 Meschede-GrevensteinF\xc3\xbcr die vorstehenden Angaben wird keine Haftung \xc3\xbcbernommen. Bitte pr\xc3\xbcfen Sie im Einzelfall die Angaben auf der jeweiligen Produktverpackung, nur diese sind verbindlich.Das Produktdesign kann von der Abbildung abweichen.'",Felix-Wankel-Strasse 20,Rewe,Bier,2023-07-09,"Gültig ab morgen bis Samstag, 15.07.2023"
Störtebeker Pilsener,https://img.rewe-static.de/REWE_CENTER_HZ28_2023/0084913/5196500-25_digital-image.png?impolicy=s-offers&imwidth=200&output-format=image/webp,,https://shop.rewe.de/p/stoertebeker-pils-20x0-5l/84913,,"je 20 x 0,5-l-Fl.-Kasten , (1 l = 1.60) , zzgl. 3.10 Pfand",Aktion,"15,99 €","Bestellung ab 18 Jahren.Für dieses Produkt gilt das Jugendschutzgesetz.ProduktbeschreibungArtikelnummer 84913Zutaten & AllergeneZutaten: Brauwasser, GERSTENMALZ, HopfenNährwerteDurchschnittliche NährwerteUnzubereitet pro 100 mlEnergie171 kJEnergie40 kcalFett0 gFett, davon gesättigte Fettsäuren0 gKohlenhydrate3,2 gKohlenhydrate, davon Zucker0,7 gEiweiß0,5 gSalz0,008 gArtikeldetailsMarke: StörtebekerAlkoholgehalt: 4,9 % Vol.Packungsgröße: 0,5lx20KontaktKontaktname: Störtebeker Braumanufaktur GmbHKontaktadresse: Greifswalder Chaussee 84-8518439 StralsundFür die vorstehenden Angaben wird keine Haftung übernommen. Bitte prüfen Sie im Einzelfall die Angaben auf der jeweiligen Produktverpackung, nur diese sind verbindlich.Das Produktdesign kann von der Abbildung abweichen.",Felix-Wankel-Strasse 20,Rewe,Bier,2023-07-09,"Gültig ab morgen bis Samstag, 15.07.2023"
Astra,https://img.rewe-static.de/REWE_CENTER_HZ28_2023/0190044/3268680-38_digital-image.png?impolicy=s-offers&imwidth=200&output-format=image/webp,,https://shop.rewe.de/p/stoertebeker-pils-20x0-5l/84913,,"versch. Sorten , je 6 x 0,33-l-Fl.-Sixpack , (1 l = 2.17) , zzgl. 0.48 Pfand",Aktion,"4,29 €","b'Bestellung ab 18 Jahren.F\xc3\xbcr dieses Produkt gilt das Jugendschutzgesetz.ProduktbeschreibungArtikelnummer 190044Zutaten & AllergeneZutaten: Wasser, GERSTENMALZ, HopfenArtikeldetailsMarke: AstraAlkoholgehalt: 4,9 % Vol.Packungsgr\xc3\xb6\xc3\x9fe: 6x0,33lKontaktKontaktname: Bavaria-St.Pauli GmbHKontaktadresse: 22755 HamburgF\xc3\xbcr die vorstehenden Angaben wird keine Haftung \xc3\xbcbernommen. Bitte pr\xc3\xbcfen Sie im Einzelfall die Angaben auf der jeweiligen Produktverpackung, nur diese sind verbindlich.Das Produktdesign kann von der Abbildung abweichen.'",Felix-Wankel-Strasse 20,Rewe,Bier,2023-07-09,"Gültig ab morgen bis Samstag, 15.07.2023"
Altenmünster Bügelspezialitäten,https://img.rewe-static.de/REWE_CENTER_HZ28_2023/8098053/29372636-4_digital-image.png?impolicy=s-offers&imwidth=200&output-format=image/webp,,https://shop.rewe.de/p/altenmuenster-landbier-14x0-5l/8098053,,"Landbier oder Urig würzig , je 14 x 0,5-l-Fl.-Kasten , (1 l = 1.57) , zzgl. 3.60 Pfand",Knaller,"10,99 €","Bestellung ab 18 Jahren.Für dieses Produkt gilt das Jugendschutzgesetz.ProduktbeschreibungArtikelnummer 8098053Nach altüberliefertem Brauer-Handwerk ursprünglich gebraut.
Natürlich trüb und karamellfarben auf den ersten Blick,
feinsüffig und frisch gehopft am Gaumen.Zutaten & AllergeneZutaten: Wasser, GERSTENmalz, Hopfen, Hopfenextrakt.NährwerteDurchschnittliche NährwerteUnzubereitet pro 100 mlEnergie180 kJEnergie43 kcalFett< 0,5 gFett, davon gesättigte Fettsäuren< 0,1 gKohlenhydrate2,9 gKohlenhydrate, davon Zucker< 0,5 gEiweiß< 0,5 gSalz< 0,01 gArtikeldetailsMarke: AltenmünsterAlkoholgehalt: 4,9 % Vol.KontaktKontaktname: Altenmünster Brauer Bier GmbHKontaktadresse: 87616 Marktoberdorf Schwendener Str. 18Für die vorstehenden Angaben wird keine Haftung übernommen. Bitte prüfen Sie im Einzelfall die Angaben auf der jeweiligen Produktverpackung, nur diese sind verbindlich.Das Produktdesign kann von der Abbildung abweichen.",Felix-Wankel-Strasse 20,Rewe,Bier,2023-07-09,"Gültig ab morgen bis Samstag, 15.07.2023"
Karlsberg Mixery,https://img.rewe-static.de/REWE_CENTER_HZ28_2023/0019145/3716360-69_digital-image.png?impolicy=s-offers&imwidth=200&output-format=image/webp,,https://shop.rewe.de/p/altenmuenster-landbier-14x0-5l/8098053,,"versch. Sorten, teilw. koffeinhaltig , je 0,5-l-Dose , (1 l = 1.98) , zzgl. 0.25 Pfand",Aktion,"0,99 €","b'Bestellung ab 18 Jahren.F\xc3\xbcr dieses Produkt gilt das Jugendschutzgesetz.ProduktbeschreibungArtikelnummer 19145Zutaten & AllergeneZutaten: Bier (Wasser, GERSTENMALZ, Hopfenextrakt), Wasser, Zucker, Kohlens\xc3\xa4ure, Farbstoff: E 150 c, S\xc3\xa4uerungsmittel E 338, nat\xc3\xbcrliches Aroma, Aroma KoffeinAllergenhinweise: Enth\xc3\xa4lt: Gerste und Gerstenerzeugnisse (glutenhaltiges Getreide).N\xc3\xa4hrwerteDurchschnittliche N\xc3\xa4hrwerteUnzubereitet pro 100 mlEnergie180 kJEnergie43 kcalArtikeldetailsMarke: MixeryUrsprungsland: DeutschlandAlkoholgehalt: 3,1 % Vol.Packungsgr\xc3\xb6\xc3\x9fe: 0,5l DoseKontaktKontaktname: Karlsberg BrauereiKontaktadresse: Karlsbergstra\xc3\x9fe 62, 66424 HomburgF\xc3\xbcr die vorstehenden Angaben wird keine Haftung \xc3\xbcbernommen. Bitte pr\xc3\xbcfen Sie im Einzelfall die Angaben auf der jeweiligen Produktverpackung, nur diese sind verbindlich.Das Produktdesign kann von der Abbildung abweichen.'",Felix-Wankel-Strasse 20,Rewe,Bier,2023-07-09,"Gültig ab morgen bis Samstag, 15.07.2023"
Salitos Tequila Beer,https://img.rewe-static.de/REWE_CENTER_HZ28_2023/2152613/29385106-24_digital-image.png?impolicy=s-offers&imwidth=200&output-format=image/webp,,https://shop.rewe.de/p/salitos-tequila-4x0-33l/2152613,,"je 4 x 0,33-l-Fl.-Pckg , (1 l = 3.63) , zzgl. 0.32 Pfand",Aktion,"4,79 €","Bestellung ab 18 Jahren.Für dieses Produkt gilt das Jugendschutzgesetz.ProduktbeschreibungArtikelnummer 2152613Das perfekte 4er-Pack für einen revolutionären Abend mit Familie und Freunden.

SALITOS Tequila kombiniert das milde Bier mit dem leichten Hauch von Limette und dem allseits beliebten Tequila zu einem wahren Klassiker.

Der Alkoholanteil von 5,9 % vol. sorgt für die beste Stimmung für den Einstieg in das Wochenende oder in den verdienten Feierabend..


Am besten eisgekühlt - Salud!

VIVA LA REVOLUCIÓN! VIVA SALITOS! Zutaten & AllergeneZutaten: Bier (Wasser, GERSTENMALZ, Hopfen), Wasser, Zucker, Kohlensäure, Säuerungsmittel Citronensäure (E330), natürliches Aroma, Antioxidationsmittel Ascorbinsäure (E300)ArtikeldetailsMarke: SalitosAlkoholgehalt: 5,9 % Vol.Packungsgröße: 0,33lx4KontaktKontaktname: MBG International Premium Brands GmbHKontaktadresse: Oberes Feld 13, 33106 PaderbornFür die vorstehenden Angaben wird keine Haftung übernommen. Bitte prüfen Sie im Einzelfall die Angaben auf der jeweiligen Produktverpackung, nur diese sind verbindlich.Das Produktdesign kann von der Abbildung abweichen.",Felix-Wankel-Strasse 20,Rewe,Bier,2023-07-09,"Gültig ab morgen bis Samstag, 15.07.2023"
Leffe Blonde oder Brune,https://img.rewe-static.de/REWE_CENTER_HZ28_2023/7225629/28252993-14_digital-image.png?impolicy=s-offers&imwidth=200&output-format=image/webp,,https://shop.rewe.de/p/leffe-blond-4x0-33l/7225629,,"je 4 x 0,33-l-Fl.-Pckg , (1 l = 4.16) , zzgl. 0.32 Pfand",Aktion,"5,49 €","Bestellung ab 18 Jahren.Für dieses Produkt gilt das Jugendschutzgesetz.ProduktbeschreibungArtikelnummer 7225629Zutaten & AllergeneZutaten: Wasser, GERSTENMALZ, Mais, Zucker, Hopfen und HopfenextraktNährwerteDurchschnittliche NährwerteUnzubereitet pro 100 mlEnergie243 kJEnergie58 kcalFett0,01 gFett, davon gesättigte Fettsäuren0 gKohlenhydrate5,4 gKohlenhydrate, davon Zucker0,7 gBallaststoffe0,4 gEiweiß0,4 gSalz0,1 gHinweiseInformation: Kein Verzehr in Zusammenhang mita)dem Führen von Fahrzeugen,b)einer Schwangerschaft,c)Medikamenten-EinnahmeArtikeldetailsMarke: LeffeAlkoholgehalt: 6,6 % Vol.KontaktKontaktname: Br.Abbaye de Leffe s.a./n.v.,Place de l'Abbaye 1Kontaktadresse: B-5500 Dinant,BelgienMaximale Bestellmenge: 15 StückFür die vorstehenden Angaben wird keine Haftung übernommen. Bitte prüfen Sie im Einzelfall die Angaben auf der jeweiligen Produktverpackung, nur diese sind verbindlich.Das Produktdesign kann von der Abbildung abweichen.",Felix-Wankel-Strasse 20,Rewe,Bier,2023-07-09,"Gültig ab morgen bis Samstag, 15.07.2023"
CyberZ Beer Mix,https://img.rewe-static.de/REWE_CENTER_HZ28_2023/8897146/39521337-9_digital-image.png?impolicy=s-offers&imwidth=200&output-format=image/webp,,https://shop.rewe.de/p/leffe-blond-4x0-33l/7225629,,"versch. Sorten , je 4 x 0,33-l-Fl.-Pckg , (1 l = 3.78) , zzgl. 0.32 Pfand",Aktion,"4,99 €","b'Bestellung ab 18 Jahren.F\xc3\xbcr dieses Produkt gilt das Jugendschutzgesetz.ProduktbeschreibungArtikelnummer 8897146Times for Limez. CYBERZ vereint Bier mit s\xc3\xbc\xc3\x9f-sauren Caipi-Limetten-\nFlavour. Ein neuer frischer Mix ohne\xc2\xa0Kompromisse.\nTurn up your Flavour \xe2\x80\x93 und starte mit aufregenden 5,9% vol. in Deine\nPartymood und einen Abend ganz nach deinem Geschmack.Zutaten & AllergeneZutaten: 85% Bier (Wasser, GERSTENmalz, Hopfen, Hopfenextrakt), 15% Erfrischungsgetr\xc3\xa4nk mit Caipirinha-Geschmack (Wasser, Zucker, Limettensaft* (1,5%), Orangensaft* (1,5%), Zitronensaft* (1,0%), S\xc3\xa4uerungsmittel Citronens\xc3\xa4ure, nat\xc3\xbcrliches Limettenaroma mit anderen nat\xc3\xbcrlichen Aromen, Kohlens\xc3\xa4ure, Stabilisator Johannisbrotkernmehl). *aus FruchtsaftkonzentratenN\xc3\xa4hrwerteDurchschnittliche N\xc3\xa4hrwerteUnzubereitet pro 100 mlEnergie267 kJEnergie64 kcalFett0 gFett, davon ges\xc3\xa4ttigte Fetts\xc3\xa4uren0 gKohlenhydrate7,1 gKohlenhydrate, davon Zucker5,3 gEiwei\xc3\x9f< 0,5 gSalz< 0,01 gArtikeldetailsEigenschaften: *Neu*Alkoholgehalt: 5,9 % Vol.KontaktKontaktname: Gesellschaft f. Importbiere u. Bierspezialit\xc3\xa4ten mbHKontaktadresse: Darmst\xc3\xa4dter Landstr. 185 60598 Frankfurt am MainMaximale Bestellmenge: 15 St\xc3\xbcckF\xc3\xbcr die vorstehenden Angaben wird keine Haftung \xc3\xbcbernommen. Bitte pr\xc3\xbcfen Sie im Einzelfall die Angaben auf der jeweiligen Produktverpackung, nur diese sind verbindlich.Das Produktdesign kann von der Abbildung abweichen.'",Felix-Wankel-Strasse 20,Rewe,Bier,2023-07-09,"Gültig ab morgen bis Samstag, 15.07.2023"
Veltins Pilsener,https://img.rewe-static.de/REWE_CENTER_HZ28_2023/0017005/2245920-31_digital-image.png?impolicy=s-offers&imwidth=200&output-format=image/webp,,https://shop.rewe.de/p/leffe-blond-4x0-33l/7225629,,"je 0,5-l-Dose , (1 l = 1.58) , zzgl. 0.25 Pfand",Aktion,"0,79 €","b'Bestellung ab 18 Jahren.F\xc3\xbcr dieses Produkt gilt das Jugendschutzgesetz.ProduktbeschreibungArtikelnummer 17005Zutaten & AllergeneZutaten: Wasser, GERSTENMALZ, HopfenAllergenhinweise: Enth\xc3\xa4lt: Gerste und Gerstenerzeugnisse (glutenhaltiges Getreide).N\xc3\xa4hrwerteDurchschnittliche N\xc3\xa4hrwerteUnzubereitet pro 100 mlEnergie167 kJEnergie40 kcalFett< 0,1 gFett, davon ges\xc3\xa4ttigte Fetts\xc3\xa4uren< 0,1 gKohlenhydrate2,9 gKohlenhydrate, davon Zucker1,4 gEiwei\xc3\x9f0,63 gSalz< 0,01 gArtikeldetailsMarke: VeltinsUrsprungsland: DeutschlandAlkoholgehalt: 4,8 % Vol.Packungsgr\xc3\xb6\xc3\x9fe: 0,5lKontaktKontaktname: Brauerei C.&A. Veltins GmbH & Co. KGKontaktadresse: D-59872 Meschede-GrevensteinMaximale Bestellmenge: 15 St\xc3\xbcckF\xc3\xbcr die vorstehenden Angaben wird keine Haftung \xc3\xbcbernommen. Bitte pr\xc3\xbcfen Sie im Einzelfall die Angaben auf der jeweiligen Produktverpackung, nur diese sind verbindlich.Das Produktdesign kann von der Abbildung abweichen.'",Felix-Wankel-Strasse 20,Rewe,Bier,2023-07-09,"Gültig ab morgen bis Samstag, 15.07.2023"
Corona Mexican Beer,https://img.rewe-static.de/REWE_CENTER_HZ28_2023/1306571/19881660-30_digital-image.png?impolicy=s-offers&imwidth=200&output-format=image/webp,,https://shop.rewe.de/p/leffe-blond-4x0-33l/7225629,,"je 6 x 0,355-l-Fl.-Sixpack , (1 l = 3.05) , zzgl. 0.48 Pfand",Aktion,"6,49 €","b'Bestellung ab 18 Jahren.F\xc3\xbcr dieses Produkt gilt das Jugendschutzgesetz.ProduktbeschreibungArtikelnummer 1306571Zutaten & AllergeneZutaten: Wasser, Gerstenmalz, Mais, HopfenN\xc3\xa4hrwerteDurchschnittliche N\xc3\xa4hrwerteUnzubereitet pro 100 mlEnergie176 kJEnergie42 kcalFett0 gFett, davon ges\xc3\xa4ttigte Fetts\xc3\xa4uren0 gKohlenhydrate4 gKohlenhydrate, davon Zucker0,15 gBallaststoffe0,3 gEiwei\xc3\x9f0,3 gSalz0,005 gHinweiseInformation: Kein Verzehr in Zusammenhang mita)dem F\xc3\xbchren von Fahrzeugen,b)einer Schwangerschaft,c)Medikamenten-EinnahmeArtikeldetailsMarke: CoronaAlkoholgehalt: 4,5 % Vol.Packungsgr\xc3\xb6\xc3\x9fe: 0,35lx6KontaktKontaktname: Anheuser-Busch !nBev Deutschland GmbH & Co.KGKontaktadresse: Am Deich 18/19, 28199 BremenMaximale Bestellmenge: 15 St\xc3\xbcckF\xc3\xbcr die vorstehenden Angaben wird keine Haftung \xc3\xbcbernommen. Bitte pr\xc3\xbcfen Sie im Einzelfall die Angaben auf der jeweiligen Produktverpackung, nur diese sind verbindlich.Das Produktdesign kann von der Abbildung abweichen.'",Felix-Wankel-Strasse 20,Rewe,Bier,2023-07-09,"Gültig ab morgen bis Samstag, 15.07.2023"
Grauer Burgunder vom Kalkstein oder Scheurebe vom Urmeer QbA,https://img.rewe-static.de/REWE_CENTER_HZ28_2023/2453174/39819992-6_digital-image.png?impolicy=s-offers&imwidth=200&output-format=image/webp,,https://shop.rewe.de/p/leffe-blond-4x0-33l/7225629,,"trocken , je 0,75-l-Fl , (1 l = 5.32)",Knaller,"3,99 €","b'Bestellung ab 18 Jahren.F\xc3\xbcr dieses Produkt gilt das Jugendschutzgesetz.ProduktbeschreibungArtikelnummer 2453174Ausdrucksstarker,k\xc3\xb6rperreicher Weisswein mit viel Schmelz, Frische und Frucht. Ausgewogen und gehaltvoll. \nEmpfehlung: zu hellem Fleisch, gebratenem Fisch, Gefl\xc3\xbcgel, Pasta, Salat \nTrinktemperatur: 8-12\xc2\xb0C Zutaten & AllergeneZutaten: Nicht deklariert: Wei\xc3\x9fwein 97%, Traubenmost, Packgas Kohlendioxid, Antioxidationsmittel (Ascorbins\xc3\xa4ure, Schwefeldioxid), Stabilisator Metaweins\xc3\xa4ure Zusatzstoffe: E 220Allergenhinweise: Schwefeldioxid und Sulfite in einer Konzentration von mehr als 10 mg/kg oder 10 mg/l, als SO2 angegebenN\xc3\xa4hrwerteDurchschnittliche N\xc3\xa4hrwertepro 100 mlEnergie319 kJEnergie77 kcalFett0 gFett, davon ges\xc3\xa4ttigte Fetts\xc3\xa4uren0 gKohlenhydrate0,8 gKohlenhydrate, davon Zucker0,7 gEiwei\xc3\x9f0 gSalz0,02 gArtikeldetailsUrsprungsland: DeutschlandAlkoholgehalt: 12,5 % Vol.Schmeckt zu: Vorspeisen & Salat, Fisch & Meeresfr\xc3\xbcchten, Gefl\xc3\xbcgel, PastaKontaktKontaktname: Reh Kendermann GmbHKontaktadresse: 55411 Bingen, DeutschlandMaximale Bestellmenge: 15 St\xc3\xbcckF\xc3\xbcr die vorstehenden Angaben wird keine Haftung \xc3\xbcbernommen. Bitte pr\xc3\xbcfen Sie im Einzelfall die Angaben auf der jeweiligen Produktverpackung, nur diese sind verbindlich.Das Produktdesign kann von der Abbildung abweichen.'",Felix-Wankel-Strasse 20,Rewe,Wein & Spirituosen,2023-07-09,"Gültig ab morgen bis Samstag, 15.07.2023"
Mezzacorona,https://img.rewe-static.de/REWE_CENTER_HZ28_2023/0274069/35288910-5_digital-image.png?impolicy=s-offers&imwidth=200&output-format=image/webp,,https://shop.rewe.de/p/leffe-blond-4x0-33l/7225629,,"versch. Sorten, trocken , je 0,75-l-Fl , (1 l = 5.32)",Aktion,"3,99 €","b'Bestellung ab 18 Jahren.F\xc3\xbcr dieses Produkt gilt das Jugendschutzgesetz.ProduktbeschreibungArtikelnummer 274069Ein fruchtig und frische Bukett mit\neinem dichten Aroma.\n\nEmpfehlung: zu Vorspeisen, Salaten,\nFisch, Meeresfr\xc3\xbcchten, Schwein, Gefl\xc3\xbcgel\nTrinktemperatur: 8-10\xc2\xb0C Zutaten & AllergeneZutaten: Nicht deklariert:Wei\xc3\x9fwein, rektifiziertes Traubenmostkonzentrat, S\xc3\xa4uerungsmittel (Weins\xc3\xa4ure, Citronens\xc3\xa4ure), Antioxidationsmittel (Schwefeldioxid). Zusatzstoffe: E 220Allergenhinweise: Schwefeldioxid und Sulfite in einer Konzentration von mehr als 10 mg/kg oder 10 mg/l, als SO2 angegebenN\xc3\xa4hrwerteDurchschnittliche N\xc3\xa4hrwertepro 100 mlEnergie302 kJEnergie73 kcalFett0 gFett, davon ges\xc3\xa4ttigte Fetts\xc3\xa4uren0 gKohlenhydrate< 0,5 gKohlenhydrate, davon Zucker< 0,5 gEiwei\xc3\x9f0 gSalz0,02 gArtikeldetailsUrsprungsland: ItalienAlkoholgehalt: 12,5 % Vol.Schmeckt zu: Vorspeisen & Salat, Fisch & Meeresfr\xc3\xbcchten, Gefl\xc3\xbcgel, SchweinKontaktKontaktname: Nosio SpaKontaktadresse: Mezzocorona, , ItalienMaximale Bestellmenge: 15 St\xc3\xbcckF\xc3\xbcr die vorstehenden Angaben wird keine Haftung \xc3\xbcbernommen. Bitte pr\xc3\xbcfen Sie im Einzelfall die Angaben auf der jeweiligen Produktverpackung, nur diese sind verbindlich.Das Produktdesign kann von der Abbildung abweichen.'",Felix-Wankel-Strasse 20,Rewe,Wein & Spirituosen,2023-07-09,"Gültig ab morgen bis Samstag, 15.07.2023"
Berentzen Fruchtige,https://img.rewe-static.de/REWE_CENTER_HZ28_2023/7800169/860690-34_digital-image.png?impolicy=s-offers&imwidth=200&output-format=image/webp,,https://shop.rewe.de/p/berentzen-saurer-apfel-0-7l/7800169,,"versch. Sorten, 15-20% Vol. , je 0,7-l-Fl , (1 l = 7.13)",Aktion,"4,99 €","Bestellung ab 18 Jahren.Für dieses Produkt gilt das Jugendschutzgesetz.ProduktbeschreibungArtikelnummer 7800169HinweiseAufbewahrungs- und Verwendungshinweis: kühl lagern, vor Sonnenlicht schützenArtikeldetailsMarke: BerentzenUrsprungsland: DeutschlandAlkoholgehalt: 16 % Vol.Geschmacksrichtung: Saurer ApfelKontaktKontaktname: Berentzen-Gruppe AktiengesellschaftKontaktadresse: D-49740 HaselünneMaximale Bestellmenge: 15 StückFür die vorstehenden Angaben wird keine Haftung übernommen. Bitte prüfen Sie im Einzelfall die Angaben auf der jeweiligen Produktverpackung, nur diese sind verbindlich.Das Produktdesign kann von der Abbildung abweichen.",Felix-Wankel-Strasse 20,Rewe,Wein & Spirituosen,2023-07-09,"Gültig ab morgen bis Samstag, 15.07.2023"
Süss & Fruchtig Riesling QbA,https://img.rewe-static.de/REWE_CENTER_HZ28_2023/0617358/3723580-26_digital-image.png?impolicy=s-offers&imwidth=200&output-format=image/webp,,https://shop.rewe.de/p/berentzen-saurer-apfel-0-7l/7800169,,"je 0,75-l-Fl , (1 l = 4.65)",Aktion,"3,49 €","b'Bestellung ab 18 Jahren.F\xc3\xbcr dieses Produkt gilt das Jugendschutzgesetz.ProduktbeschreibungArtikelnummer 617358- Fruchtig, mit ausgewogenem S\xc3\xa4urespiel, prickelnd und erfrischend.\n- Empfehlung: Als Aperitif, zum Grillen.\n- Trinktemperatur: 8 - 10\xc2\xb0C. Zutaten & AllergeneZutaten: Enth\xc3\xa4lt SulfiteAllergenhinweise: Enth\xc3\xa4lt: Schwefeldioxid und Sulfite.ArtikeldetailsMarke: Weingut KlundtUrsprungsland: DeutschlandAlkoholgehalt: 9,5 % Vol.Schmeckt zu: Gefl\xc3\xbcgel, Gegrilltem, Vorspeisen & Salat, Asiatischen SpeisenKontaktKontaktname: W\xc3\xbcrttembergische Weing\xc3\xa4rtner ZentralgenossenschaftKontaktadresse: Raiffeisenstra\xc3\x9fe 2, 71696 M\xc3\xb6glingenMaximale Bestellmenge: 15 St\xc3\xbcckF\xc3\xbcr die vorstehenden Angaben wird keine Haftung \xc3\xbcbernommen. Bitte pr\xc3\xbcfen Sie im Einzelfall die Angaben auf der jeweiligen Produktverpackung, nur diese sind verbindlich.Das Produktdesign kann von der Abbildung abweichen.'",Felix-Wankel-Strasse 20,Rewe,Wein & Spirituosen,2023-07-09,"Gültig ab morgen bis Samstag, 15.07.2023"
Mariacron Weinbrand,https://img.rewe-static.de/REWE_CENTER_HZ28_2023/0128546/3384090-30_digital-image.png?impolicy=s-offers&imwidth=200&output-format=image/webp,,https://shop.rewe.de/p/berentzen-saurer-apfel-0-7l/7800169,,"36% Vol. , je 0,7-l-Fl , (1 l = 8.56)",Aktion,"5,99 €","b'Bestellung ab 18 Jahren.F\xc3\xbcr dieses Produkt gilt das Jugendschutzgesetz.ProduktbeschreibungArtikelnummer 128546Der Weinbrand-Kenner sch\xc3\xa4tzt die harmonische Verbindung eines reifen weinigen Buketts und eines charaktervoll milden Geschmacks.Zutaten & AllergeneAllergenhinweise: Kann enthalten: Walnuss und Walnusserzeugnisse.ArtikeldetailsMarke: MariacronUrsprungsland: DeutschlandAlkoholgehalt: 36 % Vol.KontaktKontaktname: Nordbrand Nordhausen GmbHKontaktadresse: 99734 Nordhausen/HarzMaximale Bestellmenge: 15 St\xc3\xbcckF\xc3\xbcr die vorstehenden Angaben wird keine Haftung \xc3\xbcbernommen. Bitte pr\xc3\xbcfen Sie im Einzelfall die Angaben auf der jeweiligen Produktverpackung, nur diese sind verbindlich.Das Produktdesign kann von der Abbildung abweichen.'",Felix-Wankel-Strasse 20,Rewe,Wein & Spirituosen,2023-07-09,"Gültig ab morgen bis Samstag, 15.07.2023"
Pitu Caipirinha,https://img.rewe-static.de/REWE_CENTER_HZ28_2023/8276061/29039537-11_digital-image.png?impolicy=s-offers&imwidth=200&output-format=image/webp,,https://shop.rewe.de/p/berentzen-saurer-apfel-0-7l/7800169,,"10% Vol. , je 0,33-l-Dose , (1 l = 6.03) , zzgl. 0.25 Pfand",Aktion,"1,99 €","b'Bestellung ab 18 Jahren.F\xc3\xbcr dieses Produkt gilt das Jugendschutzgesetz.ProduktbeschreibungArtikelnummer 8276061Zutaten & AllergeneAllergenhinweise: Enth\xc3\xa4lt: Keine deklarationspflichtigen Allergene enthalten.ArtikeldetailsMarke: Pit\xc3\xbaUrsprungsland: DeutschlandAlkoholgehalt: 10 % Vol.KontaktKontaktname: Pit\xc3\xba Importadora-Exportadora GmbHKontaktadresse: D-85435 ErdingF\xc3\xbcr die vorstehenden Angaben wird keine Haftung \xc3\xbcbernommen. Bitte pr\xc3\xbcfen Sie im Einzelfall die Angaben auf der jeweiligen Produktverpackung, nur diese sind verbindlich.Das Produktdesign kann von der Abbildung abweichen.'",Felix-Wankel-Strasse 20,Rewe,Wein & Spirituosen,2023-07-09,"Gültig ab morgen bis Samstag, 15.07.2023"
Oberkircher Collection O,https://img.rewe-static.de/REWE_CENTER_HZ28_2023/0818890/21374366-5_digital-image.png?impolicy=s-offers&imwidth=200&output-format=image/webp,,https://shop.rewe.de/p/berentzen-saurer-apfel-0-7l/7800169,,"Riesling oder Rose QbA feinherb , je 0,75-l-Fl , (1 l = 5.99)",Aktion,"4,49 €","b'Bestellung ab 18 Jahren.F\xc3\xbcr dieses Produkt gilt das Jugendschutzgesetz.ProduktbeschreibungArtikelnummer 818890W\xc3\xbcrzige Zitrus- und Kr\xc3\xa4uteraromen.\nEmpfehlung: Zur leichten K\xc3\xbcche.\nTrinktemperatur: 8 - 10\xc2\xb0C Zutaten & AllergeneZutaten: enth\xc3\xa4lt SulfiteAllergenhinweise: Enth\xc3\xa4lt: Schwefeldioxid und Sulfite.ArtikeldetailsMarke: Oberkircher WinzerEigenschaften: *Neu*Ursprungsland: DeutschlandAlkoholgehalt: 11,5 % Vol.Schmeckt zu: Vorspeisen & Salat, Gem\xc3\xbcseKontaktKontaktname: Oberkircher Winzer eGKontaktadresse: 77704 OberkirchMaximale Bestellmenge: 15 St\xc3\xbcckF\xc3\xbcr die vorstehenden Angaben wird keine Haftung \xc3\xbcbernommen. Bitte pr\xc3\xbcfen Sie im Einzelfall die Angaben auf der jeweiligen Produktverpackung, nur diese sind verbindlich.Das Produktdesign kann von der Abbildung abweichen.'",Felix-Wankel-Strasse 20,Rewe,Wein & Spirituosen,2023-07-09,"Gültig ab morgen bis Samstag, 15.07.2023"
Roku Japanese Craft Gin,https://img.rewe-static.de/REWE_CENTER_HZ28_2023/7159830/28024276-8_digital-image.png?impolicy=s-offers&imwidth=200&output-format=image/webp,,https://shop.rewe.de/p/roku-japanese-craft-gin-0-7l/7159830,,"43% Vol. , je 0,7-l-Fl , (1 l = 31.41)",Aktion,"21,99 €","Bestellung ab 18 Jahren.Für dieses Produkt gilt das Jugendschutzgesetz.ProduktbeschreibungArtikelnummer 7159830Die 6 einzigartigen japanischen Botanicals verleihen Roku Gin seinen perfekt ausbalancierten Geschmack. Diese werden mit acht traditionellen Gin-Zutaten kombiniert, wodurch ein perfekt ausbalancierter, authentischer Gin entsteht. 
 
 Roku, im Japanischen gleichbedeutend mit der Zahl sechs, enthält sechs einzigartige, japanische Botanicals. Diese werden nach dem Prinzip des „SHUN“ in der richtigen Jahreszeit und in ihrer optimalen Reife geerntet, wenn sie ihren vollen Geschmack erreicht haben. So kann das Aroma jedes Botanicals bestmöglich extrahiert werden. Das macht den Premium-Craft-Gin Roku einzigartig und authentisch. Das Beste aus jeder Jahreszeit für einen perfekt ausbalancierten Gin. 
 
 
 Tasting Notes: 
 Aroma: Duft von Kirschblüten und Grünem Tee mit Anklängen von blumig-süßen Noten 
 Geschmack: Komplex und vielschichtig, perfekte Harmonie zwischen klassischem Gin-Geschmack und den speziellen Noten japanischer Botanicals. Mit Yuzu als Hauptnote. Weich und samtig am Gaumen. 
 Abgang: Sansho-Pfeffer sorgt für eine leichte Schärfe beim Abgang... mehr anzeigenRoku ist der erstklassige japanische Craft Gin, der vom House of Suntory in Osaka, Japan, entwickelt wurde. Von japanischen Künstlern mit viel Liebe zum Detail gefertigt, ist Roku die perfekte Balance der Aromen. Seine genaue Balance zeugt von Japans renommierter Handwerkskunst. Suntory hat eine lange Geschichte in der Herstellung von Gin, sie datiert zurück bis 1936, und Roku ist die moderne Verkörperung von Suntorys Beherrschung dieses Prozesses. Im Japanischen bedeutet Roku übersetzt ""sechs"". Roku folgt dem Konzept des Shun – die Tradition, jedes Essen und Trinken in seiner richtigen Jahreszeit zu genießen, nur dann, wenn diese Lebensmittel auf dem Höhepunkt ihrer Aromen sind. In jeder Flasche Roku befinden sich sechs ganz besondere Pflanzen aus Japan. Jede der japanischen Pflanzen wird in ihrer idealen Jahreszeit geerntet und stammt aus den besten Anbaugebieten Japans, um höchste Frische und Geschmack zu gewährleisten. Die sechs japanischen Pflanzen werden mit acht traditionellen Gin-Botanicals kombiniert – Wacholderbeere, Koriandersamen, Angelikawurzel, Angelikasamen, Kardamomsamen, Zimt, Bitterorangenschale und Zitronenschale – für einen authentischen Gin-Geschmack. Ein einzigartiger Mehrfachdestillationsprozess bringt das Beste in jedem Botanical heraus.ArtikeldetailsMarke: Roku GinUrsprungsland: JapanAlkoholgehalt: 43 % Vol.Serviervorschlag: Roku gin is best served in a Japanese gin and tonic. Attention, respect and honor transform this serve into a ritual reminiscent of the spirit ofOmotenashi. Fill your glass to the brim with ice, adding six matchstick slices of ginger to complement the gin's distinctive topnotes of yuzu andsakura (cherry blossom). Pour in your favorite tonic, and stir to chill. Add a measure of Roku, and stir to balance the elements of each season.KontaktKontaktname: Beam Suntory Deutschland GmbHKontaktadresse: Unterschweinstiege 2-14, 60549 Frankfurt am MainFür die vorstehenden Angaben wird keine Haftung übernommen. Bitte prüfen Sie im Einzelfall die Angaben auf der jeweiligen Produktverpackung, nur diese sind verbindlich.Das Produktdesign kann von der Abbildung abweichen.",Felix-Wankel-Strasse 20,Rewe,Wein & Spirituosen,2023-07-09,"Gültig ab morgen bis Samstag, 15.07.2023"
Cecchi Vernaccia di San Gimignano DOCG,https://img.rewe-static.de/REWE_CENTER_HZ28_2023/6969739/3338520-38_digital-image.png?impolicy=s-offers&imwidth=200&output-format=image/webp,,https://shop.rewe.de/p/roku-japanese-craft-gin-0-7l/7159830,,"trocken , je 0,75-l-Fl , (1 l = 6.65)",Aktion,"4,99 €","b'Bestellung ab 18 Jahren.F\xc3\xbcr dieses Produkt gilt das Jugendschutzgesetz.ProduktbeschreibungArtikelnummer 6969739- Trockener leichter Wei\xc3\x9fwein, mit Aromen von tropischen Fr\xc3\xbcchten und mit angenehmer L\xc3\xa4nge.\n- Empfehlung: zu Spargel, Seelachs und Gefl\xc3\xbcgel mit hellen Saucen.\n- Trinktemperatur: 8-10\xc2\xb0C.\n\nAlkoholgehalt: 12,5 % Vol.\n\nAbgef\xc3\xbcllt von:\nCasa Vinicola Luigi Cecchi & Figli srl,\nLoc. Casina dei Ponti N. 56\nCastellina I, 53011\nItalien Zutaten & AllergeneZutaten: Zusatzstoffe: E 220Allergenhinweise: Schwefeldioxid und Sulfite in einer Konzentration von mehr als 10 mg/kg oder 10 mg/l, als SO2 angegebenArtikeldetailsMarke: CecchiUrsprungsland: ItalienSchmeckt zu: Vorspeisen & Salat, Fisch & Meeresfr\xc3\xbcchten, Gefl\xc3\xbcgel, Gem\xc3\xbcseMaximale Bestellmenge: 15 St\xc3\xbcckF\xc3\xbcr die vorstehenden Angaben wird keine Haftung \xc3\xbcbernommen. Bitte pr\xc3\xbcfen Sie im Einzelfall die Angaben auf der jeweiligen Produktverpackung, nur diese sind verbindlich.Das Produktdesign kann von der Abbildung abweichen.'",Felix-Wankel-Strasse 20,Rewe,Wein & Spirituosen,2023-07-09,"Gültig ab morgen bis Samstag, 15.07.2023"
Cooper’s Cider Original,https://img.rewe-static.de/REWE_CENTER_HZ28_2023/8644893/33787768-6_digital-image.png?impolicy=s-offers&imwidth=200&output-format=image/webp,,https://shop.rewe.de/productList?search=8644893,,"je 0,5-l-Dose , (1 l = 1.98) , zzgl. 0.25 Pfand",Aktion,"0,99 €",,Felix-Wankel-Strasse 20,Rewe,Wein & Spirituosen,2023-07-09,"Gültig ab morgen bis Samstag, 15.07.2023"
Rotkäppchen Wein QW/QbA,https://img.rewe-static.de/REWE_CENTER_HZ28_2023/0106641/28014334-5_digital-image.png?impolicy=s-offers&imwidth=200&output-format=image/webp,,https://shop.rewe.de/p/rotkaeppchen-weisswein-mueller-thurgau-halbtrocken-0-75l/106641,,"versch. Sorten, halbtrocken , je 0,75-l-Fl , (1 l = 4.65)",Aktion,"3,49 €","Bestellung ab 18 Jahren.Für dieses Produkt gilt das Jugendschutzgesetz.ProduktbeschreibungArtikelnummer 106641""Rotkäppchen Müller-Thurgau Qualitätswein wird aus den Trauben ausgewählter Weinanbaugebiete in Rheinhessen gewonnen. Dieser hochwertige Weißwein hat einen harmonischen Charakter und ein fein abgestimmtes Bouquet.

Der fruchtige Weißwein bekommt durch eine leichte Muskatnote sein besonderes Temperament. 

Man genießt den Müller-Thurgau Qualitätswein gerne zu unbeschwerten Momenten mit Freunden und der Familie oder zu Zweit. Mit seiner feinfruchtig-spritzigen Note wird dieser Weißwein gerne zu Vorspeisen, Salaten, Nudel- und Geflügelgerichten getrunken. Auch für vegetarische Gerichte ist er der ideale Begleiter. 

Der Rotkäppchen Qualitätswein schmeckt am besten bei einer Trinktemperatur zwischen 8° und 10°C.""... mehr anzeigenMit diesem fruchtig-spritzigen Müller-Thurgau entscheiden Sie sich für ein Qualitätsprodukt aus Deutschland. Erfahrende Kellermeister sorgen für den harmonischen Geschmack und gleichbleibend hohe Qualität. Rotkäppchen bietet Ihnen köstliche Qualitätsweine an, die Liebhabern deutscher Weine genussvolle Stunden schenken.Zutaten & AllergeneZutaten: enthält SulfiteAllergenhinweise: Enthält: Schwefeldioxid und Sulfite.ArtikeldetailsMarke: Rotkäppchen-MummUrsprungsland: DeutschlandAlkoholgehalt: 11 % Vol.Schmeckt zu: Vorspeisen & Salat, Geflügel, PastaKontaktKontaktname: Rotkäppchen-Mumm Sektkellereien GmbHKontaktadresse: Freyburg (Unstrut)Für die vorstehenden Angaben wird keine Haftung übernommen. Bitte prüfen Sie im Einzelfall die Angaben auf der jeweiligen Produktverpackung, nur diese sind verbindlich.Das Produktdesign kann von der Abbildung abweichen.",Felix-Wankel-Strasse 20,Rewe,Wein & Spirituosen,2023-07-09,"Gültig ab morgen bis Samstag, 15.07.2023"
Rietburg Creation QbA,https://img.rewe-static.de/REWE_CENTER_HZ28_2023/1098276/3341860-36_digital-image.png?impolicy=s-offers&imwidth=200&output-format=image/webp,,https://shop.rewe.de/p/rietburg-weisswein-creation-grauer-burgunder-qba-trocken-0-75l/1098276,,"versch. Sorten, trocken , je 0,75-l-Fl , (1 l = 5.05)",Aktion,"3,79 €","Bestellung ab 18 Jahren.Für dieses Produkt gilt das Jugendschutzgesetz.ProduktbeschreibungArtikelnummer 1098276Ein volles Aroma reifer, gelber Früchte und Nüsse mit kräftigem Körper und angenehmer Säure.
Trinktemperatur: 10-12°C. Zutaten & AllergeneZutaten: Enthält SulfiteAllergenhinweise: Enthält: Schwefeldioxid und Sulfite.ArtikeldetailsMarke: Rietburg CreationUrsprungsland: DeutschlandAlkoholgehalt: 12,5 % Vol.Schmeckt zu: Vorspeisen & Salat, Pasta, Pizza, LammKontaktKontaktname: Rietburg WeingenossenschaftKontaktadresse: D-76835 Rhodt unter RietburgFür die vorstehenden Angaben wird keine Haftung übernommen. Bitte prüfen Sie im Einzelfall die Angaben auf der jeweiligen Produktverpackung, nur diese sind verbindlich.Das Produktdesign kann von der Abbildung abweichen.",Felix-Wankel-Strasse 20,Rewe,Wein & Spirituosen,2023-07-09,"Gültig ab morgen bis Samstag, 15.07.2023"
14 Primitivo IGT,https://img.rewe-static.de/REWE_CENTER_HZ28_2023/8725382/35802581-9_digital-image.png?impolicy=s-offers&imwidth=200&output-format=image/webp,,https://shop.rewe.de/p/rietburg-weisswein-creation-grauer-burgunder-qba-trocken-0-75l/1098276,,"versch. Sorten, trocken , je 0,75-l-Fl , (1 l = 7.99)",Aktion,"5,99 €","b'Bestellung ab 18 Jahren.F\xc3\xbcr dieses Produkt gilt das Jugendschutzgesetz.ProduktbeschreibungArtikelnummer 8725382Rubinrote Farbe, duftet nach Waldbeeren, Kirschen und Vanille. Langer eleganter Abgang.\n\nEMPFEHLUNG: zu Rind, Lamm, Gem\xc3\xbcse und Grillen\nTRINKTEMPERATUR: 16-18\xc2\xb0C Zutaten & AllergeneZutaten: Enth\xc3\xa4lt SulfiteAllergenhinweise: Enth\xc3\xa4lt: Schwefeldioxid und Sulfite.ArtikeldetailsMarke: Contessa MarinaUrsprungsland: ItalienAlkoholgehalt: 14 % Vol.Schmeckt zu: Rind, Lamm, Gem\xc3\xbcse, GegrilltemKontaktKontaktname: Saffer Wein GmbHKontaktadresse: Martin Kollar Str. 11, 81829 M\xc3\xbcnchenMaximale Bestellmenge: 15 St\xc3\xbcckF\xc3\xbcr die vorstehenden Angaben wird keine Haftung \xc3\xbcbernommen. Bitte pr\xc3\xbcfen Sie im Einzelfall die Angaben auf der jeweiligen Produktverpackung, nur diese sind verbindlich.Das Produktdesign kann von der Abbildung abweichen.'",Felix-Wankel-Strasse 20,Rewe,Wein & Spirituosen,2023-07-09,"Gültig ab morgen bis Samstag, 15.07.2023"
Pallini Limoncello,https://img.rewe-static.de/REWE_CENTER_HZ28_2023/2022860/25321953-10_digital-image.png?impolicy=s-offers&imwidth=200&output-format=image/webp,,https://shop.rewe.de/p/rietburg-weisswein-creation-grauer-burgunder-qba-trocken-0-75l/1098276,,"26% Vol. , je 0,5-l-Fl , (1 l = 21.98)",Aktion,"10,99 €","b'Bestellung ab 18 Jahren.F\xc3\xbcr dieses Produkt gilt das Jugendschutzgesetz.ProduktbeschreibungArtikelnummer 2022860Zutaten & AllergeneAllergenhinweise: Enth\xc3\xa4lt: Keine deklarationspflichtigen Allergene enthalten.ArtikeldetailsUrsprungsland: ItalienAlkoholgehalt: 26 % Vol.KontaktKontaktname: Pallini SPAKontaktadresse: Via Tiburtina, 1314 00131 Rom, ITF\xc3\xbcr die vorstehenden Angaben wird keine Haftung \xc3\xbcbernommen. Bitte pr\xc3\xbcfen Sie im Einzelfall die Angaben auf der jeweiligen Produktverpackung, nur diese sind verbindlich.Das Produktdesign kann von der Abbildung abweichen.'",Felix-Wankel-Strasse 20,Rewe,Wein & Spirituosen,2023-07-09,"Gültig ab morgen bis Samstag, 15.07.2023"
Lindemans Bin 65 Chardonnay oder Bin 50 Shiraz,https://img.rewe-static.de/REWE_CENTER_HZ28_2023/1474421/10189290-23_digital-image.png?impolicy=s-offers&imwidth=200&output-format=image/webp,,https://shop.rewe.de/p/rietburg-weisswein-creation-grauer-burgunder-qba-trocken-0-75l/1098276,,"trocken , je 0,75-l-Fl , (1 l = 6.65)",Aktion,"4,99 €","b""Bestellung ab 18 Jahren.F\xc3\xbcr dieses Produkt gilt das Jugendschutzgesetz.ProduktbeschreibungArtikelnummer 1474421Volumin\xc3\xb6ser Wei\xc3\x9fwein mit intensiven Vanillearomen, dezentem Frucht-S\xc3\xa4ure-Spiel, mit angenehmer L\xc3\xa4nge.\nTrinktemperatur: 8-10\xc2\xb0C.\n\nAlkoholgehalt: 13,5 % Vol.\n\nImporteur:\nTreasury Wine Estates\nHouse 70 London Road Twickenham Zutaten & AllergeneZutaten: Zusatzstoffe: E 220Allergenhinweise: Schwefeldioxid und Sulfite in einer Konzentration von mehr als 10 mg/kg oder 10 mg/l, als SO2 angegebenArtikeldetailsMarke: Lindeman'sUrsprungsland: AustralienSchmeckt zu: Vorspeisen & Salat, Gefl\xc3\xbcgel, Asiatischen Speisen, PastaMaximale Bestellmenge: 15 St\xc3\xbcckF\xc3\xbcr die vorstehenden Angaben wird keine Haftung \xc3\xbcbernommen. Bitte pr\xc3\xbcfen Sie im Einzelfall die Angaben auf der jeweiligen Produktverpackung, nur diese sind verbindlich.Das Produktdesign kann von der Abbildung abweichen.""",Felix-Wankel-Strasse 20,Rewe,Wein & Spirituosen,2023-07-09,"Gültig ab morgen bis Samstag, 15.07.2023"
Deidesheimer Riesling QbA,https://img.rewe-static.de/REWE_CENTER_HZ28_2023/0018855/1286680-16_digital-image.png?impolicy=s-offers&imwidth=200&output-format=image/webp,,https://shop.rewe.de/p/die-weinmacher-weisswein-riesling-deidesheimer-hofstueck-halbtrocken-1l/18855,,"trocken, halbtrocken , je 1-l-Fl",Aktion,"3,49 €","Bestellung ab 18 Jahren.Für dieses Produkt gilt das Jugendschutzgesetz.ProduktbeschreibungArtikelnummer 18855Blassgelb mit leichtem Grünstich, ausgezeichnetes Aromenspiel.
Trinktemperatur: 8 - 12°C. Zutaten & AllergeneZutaten: Enthält SulfiteAllergenhinweise: Enthält: Schwefeldioxid und Sulfite.ArtikeldetailsMarke: Die WeinmacherUrsprungsland: DeutschlandAlkoholgehalt: 12 % Vol.Serviervorschlag: Ein Genuss zu: Forelle, Tafelspitz oder herzhaften Quiches.Schmeckt zu: Fisch & Meeresfrüchten, KalbKontaktKontaktname: Die Weinmacher GmbHKontaktadresse: 67150 NiederkirchenMaximale Bestellmenge: 15 StückFür die vorstehenden Angaben wird keine Haftung übernommen. Bitte prüfen Sie im Einzelfall die Angaben auf der jeweiligen Produktverpackung, nur diese sind verbindlich.Das Produktdesign kann von der Abbildung abweichen.",Felix-Wankel-Strasse 20,Rewe,Wein & Spirituosen,2023-07-09,"Gültig ab morgen bis Samstag, 15.07.2023"
Sontino Sangiovese IGT,https://img.rewe-static.de/REWE_CENTER_HZ28_2023/7791959/35816374-5_digital-image.png?impolicy=s-offers&imwidth=200&output-format=image/webp,,https://shop.rewe.de/p/die-weinmacher-weisswein-riesling-deidesheimer-hofstueck-halbtrocken-1l/18855,,"halbtrocken , je 0,75-l-Fl , (1 l = 5.99)",Aktion,"4,49 €","b'Bestellung ab 18 Jahren.F\xc3\xbcr dieses Produkt gilt das Jugendschutzgesetz.ProduktbeschreibungArtikelnummer 7791959Rubinrot, Duft nach Blaubeeren, zarte\nR\xc3\xb6staromen, saftiger K\xc3\xb6rper, dezente\nS\xc3\xa4ure, verhaltener Tanningehalt.\nEMPFEHLUNG: zu Pizza, Pasta und\nK\xc3\xa4se\nTRINKTEMPERATUR: 16-18\xc2\xb0C Zutaten & AllergeneZutaten: Enth\xc3\xa4lt SulfiteAllergenhinweise: Enth\xc3\xa4lt: Schwefeldioxid und Sulfite.ArtikeldetailsMarkeSontino Sangiovese BioEigenschaftenBio, VeganUrsprungslandItalienAlkoholgehalt12,5 % Vol.Schmeckt zuPizza, Pasta, K\xc3\xa4se\xc3\x96ko KontrollstelleDE-\xc3\x96KO-003Ort der ErzeugungEU-LandwirtschaftKontaktKontaktname: F.W. Langguth Erben GmbH & Co. KGKontaktadresse: Dr.-Ernst-Spies-Allee 2, 56841 Traben-TrarbachF\xc3\xbcr die vorstehenden Angaben wird keine Haftung \xc3\xbcbernommen. Bitte pr\xc3\xbcfen Sie im Einzelfall die Angaben auf der jeweiligen Produktverpackung, nur diese sind verbindlich.Das Produktdesign kann von der Abbildung abweichen.'",Felix-Wankel-Strasse 20,Rewe,Wein & Spirituosen,2023-07-09,"Gültig ab morgen bis Samstag, 15.07.2023"
Kessler Sekt,https://img.rewe-static.de/REWE_CENTER_HZ28_2023/4652240/2630880-26_digital-image.png?impolicy=s-offers&imwidth=200&output-format=image/webp,,https://shop.rewe.de/p/die-weinmacher-weisswein-riesling-deidesheimer-hofstueck-halbtrocken-1l/18855,,"versch. Sorten , je 0,75-l-Fl , (1 l = 11.32)",Aktion,"8,49 €","b'Bestellung ab 18 Jahren.F\xc3\xbcr dieses Produkt gilt das Jugendschutzgesetz.ProduktbeschreibungArtikelnummer 4652240Zutaten & AllergeneZutaten: Enth\xc3\xa4lt SULFITEAllergenhinweise: Enth\xc3\xa4lt: Schwefeldioxid und Sulfite.HinweiseInformation: Der Alkoholgehalt kann aus nat\xc3\xbcrlichen und produktionstechnischen Gr\xc3\xbcnden Schwankungen zwischen Chargen unterliegen. Der angegebene Gehalt ist ein OrientierungswertArtikeldetailsUrsprungsland: DeutschlandAlkoholgehalt: 12 % Vol.Serviervorschlag: Passt zu Parmaschinken und MeloneKontaktKontaktname: Kessler Sekt GmbH & Co.KGKontaktadresse: 73728 EsslingenMaximale Bestellmenge: 15 St\xc3\xbcckF\xc3\xbcr die vorstehenden Angaben wird keine Haftung \xc3\xbcbernommen. Bitte pr\xc3\xbcfen Sie im Einzelfall die Angaben auf der jeweiligen Produktverpackung, nur diese sind verbindlich.Das Produktdesign kann von der Abbildung abweichen.'",Felix-Wankel-Strasse 20,Rewe,Wein & Spirituosen,2023-07-09,"Gültig ab morgen bis Samstag, 15.07.2023"
Faber Sekt oder Light Live alkoholfrei,https://img.rewe-static.de/REWE_CENTER_HZ28_2023/0315192/34673571-3_digital-image.png?impolicy=s-offers&imwidth=200&output-format=image/webp,,https://shop.rewe.de/p/die-weinmacher-weisswein-riesling-deidesheimer-hofstueck-halbtrocken-1l/18855,,"versch. Sorten , je 0,75-l-Fl , (1 l = 3.32)",Knaller,"2,49 €","b'Bestellung ab 18 Jahren.F\xc3\xbcr dieses Produkt gilt das Jugendschutzgesetz.ProduktbeschreibungArtikelnummer 315192Bring Faber in dein Leben!Zutaten & AllergeneZutaten: Enth\xc3\xa4lt SULFITEAllergenhinweise: Enth\xc3\xa4lt: Schwefeldioxid und Sulfite.HinweiseAufbewahrungs- und Verwendungshinweis: Stets k\xc3\xbchl und dunkel lagern.ArtikeldetailsMarke: FaberUrsprungsland: DeutschlandAlkoholgehalt: 11 % Vol.Packungsgr\xc3\xb6\xc3\x9fe: 0,75lKontaktKontaktname: Sektkellerei Faber GmbHKontaktadresse: Niederkircher Str. 27, 54294 Trier/DeutschlandMaximale Bestellmenge: 15 St\xc3\xbcckF\xc3\xbcr die vorstehenden Angaben wird keine Haftung \xc3\xbcbernommen. Bitte pr\xc3\xbcfen Sie im Einzelfall die Angaben auf der jeweiligen Produktverpackung, nur diese sind verbindlich.Das Produktdesign kann von der Abbildung abweichen.'",Felix-Wankel-Strasse 20,Rewe,Wein & Spirituosen,2023-07-09,"Gültig ab morgen bis Samstag, 15.07.2023"
Jack Daniel's Tennessee Whiskey,https://img.rewe-static.de/REWE_CENTER_HZ28_2023/4676050/3229750-32_digital-image.png?impolicy=s-offers&imwidth=200&output-format=image/webp,,https://shop.rewe.de/p/die-weinmacher-weisswein-riesling-deidesheimer-hofstueck-halbtrocken-1l/18855,,"40% Vol. oder Honey 35% Vol. , je 0,7-l-Fl , (1 l = 22.84)",Knaller,"15,99 €","b""Bestellung ab 18 Jahren.F\xc3\xbcr dieses Produkt gilt das Jugendschutzgesetz.ProduktbeschreibungArtikelnummer 4676050Tropfen f\xc3\xbcr Tropfen \xe2\x80\x93 eindeutig Jack!\nEs gibt \xc3\xbcber ein Dutzend Theorien, warum Jack Daniel seinen Whiskey \xe2\x80\x9eOld No.7\xe2\x80\x9c genannt hat. Eine davon besagt, dass er den sieben wichtigsten Frauen in seinem Leben ein Denkmal setzen wollte. Den wahren Grund kennt aber nur Jack \xe2\x80\x93 und der l\xc3\xa4sst seine Biografen weiter r\xc3\xa4tseln. \nSeit 1866 wird Old No.7 nach dem unver\xc3\xa4nderten Originalrezept von Jack Daniel hergestellt. Sein rauchigmildes Aroma hat ihn zu einem der bekanntesten Whiskey-Klassiker gemacht. \nOb pur, mit Wasser, mit Cola, mit Ginger oder im Cocktail: Jack ist aus den Bars der Welt nicht mehr wegzudenken. Wer nicht selbst mixen m\xc3\xb6chte, der bedient sich mit Jack Daniel\xe2\x80\x98s Premix Longdrinks: klassisch mit Cola oder erfrischend herb mit Ginger. Jack Daniel\xe2\x80\x98s Old No.7 \xe2\x80\x93 auch in den kleinsten \xe2\x80\x9eWhiskeyf\xc3\xa4ssern der Welt\xe2\x80\x9c immer der perfekte Genuss.... mehr anzeigenSeit 1866 wird Old No. 7 nach unver\xc3\xa4ndertem Originalrezept von Jack Daniel hergestellt. Rauchig mildes Aroma mit einem Mix aus Karamell, Vanille und Holznoten.ArtikeldetailsMarke: Jack Daniel'sUrsprungsland: Vereinigte StaatenAlkoholgehalt: 40 % Vol.KontaktKontaktname: BROWN-FORMAN DEUTSCHLAND GMBHKontaktadresse: Dammtorwall 7, 20354 Hamburg, DeutschlandMaximale Bestellmenge: 15 St\xc3\xbcckF\xc3\xbcr die vorstehenden Angaben wird keine Haftung \xc3\xbcbernommen. Bitte pr\xc3\xbcfen Sie im Einzelfall die Angaben auf der jeweiligen Produktverpackung, nur diese sind verbindlich.Das Produktdesign kann von der Abbildung abweichen.""",Felix-Wankel-Strasse 20,Rewe,Wein & Spirituosen,2023-07-09,"Gültig ab morgen bis Samstag, 15.07.2023"
Mionetto Prosecco Spumante DOC,https://img.rewe-static.de/REWE_CENTER_HZ28_2023/2104631/22280027-24_digital-image.png?impolicy=s-offers&imwidth=200&output-format=image/webp,,https://shop.rewe.de/p/die-weinmacher-weisswein-riesling-deidesheimer-hofstueck-halbtrocken-1l/18855,,"versch. Sorten , je 0,75-l-Fl , (1 l = 9.32)",Aktion,"6,99 €","b""Bestellung ab 18 Jahren.F\xc3\xbcr dieses Produkt gilt das Jugendschutzgesetz.ProduktbeschreibungArtikelnummer 2104631Der Prosecco D.O.C. Treviso Brut der Prestige-Linie \xc3\xbcberrascht selbst ausgesprochene Kenner. \nDieser hochwertige Spumante interpretiert die Kategorie 'Brut' v\xc3\xb6llig neu und z\xc3\xa4hlt geschmacklich zu den modernsten seiner Klasse. \nDer Prosecco D.O.C. Treviso Brut besticht durch seine leuchtend strohgelbe Farbe, intensive Perlage, ein fruchtiges Bukett nach Golden Delicious \xc3\x84pfeln und Birnen \nsowie durch feine Aromen nach Akazienhonig. Mionetto Prosecco D.O.C. Treviso Brut zeichnet sich durch sein elegantes Design aus. Das raffiniert moderne Etikett im 27-Grad-Winkel spiegelt sich in der Halsschleife wider.\n\nAlkoholgehalt: 11% Vol.... mehr anzeigenZutaten & AllergeneZutaten:  Enth\xc3\xa4lt Sulfite Zusatzstoffe: E 220Allergenhinweise: Schwefeldioxid und Sulfite in einer Konzentration von mehr als 10 mg/kg oder 10 mg/l, als SO2 angegebenArtikeldetailsMarke: MionettoUrsprungsland: ItalienKontaktKontaktname: Mionetto SPAKontaktadresse: Valdobbiadene, ItalienMaximale Bestellmenge: 15 St\xc3\xbcckF\xc3\xbcr die vorstehenden Angaben wird keine Haftung \xc3\xbcbernommen. Bitte pr\xc3\xbcfen Sie im Einzelfall die Angaben auf der jeweiligen Produktverpackung, nur diese sind verbindlich.Das Produktdesign kann von der Abbildung abweichen.""",Felix-Wankel-Strasse 20,Rewe,Wein & Spirituosen,2023-07-09,"Gültig ab morgen bis Samstag, 15.07.2023"
Cellini Grappa Oro,https://img.rewe-static.de/REWE_CENTER_HZ28_2023/9687947/3673940-23_digital-image.png?impolicy=s-offers&imwidth=200&output-format=image/webp,,https://shop.rewe.de/p/die-weinmacher-weisswein-riesling-deidesheimer-hofstueck-halbtrocken-1l/18855,,"38% Vol. , je 0,7-l-Fl , (1 l = 12.84)",Aktion,"8,99 €","b'Bestellung ab 18 Jahren.F\xc3\xbcr dieses Produkt gilt das Jugendschutzgesetz.ProduktbeschreibungArtikelnummer 9687947Zutaten & AllergeneAllergenhinweise: Enth\xc3\xa4lt: Keine deklarationspflichtigen Allergene enthalten.HinweiseAufbewahrungs- und Verwendungshinweis: Lagerf\xc3\xa4higkeit 2-3 Jahre, bei Zimmertemperatur servierenArtikeldetailsMarke: CelliniUrsprungsland: ItalienAlkoholgehalt: 38 % Vol.KontaktKontaktname: Rolf Herzberger GmbH & Co. KGKontaktadresse: Am Felsbrunnen 8, 66119 Saarbr\xc3\xbcckenMaximale Bestellmenge: 15 St\xc3\xbcckF\xc3\xbcr die vorstehenden Angaben wird keine Haftung \xc3\xbcbernommen. Bitte pr\xc3\xbcfen Sie im Einzelfall die Angaben auf der jeweiligen Produktverpackung, nur diese sind verbindlich.Das Produktdesign kann von der Abbildung abweichen.'",Felix-Wankel-Strasse 20,Rewe,Wein & Spirituosen,2023-07-09,"Gültig ab morgen bis Samstag, 15.07.2023"
La Gioiosa Prosecco Frizzante Treviso DOC,https://img.rewe-static.de/REWE_CENTER_HZ28_2023/0321558/7433190-34_digital-image.png?impolicy=s-offers&imwidth=200&output-format=image/webp,,https://shop.rewe.de/p/die-weinmacher-weisswein-riesling-deidesheimer-hofstueck-halbtrocken-1l/18855,,"je 0,75-l-Fl , (1 l = 7.99)",Aktion,"5,99 €","b'Bestellung ab 18 Jahren.F\xc3\xbcr dieses Produkt gilt das Jugendschutzgesetz.ProduktbeschreibungArtikelnummer 321558Alkoholgehalt: 10 % Vol. Zutaten & AllergeneZutaten: Nicht deklariert:Perlwein, Antioxidationsmittel (Ascorbins\xc3\xa4ure, Schwefeldioxid). Zusatzstoffe: E 220Allergenhinweise: Schwefeldioxid und Sulfite in einer Konzentration von mehr als 10 mg/kg oder 10 mg/l, als SO2 angegebenN\xc3\xa4hrwerteDurchschnittliche N\xc3\xa4hrwertepro 100 mlEnergie292 kJEnergie70 kcalFett0 gFett, davon ges\xc3\xa4ttigte Fetts\xc3\xa4uren0 gKohlenhydrate2,9 gKohlenhydrate, davon Zucker1,1 gEiwei\xc3\x9f< 0,1 gSalz< 0,02 gHinweiseVerwendungshinweise: Trocken und k\xc3\xbchl lagern. Vor Licht sch\xc3\xbctzen.ArtikeldetailsMarke: La GioiosaUrsprungsland: ItalienKontaktKontaktname: La Gioiosa S.p.A.Kontaktadresse: Crocetta del Montello, 31035, ItalienMaximale Bestellmenge: 15 St\xc3\xbcckF\xc3\xbcr die vorstehenden Angaben wird keine Haftung \xc3\xbcbernommen. Bitte pr\xc3\xbcfen Sie im Einzelfall die Angaben auf der jeweiligen Produktverpackung, nur diese sind verbindlich.Das Produktdesign kann von der Abbildung abweichen.'",Felix-Wankel-Strasse 20,Rewe,Wein & Spirituosen,2023-07-09,"Gültig ab morgen bis Samstag, 15.07.2023"
"Tristar Standventilator »VE-5893«
            3",https://img.rewe-static.de/REWE_CENTER_HZ28_2023/8856889/39675573-5_digital-image.png?impolicy=s-offers&imwidth=200&output-format=image/webp,,https://shop.rewe.de/productList?search=8856889,,"Ø ca. 40 cm höhenverstellbar von ca. 105 bis 125 cm 3 Geschwindigkeitsstufen Oszillationsfunktion , je St",Knaller,"21,99 €",,Felix-Wankel-Strasse 20,Rewe,Haushalt,2023-07-09,"Gültig ab morgen bis Samstag, 15.07.2023"
Persil Discs Colorwaschmittel,https://img.rewe-static.de/REWE_CENTER_HZ28_2023/8910199/38493870-5_digital-image.png?impolicy=s-offers&imwidth=200&output-format=image/webp,,https://shop.rewe.de/productList?search=8856889,,"je 76-WL-Btl , (1 WL = 0.26)",Knaller,"19,99 €",nan,Felix-Wankel-Strasse 20,Rewe,Haushalt,2023-07-09,"Gültig ab morgen bis Samstag, 15.07.2023"
Persil Vollwaschmittel Universal Pulver,https://img.rewe-static.de/REWE_CENTER_HZ28_2023/8978010/38493728-8_digital-image.png?impolicy=s-offers&imwidth=200&output-format=image/webp,,https://shop.rewe.de/productList?search=8856889,,"je 90-WL-Pckg , (1 WL = 0.22)",Knaller,"19,99 €","b'Gefahren- / WarnhinweiseAchtungVerursacht schwere Augenreizung.Ist \xc3\xa4rztlicher Rat erforderlich, Verpackung oder Kennzeichnungsetikett bereithalten. Darf nicht in die H\xc3\xa4nde von Kindern gelangen. Schutzhandschuhe/Schutzkleidung/Augenschutz/Gesichtsschutz tragen. BEI KONTAKT MIT DEN AUGEN: Einige Minuten lang behutsam mit Wasser sp\xc3\xbclen. Eventuell vorhandene Kontaktlinsen nach M\xc3\xb6glichkeit entfernen. Weiter sp\xc3\xbclen. Bei anhaltender Augenreizung: \xc3\x84rztlichen Rat einholen/\xc3\xa4rztliche Hilfe hinzuziehen.ProduktbeschreibungArtikelnummer 8978010ArtikeldetailsMarke: PersilUrsprungsland: DeutschlandKontaktKontaktname: Henkel AG & Co. KGaAKontaktadresse: D-40191 D\xc3\xbcsseldorfMaximale Bestellmenge: 15 St\xc3\xbcckF\xc3\xbcr die vorstehenden Angaben wird keine Haftung \xc3\xbcbernommen. Bitte pr\xc3\xbcfen Sie im Einzelfall die Angaben auf der jeweiligen Produktverpackung, nur diese sind verbindlich.Das Produktdesign kann von der Abbildung abweichen.'",Felix-Wankel-Strasse 20,Rewe,Haushalt,2023-07-09,"Gültig ab morgen bis Samstag, 15.07.2023"
Zewa Wisch und Weg Riesenrollen,https://img.rewe-static.de/REWE_CENTER_HZ28_2023/8680834/40049254-11_digital-image.png?impolicy=s-offers&imwidth=200&output-format=image/webp,,https://shop.rewe.de/p/zewa-wisch-weg-limited-edition-riesen-rollen-4x72-blatt/8680834,,je 4 x 72-Blatt-Pckg,Knaller,"4,99 €","ProduktbeschreibungArtikelnummer 8680834ArtikeldetailsMarke: ZewaUrsprungsland: DeutschlandKontaktKontaktname: Essity Germany GmbHKontaktadresse: Sandhofer Strasse 176,68305 MannheimFür die vorstehenden Angaben wird keine Haftung übernommen. Bitte prüfen Sie im Einzelfall die Angaben auf der jeweiligen Produktverpackung, nur diese sind verbindlich.Das Produktdesign kann von der Abbildung abweichen.",Felix-Wankel-Strasse 20,Rewe,Haushalt,2023-07-09,"Gültig ab morgen bis Samstag, 15.07.2023"
Zewa Küchenrolle Original,https://img.rewe-static.de/REWE_CENTER_HZ28_2023/7287498/31362694-14_digital-image.png?impolicy=s-offers&imwidth=200&output-format=image/webp,,https://shop.rewe.de/p/zewa-wisch-weg-kuechentuecher-original-mit-power-x-struktur-8x45-blatt/7287498,,je 8 x 45-Blatt-Pckg,Knaller,"4,99 €","ProduktbeschreibungArtikelnummer 7287498Die Nr. 1 Marke in vertrauter Zewa Qualität: Zewa Wisch&Weg Original Haushaltstücher mit innovativer Power-X-Struktur und Marken-Bordüre, sind extra saugstark und hygienisch - ein Blatt kann ausreichen.* Die innovative Power-X-Struktur der Nr. 1 Marke in vertrauter Zewa Qualität hält die Küchenrolle stark und reißfest, während ihre weichen Kissen besonders gut absorbieren. So können die Haushaltstücher durch die verbesserte Wabentechnologie Flüssigkeit aufnehmen - ganz ohne zu reißen. Es eignet sich als perfekter Helfer für den Küchenalltag, ist im Haushalt vielseitig einsetzbar und das Original überzeugt auch optisch mit der Markenbordüre. 
 
Mit den Haushaltstüchern von Zewa Wisch&Weg lässt sich im Handumdrehen jeder Schmutz und jeder Fleck entfernen – ob auf der Kleidung, der Küchenablage oder dem Boden. Das robuste Papier eignet sich zum Aufwischen, Schrubben, Polieren und Aufsaugen, ohne dabei Fussel zu hinterlassen. 
 
Durch die optimierte Perforation lassen sich die einzelnen Tücher ganz leicht abreißen und es wird kein Papier verschwendet. Durch die hervorragende Qualität wurden die Zewa Wisch&Weg Haushaltstücher im Rahmen einer Umfrage des brancheführenden Magazins Lebensmittel Praxis (LP) von den Verbrauchern zum Produkt des Jahres 2019 gewählt. 
 
Zewa Wisch&Weg ist nicht nur hygienisch und praktisch, sondern auch nachhaltig, denn die Verpackung ist zu 100% recycelbar und reduziert durch die Verwendung von recyceltem Plastik den CO2-Fußabdruck**. Die Tücher bleiben 100% biologisch abbaubar. So sorgt Zewa Wisch&Weg für weniger Plastikmüll und mehr Wohlbefinden. * - Die Nr. 1 Marke in vertrauter Zewa Qualität: Zewa Wisch & Weg Original ist für alle Haushaltsaufgaben geeignet 
- Nassfest, wringfest, schrubbfest 
- Innovative Power-X-Struktur hält Zewa Haushaltstücher stark und reißfest 
- Ein Blatt kann ausreichen* 
- Besonders saugfähige Kissen 
- CO2-reduzierte Verpackung zu 100% recycelbar (gemäß ISO 18604) und aus über 30% recyceltem Plastik hergestellt - für weniger Plastikmüll**... mehr anzeigenArtikeldetailsMarke: ZewaUrsprungsland: DeutschlandKontaktKontaktname: Essity Germany GmbHKontaktadresse: Sandhofer Strasse 176,68305 MannheimFür die vorstehenden Angaben wird keine Haftung übernommen. Bitte prüfen Sie im Einzelfall die Angaben auf der jeweiligen Produktverpackung, nur diese sind verbindlich.Das Produktdesign kann von der Abbildung abweichen.",Felix-Wankel-Strasse 20,Rewe,Haushalt,2023-07-09,"Gültig ab morgen bis Samstag, 15.07.2023"
Meister Proper Reiniger,https://img.rewe-static.de/REWE_CENTER_HZ28_2023/8862064/37400620-7_digital-image.png?impolicy=s-offers&imwidth=200&output-format=image/webp,,https://shop.rewe.de/p/meister-proper-citrusfrische-1-5l/8862064,,"versch. Sorten , je 1,5-l-Fl , (1 l = 1.86)",Aktion,"2,79 €","Gefahren- / WarnhinweiseAchtungVerursacht schwere Augenreizung. Darf nicht in die Hände von Kindern gelangen. BEI KONTAKT MIT DEN AUGEN: Einige Minuten lang behutsam mit Wasser spülen.ProduktbeschreibungArtikelnummer 8862064Meister Proper Allzweckreiniger eignet sich ideal für fast alle glatten Oberflächen. Sie können es für das Spülbecken, fettverschmutzte Herdplatten und als Bodenreiniger verwenden. Das flüssige Meister Proper entfernt bis zu 100% Schmutz und Fett ohne Streifen zu hinterlassen. Entdecken Sie unseren besten Glanz aller Zeiten mit pflanzenbasiertem Inhaltstoff (12% der reinigungsaktiven Substanzen sind aus pflanzlichem, weiterverarbeitetem Ausgangsmaterial). Verleihen Sie Ihrem Zuhause einen frischen Duft Citrusfrische dank seines entzückenden Aromas.HinweiseInformation: Verursacht schwere Augenreizung. Darf nicht in die Hände von Kindern gelangen. BEI KONTAKT MIT DEN AUGEN: Einige Minuten lang behutsam mit Wasser spülen. Nach Gebrauch Hände waschen.ArtikeldetailsMarke: Meister ProperUrsprungsland: ItalienKontaktKontaktname: Procter & Gamble International Operations SAKontaktadresse: 47 route de Saint-Georges, 1213 Petit-Lancy, Switzerland.Maximale Bestellmenge: 15 StückFür die vorstehenden Angaben wird keine Haftung übernommen. Bitte prüfen Sie im Einzelfall die Angaben auf der jeweiligen Produktverpackung, nur diese sind verbindlich.Das Produktdesign kann von der Abbildung abweichen.",Felix-Wankel-Strasse 20,Rewe,Haushalt,2023-07-09,"Gültig ab morgen bis Samstag, 15.07.2023"
Febreze Bad Lufterfrischer,https://img.rewe-static.de/REWE_CENTER_HZ28_2023/7667920/37775438-3_digital-image.png?impolicy=s-offers&imwidth=200&output-format=image/webp,,https://shop.rewe.de/productList?search=7667920,,"Vanille , je 15-ml-Pckg , (1 l = 332.67)",Aktion,"4,99 €",,Felix-Wankel-Strasse 20,Rewe,Haushalt,2023-07-09,"Gültig ab morgen bis Samstag, 15.07.2023"
"Faltbare Helfer
            3",https://img.rewe-static.de/REWE_CENTER_HZ28_2023/7717803/40276895-7_digital-image.png?impolicy=s-offers&imwidth=200&output-format=image/webp,,https://shop.rewe.de/productList?search=7667920,,"Eimer ca. 10 l 3.99 ca. Ø 31,3 cm x 25 cm Geschirrspülschüssel ca. 12 l 5.99 ca. 31,3 x 30,5 x 20 cm Wäschekorb ca. 17 l 7.99 ca. 53,5 x 37,8 x 23,8 cm , St",Aktion,"3,99 €",nan,Felix-Wankel-Strasse 20,Rewe,Haushalt,2023-07-09,"Gültig ab morgen bis Samstag, 15.07.2023"
"Vivess
            3",https://img.rewe-static.de/REWE_CENTER_HZ28_2023/8879469/40276653-7_digital-image.png?impolicy=s-offers&imwidth=200&output-format=image/webp,,https://shop.rewe.de/productList?search=7667920,,"Reinigungsschwamm 2er-Pack 1.89 Badwunder 1.99 Küchenwunder 5er-Pack 2.29 Küchenschwamm 2in1 2er-Pack 2.49 , Pckg",Aktion,"1,89 €",nan,Felix-Wankel-Strasse 20,Rewe,Haushalt,2023-07-09,"Gültig ab morgen bis Samstag, 15.07.2023"
Febreze 3 Volution Duftstecker,https://img.rewe-static.de/REWE_CENTER_HZ28_2023/7715733/37775440-3_digital-image.png?impolicy=s-offers&imwidth=200&output-format=image/webp,,https://shop.rewe.de/productList?search=7715733,,"Vanille , je 20-ml-Pckg , (1 l = 249.50)",Aktion,"4,99 €",,Felix-Wankel-Strasse 20,Rewe,Haushalt,2023-07-09,"Gültig ab morgen bis Samstag, 15.07.2023"
"Kärcher Akku-Fenstersauger »WV 1 Plus«
            3",https://img.rewe-static.de/REWE_CENTER_HZ28_2023/8414526/38280598-6_digital-image.png?impolicy=s-offers&imwidth=200&output-format=image/webp,,https://shop.rewe.de/productList?search=7715733,,je St,Aktion,"39,99 €",nan,Felix-Wankel-Strasse 20,Rewe,Haushalt,2023-07-09,"Gültig ab morgen bis Samstag, 15.07.2023"
"Vivess Espressokocher
            3",https://img.rewe-static.de/REWE_CENTER_HZ28_2023/8380807/33070093-9_digital-image.png?impolicy=s-offers&imwidth=200&output-format=image/webp,,https://shop.rewe.de/productList?search=7715733,,"für 4 Tassen induktions- geeignet , je St",Aktion,"12,99 €",nan,Felix-Wankel-Strasse 20,Rewe,Haushalt,2023-07-09,"Gültig ab morgen bis Samstag, 15.07.2023"
"Fußmatte
            3",https://img.rewe-static.de/REWE_CENTER_HZ28_2023/7810637/36270545-10_digital-image.png?impolicy=s-offers&imwidth=200&output-format=image/webp,,https://shop.rewe.de/productList?search=7715733,,"ca. 60 x 80 cm 7.99 ca. 80 x 120 cm 14.99 , St",Aktion,"7,99 €",nan,Felix-Wankel-Strasse 20,Rewe,Haushalt,2023-07-09,"Gültig ab morgen bis Samstag, 15.07.2023"
Nexa Lotte Mottenschutzpapier,https://img.rewe-static.de/REWE_CENTER_HZ28_2023/7273230/27808982-7_digital-image.png?impolicy=s-offers&imwidth=200&output-format=image/webp,,https://shop.rewe.de/p/nexa-lotte-mottenschutzpapier-2-stueck/7273230,,je 2-St.-Pckg,Aktion,"1,79 €","Gefahren- / WarnhinweiseAchtungSehr giftig für Wasserorganismen, mit langfristiger Wirkung. Ist ärztlicher Rat erforderlich, Verpackung oder Kennzeichnungsetikett bereithalten. Darf nicht in die Hände von Kindern gelangen. Nach Gebrauch Hände gründlich waschen. Inhalt und Behälter in gesicherter Weise der Entsorgung zuführen. Biozidprodukte vorsichtig verwenden. Vor Gebrauch stets Etikett und Produktinformationen lesen.ProduktbeschreibungArtikelnummer 7273230Schützt effektiv bis zu 6 Monate Wollsachen, Mäntel, Kleider, Pelze in Schränken, Koffern, Truhen vor Kleidermotten und Pelzkäferlarven, 2 StreifenHinweiseAufbewahrungs- und Verwendungshinweis: Außer Reichweite von Kindern aufbewahren.Information: Biozidprodukte vorsichtig verwenden. Vor Gebrauch stets Etikett und Produktinformationen lesen.Biozid-Registriernummer: N-77192ArtikeldetailsMarke: Nexa LotteUrsprungsland: DeutschlandKontaktKontaktname: Evergreen Garden Care Deutschland GmbHKontaktadresse: Wilh.-Theodor-Römheld-Str. 30, D-55130 MainzMaximale Bestellmenge: 12 StückFür die vorstehenden Angaben wird keine Haftung übernommen. Bitte prüfen Sie im Einzelfall die Angaben auf der jeweiligen Produktverpackung, nur diese sind verbindlich.Das Produktdesign kann von der Abbildung abweichen.",Felix-Wankel-Strasse 20,Rewe,Haushalt,2023-07-09,"Gültig ab morgen bis Samstag, 15.07.2023"
Calgon 4in1 Tabs Wasserenthärter,https://img.rewe-static.de/REWE_CENTER_HZ28_2023/7649810/39136968-7_digital-image.png?impolicy=s-offers&imwidth=200&output-format=image/webp,,https://shop.rewe.de/p/nexa-lotte-mottenschutzpapier-2-stueck/7273230,,"je 50-Tab-Pckg , (1 Tab = 0.17)",Aktion,"8,49 €","b'ProduktbeschreibungArtikelnummer 7649810Calgon 4in1 Power Tabs sch\xc3\xbctzen Ihre Waschmaschine von innen - schwer zug\xc3\xa4ngliche Maschinenteile, die mit Wasser in Kontakt kommen, werden so vor Kalk, Korissionen, Schmutzablagerungen und Ger\xc3\xbcchen bewahrt.ArtikeldetailsMarke: CalgonEigenschaften: *Neu*Ursprungsland: ItalienKontaktKontaktname: RB Hygiene Home Deutschland GmbHKontaktadresse: Darwinstr. 2-4 69115 HeidelbergMaximale Bestellmenge: 15 St\xc3\xbcckF\xc3\xbcr die vorstehenden Angaben wird keine Haftung \xc3\xbcbernommen. Bitte pr\xc3\xbcfen Sie im Einzelfall die Angaben auf der jeweiligen Produktverpackung, nur diese sind verbindlich.Das Produktdesign kann von der Abbildung abweichen.'",Felix-Wankel-Strasse 20,Rewe,Haushalt,2023-07-09,"Gültig ab morgen bis Samstag, 15.07.2023"
"Rund um den Haushalt
            3",https://img.rewe-static.de/REWE_CENTER_HZ28_2023/8864512/40276805-6_digital-image.png?impolicy=s-offers&imwidth=200&output-format=image/webp,,https://shop.rewe.de/p/nexa-lotte-mottenschutzpapier-2-stueck/7273230,,"versch. Artikel , je St./Set",Aktion,"1,00 €",nan,Felix-Wankel-Strasse 20,Rewe,Haushalt,2023-07-09,"Gültig ab morgen bis Samstag, 15.07.2023"
Weißer Riese Universal Gel Waschmittel,https://img.rewe-static.de/REWE_CENTER_HZ28_2023/8914047/38802583-3_digital-image.png?impolicy=s-offers&imwidth=200&output-format=image/webp,,https://shop.rewe.de/p/nexa-lotte-mottenschutzpapier-2-stueck/7273230,,"je 22-WL-Fl , (1 WL = 0.18)",Aktion,"3,99 €",nan,Felix-Wankel-Strasse 20,Rewe,Haushalt,2023-07-09,"Gültig ab morgen bis Samstag, 15.07.2023"
"Kärcher Zubehör
            3",https://img.rewe-static.de/REWE_CENTER_HZ28_2023/1499528/35187225-7_digital-image.png?impolicy=s-offers&imwidth=200&output-format=image/webp,,https://shop.rewe.de/p/nexa-lotte-mottenschutzpapier-2-stueck/7273230,,"Glasreinigerkonzentrat ca. 500 ml 6.99 (1 l = 13.98) Mikrofaserwischbezug 2er-Pack 9.99 Abziehlippe 2er-Pack 9.99 , Fl./Pckg",Aktion,"6,99 €",nan,Felix-Wankel-Strasse 20,Rewe,Haushalt,2023-07-09,"Gültig ab morgen bis Samstag, 15.07.2023"
Calgon 4in1 Gel,https://img.rewe-static.de/REWE_CENTER_HZ28_2023/7696611/39136970-4_digital-image.png?impolicy=s-offers&imwidth=200&output-format=image/webp,,https://shop.rewe.de/productList?search=7696611,,"je 2300-ml-Fl , (1 l = 3.69)",Aktion,"8,49 €",,Felix-Wankel-Strasse 20,Rewe,Haushalt,2023-07-09,"Gültig ab morgen bis Samstag, 15.07.2023"
Toppits Zipper Allzweck-Beutel,https://img.rewe-static.de/REWE_CENTER_HZ28_2023/2383024/23889433-20_digital-image.png?impolicy=s-offers&imwidth=200&output-format=image/webp,,https://shop.rewe.de/productList?search=7696611,,"1 Liter , je 12-St.-Pckg",Aktion,"1,79 €","b'ProduktbeschreibungArtikelnummer 2383024Der Zipper von Toppits ist die Allzweckl\xc3\xb6sung im Haushalt. Egal ob zum Frischhalten und Einfrieren von Lebensmitteln oder zum bequemen Transport - der Zipper ist der vielseitige K\xc3\xbcchenhelfer schlechthin. Der patentierte Zipper Rei\xc3\x9fverschluss und der praktische Standboden machen den Zipper zu etwas ganz besonderem. \nInhalt: 12 Beutel. Ma\xc3\x9fe: 20,5cm Breite / 16,2cm L\xc3\xa4nge. Die Toppits\xc2\xae Zipper\xc2\xae Beutel sind die Allrounder f\xc3\xbcr zuhause und unterwegs. Dank ihres Rei\xc3\x9fverschlusses halten sie absolut dicht und schlie\xc3\x9fen mit dem typischen ZZZiip Ger\xc3\xa4usch. Ihre hochwertige Spezialfolie ist besonders rei\xc3\x9ffest und wasserdicht. Die wiederverschlie\xc3\x9fbaren Zipper\xc2\xae  Beutel sind mehrfach und universell einsetzbar - ob zum Einfrieren und Frischhalten von Lebensmitteln oder zum sicheren und bequemen Aufbewahren, Sortieren und Transportieren kleinerer Gegenst\xc3\xa4nde aller Art und d\xc3\xbcrfen sogar in der Sp\xc3\xbclmaschine gereinigt werden.HinweiseInformation: Kein Spielzeug! Von Kindern fernhalten \xe2\x80\x93 Erstickungsgefahr!ArtikeldetailsMarke: ToppitsUrsprungsland: PolenKontaktKontaktname: Cofresco Frischhalteprodukte GmbH & Co. KGKontaktadresse: Ringstrasse 99, 32427 MindenMaximale Bestellmenge: 15 St\xc3\xbcckF\xc3\xbcr die vorstehenden Angaben wird keine Haftung \xc3\xbcbernommen. Bitte pr\xc3\xbcfen Sie im Einzelfall die Angaben auf der jeweiligen Produktverpackung, nur diese sind verbindlich.Das Produktdesign kann von der Abbildung abweichen.'",Felix-Wankel-Strasse 20,Rewe,Haushalt,2023-07-09,"Gültig ab morgen bis Samstag, 15.07.2023"
Somat Classic Geschirrreinigertabs,https://img.rewe-static.de/REWE_CENTER_HZ28_2023/8867064/38620868-4_digital-image.png?impolicy=s-offers&imwidth=200&output-format=image/webp,,https://shop.rewe.de/productList?search=7696611,,"je 36-Tab-Pckg , (1 Tab = 0.12)",Aktion,"4,49 €","b'Gefahren- / WarnhinweiseAchtungVerursacht schwere Augenreizung. Ist \xc3\xa4rztlicher Rat erforderlich, Verpackung oder Kennzeichnungsetikett bereithalten. Darf nicht in die H\xc3\xa4nde von Kindern gelangen. Schutzhandschuhe/Schutzkleidung/Augenschutz/Gesichtsschutz tragen. BEI KONTAKT MIT DEN AUGEN: Einige Minuten lang behutsam mit Wasser sp\xc3\xbclen. Eventuell vorhandene Kontaktlinsen nach M\xc3\xb6glichkeit entfernen. Weiter sp\xc3\xbclen. Bei anhaltender Augenreizung: \xc3\x84rztlichen Rat einholen/\xc3\xa4rztliche Hilfe hinzuziehen. ProduktbeschreibungArtikelnummer 8867064ArtikeldetailsMarke: SomatUrsprungsland: DeutschlandKontaktKontaktname: Henkel Wasch- und Reinigungsmittel GmbHKontaktadresse: D-40191 D\xc3\xbcsseldorfMaximale Bestellmenge: 15 St\xc3\xbcckF\xc3\xbcr die vorstehenden Angaben wird keine Haftung \xc3\xbcbernommen. Bitte pr\xc3\xbcfen Sie im Einzelfall die Angaben auf der jeweiligen Produktverpackung, nur diese sind verbindlich.Das Produktdesign kann von der Abbildung abweichen.'",Felix-Wankel-Strasse 20,Rewe,Haushalt,2023-07-09,"Gültig ab morgen bis Samstag, 15.07.2023"
Somat Allin1 Geschirrreingertabs,https://img.rewe-static.de/REWE_CENTER_HZ28_2023/8866769/38621807-5_digital-image.png?impolicy=s-offers&imwidth=200&output-format=image/webp,,https://shop.rewe.de/productList?search=7696611,,"je 25-Tab-Pckg , (1 Tab = 0.18)",Aktion,"4,49 €","b'Gefahren- / WarnhinweiseAchtungVerursacht schwere Augenreizung. Ist \xc3\xa4rztlicher Rat erforderlich, Verpackung oder Kennzeichnungsetikett bereithalten. Darf nicht in die H\xc3\xa4nde von Kindern gelangen. Schutzhandschuhe/Schutzkleidung/Augenschutz/Gesichtsschutz tragen. BEI KONTAKT MIT DEN AUGEN: Einige Minuten lang behutsam mit Wasser sp\xc3\xbclen. Eventuell vorhandene Kontaktlinsen nach M\xc3\xb6glichkeit entfernen. Weiter sp\xc3\xbclen. Bei anhaltender Augenreizung: \xc3\x84rztlichen Rat einholen/\xc3\xa4rztliche Hilfe hinzuziehen. ProduktbeschreibungArtikelnummer 8866769ArtikeldetailsMarke: SomatUrsprungsland: DeutschlandKontaktKontaktname: Henkel Wasch- und Reinigungsmittel GmbHKontaktadresse: D-40191 D\xc3\xbcsseldorfMaximale Bestellmenge: 15 St\xc3\xbcckF\xc3\xbcr die vorstehenden Angaben wird keine Haftung \xc3\xbcbernommen. Bitte pr\xc3\xbcfen Sie im Einzelfall die Angaben auf der jeweiligen Produktverpackung, nur diese sind verbindlich.Das Produktdesign kann von der Abbildung abweichen.'",Felix-Wankel-Strasse 20,Rewe,Haushalt,2023-07-09,"Gültig ab morgen bis Samstag, 15.07.2023"
Toppits Zipper Allzweck-Beutel,https://img.rewe-static.de/REWE_CENTER_HZ28_2023/2383028/23889292-18_digital-image.png?impolicy=s-offers&imwidth=200&output-format=image/webp,,https://shop.rewe.de/productList?search=7696611,,"3 Liter , je 8-St.-Pckg",Aktion,"1,79 €","b'ProduktbeschreibungArtikelnummer 2383028Der Zipper von Toppits ist die Allzweckl\xc3\xb6sung im Haushalt. Egal ob zum Frischhalten und Einfrieren von Lebensmitteln oder zum bequemen Transport - der Zipper ist der vielseitige K\xc3\xbcchenhelfer schlechthin. Der patentierte Zipper Rei\xc3\x9fverschluss und der praktische Standboden machen den Zipper zu etwas ganz besonderem. \n\nInhalt: 8 Beutel. Ma\xc3\x9fe: 25,4cm L\xc3\xa4nge / 27cm Breite. Die Toppits\xc2\xae Zipper\xc2\xae Beutel sind die Allrounder f\xc3\xbcr zuhause und unterwegs. Dank ihres Rei\xc3\x9fverschlusses halten sie absolut dicht und schlie\xc3\x9fen mit dem typischen ZZZiip Ger\xc3\xa4usch. Ihre hochwertige Spezialfolie ist besonders rei\xc3\x9ffest und wasserdicht. Die wiederverschlie\xc3\x9fbaren Zipper\xc2\xae  Beutel sind mehrfach und universell einsetzbar - ob zum Einfrieren und Frischhalten von Lebensmitteln oder zum sicheren und bequemen Aufbewahren, Sortieren und Transportieren kleinerer Gegenst\xc3\xa4nde aller Art und d\xc3\xbcrfen sogar in der Sp\xc3\xbclmaschine gereinigt werden.HinweiseInformation: Kein Spielzeug! Von Kindern fernhalten - ErstickungsgefahrArtikeldetailsMarke: ToppitsUrsprungsland: PolenKontaktKontaktname: Cofresco Frischhalteprodukte GmbH & Co. KGKontaktadresse: Ringstrasse 99, 32427 MindenMaximale Bestellmenge: 15 St\xc3\xbcckF\xc3\xbcr die vorstehenden Angaben wird keine Haftung \xc3\xbcbernommen. Bitte pr\xc3\xbcfen Sie im Einzelfall die Angaben auf der jeweiligen Produktverpackung, nur diese sind verbindlich.Das Produktdesign kann von der Abbildung abweichen.'",Felix-Wankel-Strasse 20,Rewe,Haushalt,2023-07-09,"Gültig ab morgen bis Samstag, 15.07.2023"
Der General Allzweckreiniger,https://img.rewe-static.de/REWE_CENTER_HZ28_2023/2440649/32569301-7_digital-image.png?impolicy=s-offers&imwidth=200&output-format=image/webp,,https://shop.rewe.de/productList?search=7696611,,"Bergfrühling , je 750-ml-Fl , (1 l = 2.12)",Aktion,"1,59 €","b'Gefahren- / WarnhinweiseEnth\xc3\xa4lt POLYETHERPOLYPHOSPHAT. Kann allergische Reaktionen\r\nhervorrufen.ProduktbeschreibungArtikelnummer 2440649\xe2\x80\xa2Repair und Refresh Effekt \xe2\x80\x93 DER GENERAL f\xc3\xbcllt wirksam kleinste Kratzer und Besch\xc3\xa4digungen auf und sorgt f\xc3\xbcr langanhaltenden Glanz und Frische auf den behandelten Oberfl\xc3\xa4chen \n \n\xe2\x80\xa2Ideale Reinigung \xe2\x80\x93 DER GENERAL Universalreiniger beseitigt hartn\xc3\xa4ckigen Schmutz und Fett wie bew\xc3\xa4hrt leicht und gr\xc3\xbcndlich \n \n\xe2\x80\xa2Langanhaltende Frische - Der typisch frische Duft des Bergfr\xc3\xbchlings sorgt f\xc3\xbcr ein langanhaltendes Dufterlebnis, auch noch lange nach dem Putzen \n \n\xe2\x80\xa2Schnelle Trocknung und Strahlender Glanz \xe2\x80\x93 DER GENERAL Universalreiniger trocknet schnell und sorgt f\xc3\xbcr ein streifenfreies Ergebnis ohne R\xc3\xbcckst\xc3\xa4nde, damit kein Nachwischen erforderlich ist. \n \n \nDER GENERAL Universalreiniger Bergfr\xc3\xbchling beseitigt sowohl hartn\xc3\xa4ckigen Schmutz als auch Fett bew\xc3\xa4hrt leicht und gr\xc3\xbcndlich und sorgt f\xc3\xbcr strahlenden Glanz auf allen Oberfl\xc3\xa4chen. Gl\xc3\xa4nzendes Ergebnis auf allen feucht abwischbaren Oberfl\xc3\xa4chen schon nach dem ersten Wisch.Der typisch frische Fr\xc3\xbchlingsduft wie in den Bergen bereitet ein lang anhaltendes Dufterlebnis noch lange nach dem Putzen.... mehr anzeigenArtikeldetailsMarke: Der GeneralUrsprungsland: DeutschlandKontaktKontaktname: Henkel Wasch- und Reinigungsmittel GmbHKontaktadresse: D-40191 D\xc3\xbcsseldorfMaximale Bestellmenge: 15 St\xc3\xbcckF\xc3\xbcr die vorstehenden Angaben wird keine Haftung \xc3\xbcbernommen. Bitte pr\xc3\xbcfen Sie im Einzelfall die Angaben auf der jeweiligen Produktverpackung, nur diese sind verbindlich.Das Produktdesign kann von der Abbildung abweichen.'",Felix-Wankel-Strasse 20,Rewe,Haushalt,2023-07-09,"Gültig ab morgen bis Samstag, 15.07.2023"
Spee Power Caps Colorwaschmittel,https://img.rewe-static.de/REWE_CENTER_HZ28_2023/8904688/38802581-5_digital-image.png?impolicy=s-offers&imwidth=200&output-format=image/webp,,https://shop.rewe.de/productList?search=7696611,,"je 18-WL-Pckg , (1 WL = 0.22)",Aktion,"3,99 €","b'Gefahren- / WarnhinweiseAchtungVerursacht Hautreizungen. Verursacht schwere Augenreizung. Sch\xc3\xa4dlich f\xc3\xbcr Wasserorganismen, mit langfristiger Wirkung. Enth\xc3\xa4lt Subtilisin. Kann allergische Reaktionen hervorrufen. Ist \xc3\xa4rztlicher Rat erforderlich, Verpackung oder Kennzeichnungsetikett bereithalten. Darf nicht in die H\xc3\xa4nde von Kindern gelangen. BEI BER\xc3\x9cHRUNG MIT DER HAUT: Mit viel Wasser waschen. BEI KONTAKT MIT DEN AUGEN: Einige Minuten lang behutsam mit Wasser sp\xc3\xbclen. Eventuell vorhandene Kontaktlinsen nach M\xc3\xb6glichkeit entfernen. Weiter sp\xc3\xbclen. Bei anhaltender Augenreizung: \xc3\x84rztlichen Rat einholen/\xc3\xa4rztliche Hilfe hinzuziehen. BEI VERSCHLUCKEN: Mund aussp\xc3\xbclen. KEIN Erbrechen herbeif\xc3\xbchren. Sofort GIFTINFORMATIONSZENTRUM/Arzt anrufen. Inhalt/Beh\xc3\xa4lter gem\xc3\xa4\xc3\x9f nationalen Vorschriften der Entsorgung zuf\xc3\xbchren.ProduktbeschreibungArtikelnummer 8904688ArtikeldetailsMarke: SpeeUrsprungsland: UngarnKontaktKontaktname: Henkel AG & Co. KGaAKontaktadresse: D-40191 D\xc3\xbcsseldorfMaximale Bestellmenge: 15 St\xc3\xbcckF\xc3\xbcr die vorstehenden Angaben wird keine Haftung \xc3\xbcbernommen. Bitte pr\xc3\xbcfen Sie im Einzelfall die Angaben auf der jeweiligen Produktverpackung, nur diese sind verbindlich.Das Produktdesign kann von der Abbildung abweichen.'",Felix-Wankel-Strasse 20,Rewe,Haushalt,2023-07-09,"Gültig ab morgen bis Samstag, 15.07.2023"
Perwoll Renew Wolle & Feines Waschmittel,https://img.rewe-static.de/REWE_CENTER_HZ28_2023/8867091/38485180-5_digital-image.png?impolicy=s-offers&imwidth=200&output-format=image/webp,,https://shop.rewe.de/productList?search=7696611,,"je 21-WL-Fl , (1 WL = 0.20)",Aktion,"4,29 €","b'Gefahren- / WarnhinweiseAchtungVerursacht schwere Augenreizung. Kann allergische Hautreaktionen verursachen.  Ist \xc3\xa4rztlicher Rat erforderlich, Verpackung oder Kennzeichnungsetikett bereithalten. Darf nicht in die H\xc3\xa4nde von Kindern gelangen. Schutzhandschuhe/Schutzkleidung/Augenschutz/Gesichtsschutz tragen. BEI BER\xc3\x9cHRUNG MIT DER HAUT: Mit viel Wasser waschen. BEI KONTAKT MIT DEN AUGEN: Einige Minuten lang behutsam mit Wasser sp\xc3\xbclen. Eventuell vorhandene Kontaktlinsen nach M\xc3\xb6glichkeit entfernen. Weiter sp\xc3\xbclen. Bei anhaltender Augenreizung: \xc3\x84rztlichen Rat einholen/\xc3\xa4rztliche Hilfe hinzuziehen. Inhalt/Beh\xc3\xa4lter gem\xc3\xa4\xc3\x9f nationalen Vorschriften der Entsorgung zuf\xc3\xbchren.ProduktbeschreibungArtikelnummer 8867091ArtikeldetailsMarke: PerwollUrsprungsland: DeutschlandKontaktKontaktname: Henkel Wasch- und Reinigungsmittel GmbHKontaktadresse: D-40191 D\xc3\xbcsseldorfMaximale Bestellmenge: 15 St\xc3\xbcckF\xc3\xbcr die vorstehenden Angaben wird keine Haftung \xc3\xbcbernommen. Bitte pr\xc3\xbcfen Sie im Einzelfall die Angaben auf der jeweiligen Produktverpackung, nur diese sind verbindlich.Das Produktdesign kann von der Abbildung abweichen.'",Felix-Wankel-Strasse 20,Rewe,Haushalt,2023-07-09,"Gültig ab morgen bis Samstag, 15.07.2023"
Perwoll Renew Schwarz Waschmittel,https://img.rewe-static.de/REWE_CENTER_HZ28_2023/7725449/38485168-5_digital-image.png?impolicy=s-offers&imwidth=200&output-format=image/webp,,https://shop.rewe.de/productList?search=7696611,,"je 25-WL-Fl , (1 WL = 0.17)",Aktion,"4,29 €","b'Gefahren- / WarnhinweiseAchtungVerursacht schwere Augenreizung. Kann allergische Hautreaktionen verursachen. Ist \xc3\xa4rztlicher Rat erforderlich, Verpackung oder Kennzeichnungsetikett bereithalten. Darf nicht in die H\xc3\xa4nde von Kindern gelangen. Schutzhandschuhe/Schutzkleidung/Augenschutz/Gesichtsschutz tragen. BEI BER\xc3\x9cHRUNG MIT DER HAUT: Mit viel Wasser waschen. BEI KONTAKT MIT DEN AUGEN: Einige Minuten lang behutsam mit Wasser sp\xc3\xbclen. Eventuell vorhandene Kontaktlinsen nach M\xc3\xb6glichkeit entfernen. Weiter sp\xc3\xbclen. Bei anhaltender Augenreizung: \xc3\x84rztlichen Rat einholen/\xc3\xa4rztliche Hilfe hinzuziehen. Inhalt/Beh\xc3\xa4lter gem\xc3\xa4\xc3\x9f nationalen Vorschriften der Entsorgung zuf\xc3\xbchren.ProduktbeschreibungArtikelnummer 7725449ArtikeldetailsMarke: PerwollUrsprungsland: DeutschlandKontaktKontaktname: Henkel Wasch- und Reinigungsmittel GmbHKontaktadresse: D-40191 D\xc3\xbcsseldorfMaximale Bestellmenge: 15 St\xc3\xbcckF\xc3\xbcr die vorstehenden Angaben wird keine Haftung \xc3\xbcbernommen. Bitte pr\xc3\xbcfen Sie im Einzelfall die Angaben auf der jeweiligen Produktverpackung, nur diese sind verbindlich.Das Produktdesign kann von der Abbildung abweichen.'",Felix-Wankel-Strasse 20,Rewe,Haushalt,2023-07-09,"Gültig ab morgen bis Samstag, 15.07.2023"
Love Nature Colorwaschmittel flüssig oder Wash Bars Universal Waschmittel,https://img.rewe-static.de/REWE_CENTER_HZ28_2023/7778383/36786099-8_digital-image.png?impolicy=s-offers&imwidth=200&output-format=image/webp,,https://shop.rewe.de/productList?search=7696611,,"je 20-WL-Pckg./Fl , (1 WL = 0.21)",Aktion,"4,29 €","b'Gefahren- / WarnhinweiseGefahrVerursacht Hautreizungen. Verursacht schwere Augensch\xc3\xa4den. Ist \xc3\xa4rztlicher Rat erforderlich, Verpackung oder Kennzeichnungsetikett bereithalten. Darf nicht in die H\xc3\xa4nde von Kindern gelangen. Schutzhandschuhe/Schutzkleidung/Augenschutz/Gesichtsschutz tragen. BEI BER\xc3\x9cHRUNG MIT DER HAUT: Mit viel Wasser waschen. BEI KONTAKT MIT DEN AUGEN: Einige Minuten lang behutsam mit Wasser sp\xc3\xbclen. Eventuell vorhandene Kontaktlinsen nach M\xc3\xb6glichkeit entfernen. Weiter sp\xc3\xbclen. Sofort GIFTINFORMATIONSZENTRUM oder Arzt anrufen. ProduktbeschreibungArtikelnummer 7778383Inhaltsstoffe: 5-15%: anionische Tenside, nichtionische Tenside, Seife. Weitere Inhaltsstoffe: Duftstoffe, Konservierungsmittel (Benzisothiazolinone, Phenoxyethanol), Enzyme (Amylase, Subtilisin, Lipase, Cellulase, Mannanase). ArtikeldetailsMarke: Love NatureUrsprungsland: DeutschlandKontaktKontaktname: Love Nature GmbHKontaktadresse: Niederheider Stra\xc3\x9fe 22. 40589 D\xc3\xbcsseldorfMaximale Bestellmenge: 15 St\xc3\xbcckF\xc3\xbcr die vorstehenden Angaben wird keine Haftung \xc3\xbcbernommen. Bitte pr\xc3\xbcfen Sie im Einzelfall die Angaben auf der jeweiligen Produktverpackung, nur diese sind verbindlich.Das Produktdesign kann von der Abbildung abweichen.'",Felix-Wankel-Strasse 20,Rewe,Haushalt,2023-07-09,"Gültig ab morgen bis Samstag, 15.07.2023"
Pril Geschirrspülmittel,https://img.rewe-static.de/REWE_CENTER_HZ28_2023/8430871/30955216-20_digital-image.png?impolicy=s-offers&imwidth=200&output-format=image/webp,,https://shop.rewe.de/productList?search=7696611,,"Sensitive Aloe Vera , je 450-ml-Fl , (1 l = 3.31)",Aktion,"1,49 €","b'Gefahren- / WarnhinweiseAchtungVerursacht schwere Augenreizung.Ist \xc3\xa4rztlicher Rat erforderlich, Verpackung oder Kennzeichnungsetikett bereithalten. Darf nicht in die H\xc3\xa4nde von Kindern gelangen. BEI KONTAKT MIT DEN AUGEN: Einige Minuten lang behutsam mit Wasser sp\xc3\xbclen. Eventuell vorhandene Kontaktlinsen nach M\xc3\xb6glichkeit entfernen. Weiter sp\xc3\xbclen. Bei anhaltender Augenreizung: \xc3\x84rztlichen Rat einholen/\xc3\xa4rztliche Hilfe hinzuziehenProduktbeschreibungArtikelnummer 8430871Inhaltsstoffe: 5-15%: anionische Tenside, <5%: amphotere Tenside. Weitere Inhaltsstoffe: Konservierungsmittel (Benzisothiazolinone, Phenoxyethanol), Duftstoffe. ArtikeldetailsMarke: PrilUrsprungsland: DeutschlandKontaktKontaktname: Henkel Wasch- und Reinigungsmittel GmbHKontaktadresse: D-40191 D\xc3\xbcsseldorfMaximale Bestellmenge: 15 St\xc3\xbcckF\xc3\xbcr die vorstehenden Angaben wird keine Haftung \xc3\xbcbernommen. Bitte pr\xc3\xbcfen Sie im Einzelfall die Angaben auf der jeweiligen Produktverpackung, nur diese sind verbindlich.Das Produktdesign kann von der Abbildung abweichen.'",Felix-Wankel-Strasse 20,Rewe,Haushalt,2023-07-09,"Gültig ab morgen bis Samstag, 15.07.2023"
WC Frisch Kraft-Aktiv,https://img.rewe-static.de/REWE_CENTER_HZ28_2023/8033644/30582431-9_digital-image.png?impolicy=s-offers&imwidth=200&output-format=image/webp,,https://shop.rewe.de/productList?search=7696611,,"versch. Sorten , je 50-g-Pckg , (1 kg = 33.80)",Aktion,"1,69 €","b'Gefahren- / WarnhinweiseAchtungVerursacht schwere Augenreizung. Verursacht Hautreizungen. Enth\xc3\xa4lt Cineol. Kann allergische Reaktionen hervorrufen. Ist \xc3\xa4rztlicher Rat erforderlich, Verpackung oder Kennzeichnungsetikett bereithalten. Darf nicht in die H\xc3\xa4nde von Kindern gelangen. Schutzhandschuhe/Schutzkleidung/Augenschutz/Gesichtsschutz tragen. BEI BER\xc3\x9cHRUNG MIT DER MAUT: Mit viel Wasser waschen. BEI KONTAKT MIT DEN AUGEN: Einige Minuten lang behutsam mit Wasser sp\xc3\xbclen. Eventuell vorhandene Kontaktlinsen nach M\xc3\xb6glichkeit entfernen. Weiter sp\xc3\xbclen. Bei anhaltender Augenreizung: \xc3\x84rztlichen Rat einholen/\xc3\xa4rztliche Hilfe hinzuziehen. Inhalt/Beh\xc3\xa4lter gem\xc3\xa4\xc3\x9f nationalen Vorschriften der Entsorgung zuf\xc3\xbchren.ProduktbeschreibungArtikelnummer 8033644ArtikeldetailsMarke: WC FrischUrsprungsland: DeutschlandKontaktKontaktname: Henkel Wasch- und Reinigungsmittel GmbHKontaktadresse: D-40191 D\xc3\xbcsseldorfMaximale Bestellmenge: 15 St\xc3\xbcckF\xc3\xbcr die vorstehenden Angaben wird keine Haftung \xc3\xbcbernommen. Bitte pr\xc3\xbcfen Sie im Einzelfall die Angaben auf der jeweiligen Produktverpackung, nur diese sind verbindlich.Das Produktdesign kann von der Abbildung abweichen.'",Felix-Wankel-Strasse 20,Rewe,Haushalt,2023-07-09,"Gültig ab morgen bis Samstag, 15.07.2023"
Sil Fleckenspray,https://img.rewe-static.de/REWE_CENTER_HZ28_2023/8522595/32524924-7_digital-image.png?impolicy=s-offers&imwidth=200&output-format=image/webp,,https://shop.rewe.de/productList?search=7696611,,"je 500-ml-Fl , (1 l = 5.18)",Aktion,"2,59 €","b'Gefahren- / WarnhinweiseGefahrVerursacht schwere Augensch\xc3\xa4den.Ist \xc3\xa4rztlicher Rat erforderlich, Verpackung oder Kennzeichnungsetikett bereithalten. Darf nicht in die H\xc3\xa4nde von Kindern gelangen. Schutzhandschuhe/Schutzkleidung/Augenschutz/Gesichtsschutz tragen. Nur im Freien oder in gut bel\xc3\xbcfteten R\xc3\xa4umen verwenden. Einatmen von Staub/Rauch/Gas/Nebel/Dampf/Aerosol vermeiden. BEI KONTAKT MIT DEN AUGEN: Einige Minuten lang behutsam mit Wasser sp\xc3\xbclen. Eventuell vorhandene Kontaktlinsen nach M\xc3\xb6glichkeit entfernen. Weiter sp\xc3\xbclen. Sofort GIFTINFORMATIONSZENTRUM/Arzt anrufen. ProduktbeschreibungArtikelnummer 8522595Inhaltsstoffe: 5-15%: anionische Tenside, <5%: nichtionische Tenside.\nWeitere Inhaltsstoffe: Duftstoffe. ArtikeldetailsMarke: SilUrsprungsland: DeutschlandKontaktKontaktname: Henkel Wasch- und Reinigungsmittel GmbHKontaktadresse: D-40191 D\xc3\xbcsseldorfMaximale Bestellmenge: 15 St\xc3\xbcckF\xc3\xbcr die vorstehenden Angaben wird keine Haftung \xc3\xbcbernommen. Bitte pr\xc3\xbcfen Sie im Einzelfall die Angaben auf der jeweiligen Produktverpackung, nur diese sind verbindlich.Das Produktdesign kann von der Abbildung abweichen.'",Felix-Wankel-Strasse 20,Rewe,Haushalt,2023-07-09,"Gültig ab morgen bis Samstag, 15.07.2023"
Pril Geschirrspülmittel,https://img.rewe-static.de/REWE_CENTER_HZ28_2023/7984180/32682384-2_digital-image.png?impolicy=s-offers&imwidth=200&output-format=image/webp,,https://shop.rewe.de/productList?search=7696611,,"Original , je 675-ml-Fl , (1 l = 2.21)",Aktion,"1,49 €","b'Gefahren- / WarnhinweiseAchtungKann allergische Hautreaktionen verursachen. Verursacht schwere Augenreizung. Sch\xc3\xa4dlich f\xc3\xbcr Wasserorganismen, mit langfristiger Wirkung.Ist \xc3\xa4rztlicher Rat erforderlich, Verpackung oder Kennzeichnungsetikett bereithalten. Darf nicht in die H\xc3\xa4nde von Kindern gelangen. BEI KONTAKT MIT DEN AUGEN: Einige Minuten lang behutsam mit Wasser sp\xc3\xbclen. Eventuell vorhandene Kontaktlinsen nach M\xc3\xb6glichkeit entfernen. Weiter sp\xc3\xbclen. Bei anhaltender Augenreizung: \xc3\x84rztlichen Rat einholen/\xc3\xa4rztliche Hilfe hinzuziehen. Inhalt/Beh\xc3\xa4lter gem\xc3\xa4\xc3\x9f nationalen Vorschriften der Entsorgung zuf\xc3\xbchren.ProduktbeschreibungArtikelnummer 7984180Inhaltsstoffe: 5-15%: anionische Tenside, <5%: nichtionische Tenside. Weitere Inhaltsstoffe: Konservierungsmittel (Methylisothiazolinone, Benzisothiazolinone), Duftstoffe (Limonene), Enzyme. ArtikeldetailsMarke: PrilUrsprungsland: DeutschlandKontaktKontaktname: Henkel Wasch- und Reinigungsmittel GmbHKontaktadresse: D-40191 D\xc3\xbcsseldorfMaximale Bestellmenge: 15 St\xc3\xbcckF\xc3\xbcr die vorstehenden Angaben wird keine Haftung \xc3\xbcbernommen. Bitte pr\xc3\xbcfen Sie im Einzelfall die Angaben auf der jeweiligen Produktverpackung, nur diese sind verbindlich.Das Produktdesign kann von der Abbildung abweichen.'",Felix-Wankel-Strasse 20,Rewe,Haushalt,2023-07-09,"Gültig ab morgen bis Samstag, 15.07.2023"
"Reinigungszubehör
            3",https://img.rewe-static.de/REWE_CENTER_HZ28_2023/7716789/40276765-5_digital-image.png?impolicy=s-offers&imwidth=200&output-format=image/webp,,https://shop.rewe.de/productList?search=7696611,,"aus Bambus Bürste 1.99 Kehrgarnitur 3.99 , St./Set",Tiefpreis,"1,99 €",nan,Felix-Wankel-Strasse 20,Rewe,Haushalt,2023-07-09,"Gültig ab morgen bis Samstag, 15.07.2023"
Scholl Fussdeo Extra Frisch,https://img.rewe-static.de/REWE_CENTER_HZ28_2023/0491175/22914387-17_digital-image.png?impolicy=s-offers&imwidth=200&output-format=image/webp,,https://shop.rewe.de/p/scholl-fresh-step-fuss-deo-extra-frisch-150ml/491175,,"je 150-ml-Dose , (1 l = 11.93)",Aktion,"1,79 €","Gefahren- / WarnhinweiseGefahrProduktbeschreibungArtikelnummer 491175Dank Scholl Fresh Step Extra Frisch können Sie ohne Bedenken Ihre Schuhe ausziehen. Die spezielle Rezeptur mit dem zarten Duft schenkt Ihren Füßen Frische für den ganzen Tag. Das extrafrische Fußdeo besitzt eine spezielle Dual-Active-Rezeptur. Es neutralisiert Gerüche sofort und schützt die Füße 24h vor Gerüchen. ArtikeldetailsMarke: SchollUrsprungsland: PolenKontaktKontaktname: Scholl´s Wellness Company GmbHKontaktadresse: Schwalbacher Str. 76, D-65183 WiesbadenMaximale Bestellmenge: 15 StückFür die vorstehenden Angaben wird keine Haftung übernommen. Bitte prüfen Sie im Einzelfall die Angaben auf der jeweiligen Produktverpackung, nur diese sind verbindlich.Das Produktdesign kann von der Abbildung abweichen.",Felix-Wankel-Strasse 20,Rewe,Drogerie,2023-07-09,"Gültig ab morgen bis Samstag, 15.07.2023"
Scholl Schuhdeo Geruchsstopp,https://img.rewe-static.de/REWE_CENTER_HZ28_2023/0432330/23198757-18_digital-image.png?impolicy=s-offers&imwidth=200&output-format=image/webp,,https://shop.rewe.de/p/scholl-fresh-step-schuh-deo-geruchsstop-150ml/432330,,"je 150-ml-Dose , (1 l = 11.93)",Aktion,"1,79 €","Gefahren- / WarnhinweiseGefahrExtrem entzündbares Aerosol. Behälter steht unter Druck: Kann bei Erwärmung bersten. Verursacht schwere Augenreizung. Vor Gebrauch Kennzeichnungsetikett lesen. Darf nicht in die Hände von Kindern gelangen. Ist ärztlicher Rat erforderlich, Verpackung oder Kennzeichnungsetikett bereithalten. Von Hitze, heißen Oberflächen, Funken, offenen Flammen und anderen Zündquellen fernhalten. Nicht rauchen. Nicht gegen offene Flamme oder andere Zündquelle sprühen.Vor Sonnenbestrahlung und Temperaturen über 50 ºC schützen. Nicht durchstechen oder verbrennen, auch nicht nach Gebrauch. BEI KONTAKT MIT DEN AUGEN: Einige Minuten lang behutsam mit Wasser spülen. Eventuell vorhandene Kontaktlinsen nach Möglichkeit entfernen. Weiter spülen.ProduktbeschreibungArtikelnummer 432330Das Scholl Fresh Step Geruchsstopp Schuhspray trocknet rückstandsfrei, sodass Sie jederzeit und überall ohne Bedenken Ihre Schuhe ausziehen können. Das Schuhspray besitzt eine spezielle Dual-Active Technolgoie. Das Scholl Fresh Step Geruchsstopp Schuhspray beseitigt Gerüche sofort und bietet 24h Geruchsschutz und Frische für Ihre Schuhe. Es ist für alle Schuhtypen geeignet. Das Schuhdeo beseitigt Gerüche und Sie können Ihre Schuhe jederzeit und ohne Bedenken ausziehen. Für alle Schuhtypen geeignet. Dieses Produkt ist für Diabetiker geeignet. GebrauchsgegenstandInhaltsstoffeAlcohol denat., Butane, Isobutane, Propane, Parfum, Limonene, Hexyl Cinnamal.HinweiseInformation: Behälter steht unter Druck: Kann bei Erwärmung bersten.Extrem entzündbares Aerosol.Extrem entzündbares Gas.Flüssigkeit und Dampf leicht entzündbar.Biozid-Registriernummer: N-48113ArtikeldetailsMarke: SchollUrsprungsland: PolenKontaktKontaktname: Scholl´s Wellness Company GmbHKontaktadresse: Schwalbacher Str. 76, D-65183 WiesbadenMaximale Bestellmenge: 15 StückFür die vorstehenden Angaben wird keine Haftung übernommen. Bitte prüfen Sie im Einzelfall die Angaben auf der jeweiligen Produktverpackung, nur diese sind verbindlich.Das Produktdesign kann von der Abbildung abweichen.",Felix-Wankel-Strasse 20,Rewe,Drogerie,2023-07-09,"Gültig ab morgen bis Samstag, 15.07.2023"
Blistex Lippenbalsam,https://img.rewe-static.de/REWE_CENTER_HZ28_2023/4502272/1557250-27_digital-image.png?impolicy=s-offers&imwidth=200&output-format=image/webp,,https://shop.rewe.de/p/blistex-lippenbalsam-6ml/4502272,,je Pckg,Aktion,"1,59 €","ProduktbeschreibungArtikelnummer 4502272Blistex Lippenbalsam aus der Tube 6ml. Blistex Lippenbalsam 
Blistex Lippenbalsam sorgt schon ab der ersten Anwendung für eine spürbare Erleichterung.InhaltsstoffeAqua, Cera Alba, Simmondsia Chinensis Seed Oil, Mono- and Di-glycerides, Polyglyceryl-3 Diisostearate, Vitis Vinifera Seed Oil, Ethylhexyl Salicylate, Sorbitan Isostearate, Alcohol Denat., Butyrospermum Parkii Butter, Glycerin, Hydrogenated Soy Polyglycerides, Lanolin, Stearyl Behenate, Olea Europaea Fruit Oil, Mentha Piperita Oil, Aroma, Allantoin, Camphor, Dimethicone, Ammonium Hydroxide, Arachidyl Alcohol, Arachidyl Glucoside, Behenyl Alcohol, C15-23 Alkane, Calcium Disodium EDTA, Hydrated Silica, Lanolin Alcohol, Limonene, Linalool, Phosphoric Acid, Sodium Hydroxide, Sodium Saccharin, Thymol.HinweiseInformation: Nicht geeignet für Kinder unter 7 Jahren.ArtikeldetailsMarke: BlistexUrsprungsland: Vereinigte StaatenLaufzeit nach Öffnen: 12 MonateKontaktKontaktname: delta pronaturaKontaktadresse: Kurt-Schumacher-Ring 15-17, 63329 EgelsbachFür die vorstehenden Angaben wird keine Haftung übernommen. Bitte prüfen Sie im Einzelfall die Angaben auf der jeweiligen Produktverpackung, nur diese sind verbindlich.Das Produktdesign kann von der Abbildung abweichen.",Felix-Wankel-Strasse 20,Rewe,Drogerie,2023-07-09,"Gültig ab morgen bis Samstag, 15.07.2023"
8x4 Deospray,https://img.rewe-static.de/REWE_CENTER_HZ28_2023/8330708/31500814-17_digital-image.png?impolicy=s-offers&imwidth=200&output-format=image/webp,,https://shop.rewe.de/p/8x4-deospray-no-7-fresh-lime-150ml/8330708,,"versch. Sorten , je 150-ml-Dose , (1 l = 15.93)",Aktion,"2,39 €","Gefahren- / WarnhinweiseGefahrExtrem entzündbares Aerosol. Behälter steht unter Druck: Kann bei Erwärmung bersten.Darf nicht in die Hände von Kindern gelangen. Von Hitze, heißen Oberflächen, Funken, offenen Flammen und anderen Zündquellen fernhalten. Nicht rauchen. Nicht gegen offene Flamme oder andere Zündquelle sprühen. Nicht durchstechen oder verbrennen, auch nicht nach Gebrauch. Vor Sonnenbestrahlung schützen. Nicht Temperaturen über 50 °C/122 °F aussetzen.ProduktbeschreibungArtikelnummer 8330708Fühl dich klar, frisch und aufgeräumt – egal wohin deine Reise geht! N°7 ist der perfekte Fit für Trendsetter, Firstmover und Frühaufsteher. Frische Zitrusnoten geben dir nämlich schon
morgens im Bad den ersten Kick. Und der hält an: dank eingebautem 48h-Schutz. On top gibt’s
das minimalistische Design. Gern geschehen – we know you love it.

• Frisch-fruchtiger Duft
• 48h zuverlässiger Deoschutz
• Für jeden Hauttyp
• Ohne Aluminium (ACH)
• Keine Rückstände
• Hautverträglichkeit dermatologisch bestätigtInhaltsstoffeButane, Alcohol Denat., Isobutane, Propane, Octenidine HCl, Ethylhexylglycerin, Octyldodecanol, Propylene Glycol, Aqua, Benzyl Alcohol, Limonene, Benzyl Salicylate, Citronellol, Linalool, Geraniol, Citral, Parfum.HinweiseInformation: Gefahr/ Extrem entzündbares Aerosol. Behälter steht unter Druck: Kann bei Erwärmung bersten. Vor Hitze, heißen Oberächen, Funken, offenen Flammen und anderen Zündquellen fernhalten. Nicht rauchen. Nicht gegen offene Flamme oder andere Zündquellen sprühen. Nicht durchstechen oder verbrennen, auch nicht nach Gebrauch. Vor Sonneneinstrahlung schützen. Nicht Temperaturen über 50°C aussetzen. Nur entleerte Dosen in die Wertstoffsammlung geben. Benutzung nur entsprechend Verwendungszweck. Nicht in die Augen sprühen.Längeres Sprühen und direktes Einatmen vermeiden. Darf nicht in die Hände von Kindern gelangen.ArtikeldetailsMarke: 8x4Ursprungsland: DeutschlandLaufzeit nach Öffnen: 12 MonateKontaktKontaktname: Beiersdorf AGKontaktadresse: Unnastrasse 4820245 HamburgFür die vorstehenden Angaben wird keine Haftung übernommen. Bitte prüfen Sie im Einzelfall die Angaben auf der jeweiligen Produktverpackung, nur diese sind verbindlich.Das Produktdesign kann von der Abbildung abweichen.",Felix-Wankel-Strasse 20,Rewe,Drogerie,2023-07-09,"Gültig ab morgen bis Samstag, 15.07.2023"
Spa Secrets Purity Bodycream,https://img.rewe-static.de/REWE_CENTER_HZ28_2023/7702908/38529507-8_digital-image.png?impolicy=s-offers&imwidth=200&output-format=image/webp,,https://shop.rewe.de/productList?search=7702908,,"je 250-ml-Tiegel , (1 l = 9.96)",Aktion,"2,49 €",,Felix-Wankel-Strasse 20,Rewe,Drogerie,2023-07-09,"Gültig ab morgen bis Samstag, 15.07.2023"
Veet Haarentfernungs-Creme,https://img.rewe-static.de/REWE_CENTER_HZ28_2023/1092760/36152824-6_digital-image.png?impolicy=s-offers&imwidth=200&output-format=image/webp,,https://shop.rewe.de/p/veet-silk-fresh-haarentfernungs-creme-sensible-haut-100ml/1092760,,"Sensible Haut , je 100-ml-Tuben-Pckg , (1 l = 39.90)",Aktion,"3,99 €","Gefahren- / WarnhinweiseWICHTIGE HINWEISE: Verpackung mit den vollständigen wichtigen Hinweisen aufbewahren. Vor Anwendung alle wichtigen Hinweise lesen und befolgen. Gebrauchsanweisung beachten. Insgesamt nicht länger als 10 Minuten einwirken lassen. Für die Anwendung an Beinen, Armen, Achselhöhlen und Bikinizone entwickelt. 
NICHT GEEIGNET für Kopf, Gesicht, Augen, Nase, Ohren, Anal- oder Genitalbereich sowie Brustwarzen oder andere Körperpartien. NICHT VERWENDEN auf Krampfadern, Narben, Muttermalen, bei pickliger, geschädigter, gereizter Haut, Sonnenbrand oder bei vorangegangenen Hautreaktionen auf Enthaarungs-Creme. Warten Sie immer 72 Stunden bis zur nächsten Enthaarung. Bei Einnahme von Medikamenten, die die Haut beeinflussen können, bei Hautkrankheiten oder sonstigen Beschwerden, die Auswirkungen auf die Haut haben, vor der Anwendung einen Arzt konsultieren. FÜHREN SIE vor jeder Anwendung EINEN HAUTTEST DURCH, indem Sie das Produkt auf einer kleinen Stelle der zu enthaarenden Körperregion nach Gebrauchsanweisung anwenden. Wenn nach 24 STUNDEN keine Hautreaktionen auftreten, können Sie mit der Enthaarung fortfahren. Bei Brennen/Prickeln während der Anwendung, das Produkt sofort entfernen und die Haut gründlich mit kaltem Wasser abspülen. Wenn das Brennen anhält, ärztlichen Rat einholen. Nach der Enthaarung kann die Haut für kurze Zeit empfindlicher sein, vermeiden Sie daher, sich zu kratzen. Nach der Haarentfernung empfehlen wir 24 Stunden zu warten, bevor Sie Deos oder parfümierte Produkte auftragen, schwimmen gehen, ein Sonnenbad nehmen oder Bräunungsgeräte bzw. -creme verwenden.

NICHT IN DER REICHWEITE VON KINDERN AUFBEWAHREN. Bei Verschlucken sofort einen Arzt aufsuchen und Packung vorzeigen. Kontakt mit den Augen vermeiden. Im Falle von Berührung mit den Augen sofort mit viel Wasser spülen und einen Arzt aufsuchen. Enthält Alkali. Enthält Salze der Thioglycolsäure. Das Produkt kann Oberflächen rutschig machen. Kontakt mit Teppichen, Kleidung und Fußböden vermeiden.ProduktbeschreibungArtikelnummer 1092760Die neue Veet Haarentfernungs-Creme mit Silk & Fresh Technology mit neuem sensationellen Duft macht die Haarentfernung zum angenehmen Erlebnis. Es bleibt kein unangenehmer Geruch auf der Haut zurück. 
Die Haarentfernungs-Creme entfernt unerwünschte Haare effektiv, spendet Feuchtigkeit und bietet Ihnen seidig glatte Haut. Tragen Sie die Veet Haarentfernungs- Creme einfach auf die Haut auf, warten Sie 5 Minuten, und entfernen Sie Creme und Haare mit dem Spatel. Das Ergebnis: Seidenglatte Beine - bis zu zweimal länger als bei einer Rasur.... mehr anzeigenInhaltsstoffeAqua, Urea, Paraffinum Liquidum, Cetearyl Alcohol, Potassium Thioglycolate, Calcium Hydroxide, Talc, Ceteareth-20, Glycerin, Sorbitol, Parfum, Magnesium Trisilicate, Propylene Glycol, Lithium Magnesium Sodium Silicate, Sodium Gluconate, Tocopheryl Acetate, Aloe Barbadensis Leaf Juice, Hexyl Cinnamal, Linalool, Acrylates Copolymer, Butylphenyl Methylpropional, Potassium Sorbate, Sodium Benzoate, CI 77891HinweiseAufbewahrungs- und Verwendungshinweis: Nicht in Reichweite von Kindern aufbewahren.Information: WICHTIGE HINWEISE.Verpackung mit den vollständigen Hinweisen aufbewahren. Vor Anwendung alle wichtigen Hinweise lesen und befolgen. Gebrauchsanweisung beachten.Insgesamt nicht länger als 6 Minuten einwirken lassen.Für die Anwendung an Beinen, Armen, Achselhöhlen und Bikinizone entwickelt. NICHT GEEIGNET für Kopf, Gesicht, Augen, Nase, Ohren, Anal - oder Genitalbereich sowie Brustwarzen oder andere Körperpartien.NICHT VERWENDEN auf Krampfadern, Narben, Muttermalen, bei pickliger, geschädigter, gereizter Haut, Sonnenbrand oder bei vorangegangenen Hautreaktionen auf Haarentfernungs-Creme.Warten Sie immer 72 Stunden bis zur nächsten Enthaarung. Bei Einnahme von Medikamenten, die die Haut beeinflussen können, bei Hautkrankheiten oder sonstigen Beschwerden, dieAuswirkungen auf die Haut haben, vor der Anwendung einen Arzt konsultieren. FÜHREN SIE vor jeder Anwendung EINEN HAUTTEST DURCH, indem Sie das Produkt auf einer kleinen Stelle der zu enthaarenden Körperregion nach Gebrauchsanweisung anwenden. Wenn nach 24 STUNDEN keine Hautreaktionen auftreten, können Sie mit der Enthaarung fortfahren. Bei Brennen/Prickeln während der Anwendung, das Produkt sofort entfernen und die Haut gründlich mit kaltem Wasser abspülen. Wenn das Brennen anhält, ärztlichen Rat einholen. Nach der Enthaarung kann die Haut für kurze Zeit empfindlicher sein, vermeiden Sie daher, sich zu kratzen. Nach der Haarentfernung empfehlen wir 24 Stunden zu warten, bevor Sie Deosoder parfümierte Produkte auftragen, schwimmen gehen, ein Sonnenbad nehmen oder Bräunungsgeräte bzw. -creme verwenden.NICHT IN DER REICHWEITE VON KINDERN AUFBEWAHREN. Bei Verschlucken sofort einen Arzt aufsuchen und Packung vorzeigen. Kontakt mit den Augen vermeiden. Im Falle von Berührung mit den Augen sofort mit viel Wasser spülen und einen Arzt aufsuchen. Enthält Alkali. Enthält Salze der Thioglycolsäure. Das Produkt kann Oberflächen rutschig machen. Kontakt mit Teppichen, Kleidung und Fußböden vermeiden.ArtikeldetailsMarke: VeetUrsprungsland: FrankreichSorte: Sensible HautKontaktKontaktname: Reckitt Benckiser Deutschland GmbHKontaktadresse: Darwinstr. 2-4  69115 HeidelbergFür die vorstehenden Angaben wird keine Haftung übernommen. Bitte prüfen Sie im Einzelfall die Angaben auf der jeweiligen Produktverpackung, nur diese sind verbindlich.Das Produktdesign kann von der Abbildung abweichen.",Felix-Wankel-Strasse 20,Rewe,Drogerie,2023-07-09,"Gültig ab morgen bis Samstag, 15.07.2023"
Schaeben’s Feuchtigkeits-Maske,https://img.rewe-static.de/REWE_CENTER_HZ28_2023/4605985/22380964-20_digital-image.png?impolicy=s-offers&imwidth=200&output-format=image/webp,,https://shop.rewe.de/p/schaebens-feuchtigkeits-maske-2x5ml/4605985,,"je 2 x 5-ml-Pckg , (1 l = 55.00)",Aktion,"0,55 €","ProduktbeschreibungArtikelnummer 4605985Schaebens Feuchtigkeitsmaske mit Aloe Vera, Avocado, Gurke, Urea und Thermalwasser
- erhöht die Hautfeuchtigkeit mit Sofort-Effekt
- schützt vor Feuchtigkeitsverlust
- reduziert und glättet Trockenheitsfältchen
- reguliert die Feuchtigkeitsbalance der Haut. Schaebens Feuchtigkeits Maske


HYPOALLERGEN**

- weniger als 1 Hautunverträglichkeit pro Million Packungen
-  erhöht die Hautfeuchtigkeit mit Sofort-Effekt
- verbessert die Hydration für 48h um bis zu 22%*InhaltsstoffeAqua, Cetearyl Alcohol, Glycine Soja Oil, Hydroxyethyl Urea, C12-15 Alkyl Benzoate, Sorbitol, Caprylic/Capric Triglyceride, Hamamelis Virginiana Water, Hydrogenated Polydecene, Persea Gratissima Oil, Aloe Barbadensis Leaf Juice Powder, Ascorbyl Palmitate, BHT, Bisabolol, Cucumis Sativus Fruit Extract, Lecithin, Panthenol, Tocopherol, Tocopheryl Acetate, Alcohol, Ammonium Lactate, Benzoic Acid, Citric Acid, Disodium Phosphate, Ethylhexylglycerin, Glyceryl Oleate, Glyceryl Stearate, Parfum, Phenoxyethanol, Potassium Phosphate, Propylene Glycol, Sodium Cetearyl Sulfate, Sodium Chloride, Sodium Hydroxide, Sodium Lactate, Sodium Sulfate, Tetrasodium Glutamate Diacetate, CI 42090 ,CI 47005.ArtikeldetailsMarke: SchaebensUrsprungsland: DeutschlandKontaktKontaktname: SchaebensKontaktadresse: 50226 Frechen, GermanyFür die vorstehenden Angaben wird keine Haftung übernommen. Bitte prüfen Sie im Einzelfall die Angaben auf der jeweiligen Produktverpackung, nur diese sind verbindlich.Das Produktdesign kann von der Abbildung abweichen.",Felix-Wankel-Strasse 20,Rewe,Drogerie,2023-07-09,"Gültig ab morgen bis Samstag, 15.07.2023"
Hipp Kinder- Grieß oder -Keks,https://img.rewe-static.de/REWE_CENTER_HZ28_2023/8656801/38273032-3_digital-image.png?impolicy=s-offers&imwidth=200&output-format=image/webp,,https://shop.rewe.de/productList?search=8656801,,"je 450-g-Pckg , (1 kg = 8.87)",Aktion,"3,99 €",,Felix-Wankel-Strasse 20,Rewe,Drogerie,2023-07-09,"Gültig ab morgen bis Samstag, 15.07.2023"
Head & Shoulders Spülung,https://img.rewe-static.de/REWE_CENTER_HZ28_2023/8709395/35150455-5_digital-image.png?impolicy=s-offers&imwidth=200&output-format=image/webp,,https://shop.rewe.de/p/head-shoulders-dermax-pro-kopfhautpflege-beruhigend-200ml/8709395,,"Dermax Pro , je 200-ml-Tube , (1 l = 21.45)",Aktion,"4,29 €","ProduktbeschreibungArtikelnummer 8709395Wussten Sie, dass trockene, juckende (verbunden mit Schuppen) Kopfhaut mehr als nur Feuchtigkeit benötigt? Head & Shoulders DERMAXPRO Beruhigend Haar- & Kopfhautpflegespülung wirkt am Besten gemeinsam mit dem Anti-Schuppen Shampoo und spenden Haar und Kopfhaut ultimative Feuchtigkeit. Unsere feuchtigkeitsspendende Formel ist mit den hautpflegenden Substanzen Kaktus-Extrakt, aktiver Aloe und Vitamin E angereichert und basiert auf dem klinisch getesteten Wirkstoff Pirocton Olamin. Das Ergebnis? Eine mit Feuchtigkeit versorgte, schuppenfreie* Kopfhaut.

*sichtbare Schuppen, bei regelmäßigem AnwendungInhaltsstoffeIngredients: Aqua, Stearyl Alcohol, Behentrimonium Chloride, Cetyl Alcohol, Isopropyl Alcohol, Bis-Aminopropyl Dimethicone, Phenoxyethanol, Benzyl Alcohol, Parfum, Sodium Benzoate, Piroctone Olamine, Citric Acid, Tocopheryl Acetate, Menthol, Hexyl Cinnamal, Polysorbate 20, Aloe Barbadensis Leaf Juice, Linalool, Hydroxycitronellal, Geraniol, Propylene Glycol, Cereus Grandiflorus Flower Extract, Bambusa Vulgaris Leaf/Stem ExtractHinweiseInformation: Augenkontakt vermeiden. Bei Kontakt mit Wasser ausspülen.ArtikeldetailsMarke: Head & ShouldersUrsprungsland: FrankreichLaufzeit nach Öffnen: 12 MonateKontaktKontaktname: Procter & GambleKontaktadresse: 65823 Schwalbach/Ts., GermanyFür die vorstehenden Angaben wird keine Haftung übernommen. Bitte prüfen Sie im Einzelfall die Angaben auf der jeweiligen Produktverpackung, nur diese sind verbindlich.Das Produktdesign kann von der Abbildung abweichen.",Felix-Wankel-Strasse 20,Rewe,Drogerie,2023-07-09,"Gültig ab morgen bis Samstag, 15.07.2023"
Odol Med 3 Zahncreme Brillant White,https://img.rewe-static.de/REWE_CENTER_HZ28_2023/7698078/39710386-3_digital-image.png?impolicy=s-offers&imwidth=200&output-format=image/webp,,https://shop.rewe.de/productList?search=7698078,,"je 75-ml-Tuben-Pckg , (1 l = 33.20)",Aktion,"2,49 €",,Felix-Wankel-Strasse 20,Rewe,Drogerie,2023-07-09,"Gültig ab morgen bis Samstag, 15.07.2023"
Head & Shoulders Shampoo,https://img.rewe-static.de/REWE_CENTER_HZ28_2023/8766880/35150369-5_digital-image.png?impolicy=s-offers&imwidth=200&output-format=image/webp,,https://shop.rewe.de/p/head-shoulders-anti-schuppen-shampoo-dermax-pro-beruhigend-225ml/8766880,,"Dermax Pro , je 225-ml-Fl , (1 l = 19.07)",Aktion,"4,29 €","ProduktbeschreibungArtikelnummer 8766880Wussten Sie, dass trockene, juckende Kopfhaut mehr als nur Feuchtigkeit benötigt? Head & Shoulders DERMAXPRO Beruhigend Anti-Schuppen Shampoo & Kopfhautpflege hilft, die natürliche Hautbarriere zu stärken, und stellt die natürliche Balance Ihrer Kopfhaut wieder her. Unsere feuchtigkeitsspendende Formel ist mit den hautpflegenden Substanzen Kaktus-Extrakt, aktiver Aloe und Vitamin E angereichert und basiert auf dem klinisch getesteten Wirkstoff Pirocton Olamin. Das Ergebnis? Eine mit Feuchtigkeit versorgte, schuppenfreie* Kopfhaut. *sichtbare Schuppen, bei regelmäßiger AnwendungInhaltsstoffeIngredients: Aqua, Sodium Laureth Sulfate, Sodium Lauryl Sulfate, Sodium Chloride, Sodium Xylenesulfonate, Cocamidopropyl Betaine, Glycol Distearate, Sodium Citrate, Dimethiconol, Dimethicone, Piroctone Olamine, Parfum, Citric Acid, Sodium Benzoate, Sodium Salicylate, TEA-Dodecylbenzenesulfonate, Guar Hydroxypropyltrimonium Chloride, Menthol, Tocopheryl Acetate, Trideceth-10, Tetrasodium EDTA, Sodium Hydroxide, Hexyl Cinnamal, Linalool, Aloe Barbadensis Leaf Juice, Hydroxycitronellal, Geraniol, Propylene Glycol, Benzyl Alcohol, Triethylene Glycol, Cereus Grandiflorus Flower Extract, Bambusa Vulgaris Leaf/StemextractHinweiseInformation: Augenkontakt vermeiden. Bei Kontakt mit Wasser ausspülen.ArtikeldetailsMarke: Head & ShouldersUrsprungsland: FrankreichLaufzeit nach Öffnen: 12 MonateKontaktKontaktname: Procter & GambleKontaktadresse: 65823 Schwalbach/Ts., GermanyFür die vorstehenden Angaben wird keine Haftung übernommen. Bitte prüfen Sie im Einzelfall die Angaben auf der jeweiligen Produktverpackung, nur diese sind verbindlich.Das Produktdesign kann von der Abbildung abweichen.",Felix-Wankel-Strasse 20,Rewe,Drogerie,2023-07-09,"Gültig ab morgen bis Samstag, 15.07.2023"
Pantene ProV Perfect Schaumfestiger,https://img.rewe-static.de/REWE_CENTER_HZ28_2023/8845543/39710399-3_digital-image.png?impolicy=s-offers&imwidth=200&output-format=image/webp,,https://shop.rewe.de/productList?search=8845543,,"Volume , je 200-ml-Dose , (1 l = 17.45)",Aktion,"3,49 €",,Felix-Wankel-Strasse 20,Rewe,Drogerie,2023-07-09,"Gültig ab morgen bis Samstag, 15.07.2023"
Pantene ProV Perfect Haarspray,https://img.rewe-static.de/REWE_CENTER_HZ28_2023/8847317/39710401-3_digital-image.png?impolicy=s-offers&imwidth=200&output-format=image/webp,,https://shop.rewe.de/productList?search=8847317,,"Volume , je 250-ml-Dose , (1 l = 13.96)",Aktion,"3,49 €",,Felix-Wankel-Strasse 20,Rewe,Drogerie,2023-07-09,"Gültig ab morgen bis Samstag, 15.07.2023"
Poly Palette Intensiv Creme Coloration,https://img.rewe-static.de/REWE_CENTER_HZ28_2023/3069437/30652486-5_digital-image.png?impolicy=s-offers&imwidth=200&output-format=image/webp,,https://shop.rewe.de/p/poly-palette-intensiv-creme-coloration-500-dunkelblond-115ml/3069437,,"versch. Nuance , je Pckg",Aktion,"2,49 €","ProduktbeschreibungArtikelnummer 3069437Die intensive Color-Creme mit Mikro-Ölen lässt die hochkonzentrierten Farbpigmente tief in das Haarinnere eindringen und versiegelt sie im Haar. Für eine besonders ausdrucksstarke und langanhaltende Farbe. POLY PALETTE Intensiv Creme Coloration – Reichhaltige Color-Creme für permanent intensive Farben
 Die POLY PALETTE Intensiv Creme Coloration verleiht eine besonders ausdrucksstarke und langanhaltende Farbe bis zu 8 Wochen. Die reichhaltige Formel mit Ölen lässt die hoch konzentrierten Farbpigmente tief in das Haarinnere eindringen und versiegelt sie im Haar. Zusätzlich sorgt die verwöhnende Pflegemaske mit natürlichem Marula-Öl für atemberaubenden Glanz, indem sie die Haaroberfläche glättet. Die speziell entwickelte Formel der SCHWARZKOPF Haarfarbe sorgt für wundervolle Farbergebnisse – vom Ansatz bis in die Spitzen.
 Die Produktvorteile im Detail:
 
 Strahlende, langanhaltende Farbe
 Mit natürlichem Marula-Öl
 Verwöhnende Pflegemaske glättet die Haaroberfläche
 
 Anwendung: Die Anwendung entnehmen Sie bitte der Packungsbeilage.
 Darf nicht in Hände von Kindern gelangen.InhaltsstoffeIngredients: Haarfärbung/-tönung, Dioxo-System:Aqua*Cetearyl Alcohol*Glyceryl Stearate SE*Ammonium Hydroxide*Prunus Amygdalus Dulcis Oil*Ceteareth-20*Octyldodecanol*Sodium Laureth Sulfate*Toluene-2,5-Diamine Sulfate*Sodium Cetearyl Sulfate*Ethanolamine*Parfum*Oleic Acid*Resorcinol*Glycerin*Sodium Sulfite*Carbomer*Etidronic Acid*2,7-Naphthalenediol*Potassium Hydroxide*2-Methylresorcinol*Linalool*Ascorbic Acid*Serine*m-Aminophenol*Sodium Sulfate*Geraniol*Citronellol*Limonene*Benzoic Acid|Pflegespülung, rinse off:Aqua*Cetearyl Alcohol*Quaternium-87*Propylene Glycol*Isopropyl Myristate*Distearoylethyl Hydroxyethylmonium Methosulfate*Citric Acid*Phenoxyethanol*Stearamidopropyl Dimethylamine*Polyquaternium-37*Ceteareth-20*Glyceryl Stearate*Sodium Methylparaben*Dicaprylyl Carbonate*Sclerocarya Birrea Seed Oil*Parfum*Linalool*Limonene*Hexyl Cinnamal*Benzyl Salicylate*Lauryl Glucoside*Citronellol*Panthenol*Benzyl Alcohol|Entwickler:Aqua*Hydrogen Peroxide*Cetearyl Alcohol*PEG-40 Castor Oil*Etidronic Acid*Sodium Cetearyl Sulfate*Disodium Pyrophosphate*2,6-Dicarboxypyridine*Potassium Hydroxide*Sodium Benzoate.HinweiseAufbewahrungs- und Verwendungshinweis: Entwickler von Hitze und Licht fernhalten. Mischen Sie dieses Färbemittel nicht mit anderen Produkten. Keine nicht gebrauchte Mischung aufbewahren. Keine fertige Mischung in einer geschlossenen Flasche aufbewahren (die Flasche könnte sich aufblähen und bersten).Information: Haarfärbemittel können schwere allergische Reaktionen hervorrufen. Bitte folgende Hinweise lesen und beachten: Dieses Produkt ist nicht für Personen unter 16 Jahren bestimmt. Temporäre Tätowierungen mit „schwarzem Henna“ können das Allergierisiko erhöhen. Färben Sie Ihr Haar nicht, – wenn Sie einen Ausschlag im Gesicht haben oder wenn Ihre Kopfhaut empfindlich, gereizt oder verletzt ist; – wenn Sie schon einmal nach dem Färben Ihrer Haare eine Reaktion festgestellt haben; – wenn eine temporäre Tätowierung mit „schwarzem Henna“ bei Ihnen schon einmal eine Reaktion verursacht hat. Enthält Phenylendiamine (Toluylendiamine), Wasserstoffperoxid und Resorcin. Vollständige Inhaltsstoffdeklaration siehe Packungsboden. Nicht zur Färbung von Wimpern und Augenbrauen verwenden. Die vollständigen Produkthinweise entnehmen Sie bitte der VerpackungArtikeldetailsMarke: Poly PaletteFarbe: 500 DunkelblondUrsprungsland: DeutschlandLaufzeit nach Öffnen: 12 MonateKontaktKontaktname: Schwarzkopf & Henkel GmbHKontaktadresse: D-40191 DüsseldorfMaximale Bestellmenge: 6 StückFür die vorstehenden Angaben wird keine Haftung übernommen. Bitte prüfen Sie im Einzelfall die Angaben auf der jeweiligen Produktverpackung, nur diese sind verbindlich.Das Produktdesign kann von der Abbildung abweichen.",Felix-Wankel-Strasse 20,Rewe,Drogerie,2023-07-09,"Gültig ab morgen bis Samstag, 15.07.2023"
Colgate Total Zahnbürste,https://img.rewe-static.de/REWE_CENTER_HZ28_2023/2822763/25078497-12_digital-image.png?impolicy=s-offers&imwidth=200&output-format=image/webp,,https://shop.rewe.de/p/colgate-total-zahnbuerste-rundum-reinigung-medium-2-stueck/2822763,,je 2-St.-Pckg,Aktion,"2,29 €","ProduktbeschreibungArtikelnummer 2822763Rundumreinigung für Ihren gesunden Mund dank 4-facher Reinigungsmechanik. ArtikeldetailsMarke: ColgateUrsprungsland: DeutschlandFür die vorstehenden Angaben wird keine Haftung übernommen. Bitte prüfen Sie im Einzelfall die Angaben auf der jeweiligen Produktverpackung, nur diese sind verbindlich.Das Produktdesign kann von der Abbildung abweichen.",Felix-Wankel-Strasse 20,Rewe,Drogerie,2023-07-09,"Gültig ab morgen bis Samstag, 15.07.2023"
Spa Secrets Purity Duschgel,https://img.rewe-static.de/REWE_CENTER_HZ28_2023/7702214/38529501-7_digital-image.png?impolicy=s-offers&imwidth=200&output-format=image/webp,,https://shop.rewe.de/productList?search=7702214,,"je 200-ml-Fl , (1 l = 12.45)",Aktion,"2,49 €",,Felix-Wankel-Strasse 20,Rewe,Drogerie,2023-07-09,"Gültig ab morgen bis Samstag, 15.07.2023"
Nivea 3in1 Reinigungstücher,https://img.rewe-static.de/REWE_CENTER_HZ28_2023/0344165/38681790-8_digital-image.png?impolicy=s-offers&imwidth=200&output-format=image/webp,,https://shop.rewe.de/p/nivea-pflegende-reinigungstuecher-25-stueck/344165,,"versch. Sorten , je 25-St.-Pckg",Aktion,"1,49 €","ProduktbeschreibungArtikelnummer 344165- Reinigen sanft und entfernen Make-up sowie wasserfeste Mascara
- Spenden Feuchtigkeit und pflegen die Haut
- Sind dank ihrer Formel mit Mandelöl besonders mild zu sensibler Haut
- Für Kontaktlinsenträgerinnen geeignet Die NIVEA® 3-in 1 Pflegenden Reinigungstücher mit Natürlichem Mandelöl: Spenden Feuchtigkeit, pflegen die Wimpern, entfernen Make-up und sogar wasserfestes Make-up und reinigen gründlich aber mild. Die Reinigungstücher pflegen die Haut. Sie sind sowohl für das Gesicht, als auch für Lippen und die sensible Augenpartie geeignet. Die sanften Tücher sind jetzt mit noch mehr NIVEA Lotion getränkt und hinterlassen ein zartes, gepflegtes Gefühl auf der Haut: Pflegende Reinigungstücher.InhaltsstoffeAqua,Isopropyl Stearate,Glycerin,Dimethicone,Methylpropanediol,Glyceryl Glucoside,Prunus Amygdalus Dulcis Oil,Panthenol,Polyglyceryl-3 Methylglucose Distearate,Sodium Acrylates/C10-30 Alkyl Acrylate Crosspolymer,1,2-Hexanediol,Phenoxyethanol,Methylparaben,Limonene,Linalool,Benzyl Alcohol,Citronellol,Alpha-Isomethyl Ionone,Geraniol,Butylphenyl Methylpropional,Benzyl Salicylate,Hexyl Cinnamal,ParfumHinweiseInformation: Packung sorgfältig verschließen.ArtikeldetailsMarke: NIVEAUrsprungsland: NiederlandeLaufzeit nach Öffnen: 12 MonateKontaktKontaktname: Beiersdorf AGKontaktadresse: Unnastrasse 4820245 HamburgFür die vorstehenden Angaben wird keine Haftung übernommen. Bitte prüfen Sie im Einzelfall die Angaben auf der jeweiligen Produktverpackung, nur diese sind verbindlich.Das Produktdesign kann von der Abbildung abweichen.",Felix-Wankel-Strasse 20,Rewe,Drogerie,2023-07-09,"Gültig ab morgen bis Samstag, 15.07.2023"
Schaeben's Totes Meer Maske,https://img.rewe-static.de/REWE_CENTER_HZ28_2023/7331533/810530-22_digital-image.png?impolicy=s-offers&imwidth=200&output-format=image/webp,,https://shop.rewe.de/p/schaebens-totes-meer-maske-15ml/7331533,,"je 15-ml-Pckg , (1 l = 36.67)",Aktion,"0,55 €","ProduktbeschreibungArtikelnummer 7331533Schaebens Totes Meer Schlamm Maske 

VEGAN

- reduziert den Fettgehalt der Haut um bis zu 38%
- beugt Pickeln und Mitessern vor
- zur intensiven HautklärungInhaltsstoffeAqua, Silt, Kaolin, Citric Acid, Glyceryl Stearate, Cetearyl Alcohol, Propylene Glycol, Zinc Oxide, Aloe Barbadensis Leaf Juice Powder, Chamomilla Recutita Flower Extract, Spirulina Platensis Powder, Coco-Glucoside, Ethylhexylglycerin, Phenoxyethanol. (Silt = hier: Totes Meer Schlamm).ArtikeldetailsMarke: SchaebensUrsprungsland: DeutschlandKontaktKontaktname: SchaebensKontaktadresse: 50226 Frechen, GermanyFür die vorstehenden Angaben wird keine Haftung übernommen. Bitte prüfen Sie im Einzelfall die Angaben auf der jeweiligen Produktverpackung, nur diese sind verbindlich.Das Produktdesign kann von der Abbildung abweichen.",Felix-Wankel-Strasse 20,Rewe,Drogerie,2023-07-09,"Gültig ab morgen bis Samstag, 15.07.2023"
Elvital Spülung,https://img.rewe-static.de/REWE_CENTER_HZ28_2023/3233160/26208077-16_digital-image.png?impolicy=s-offers&imwidth=200&output-format=image/webp,,https://shop.rewe.de/p/schaebens-totes-meer-maske-15ml/7331533,,"Color , je 250-ml-Fl , (1 l = 11.96)",Knaller,"2,99 €","b""Gefahren- / WarnhinweiseBei Kontakt mit den Augen diese gr\xc3\xbcndlich aussp\xc3\xbclen.ProduktbeschreibungArtikelnummer 3233160Die Sp\xc3\xbclung ist die ideale Erg\xc3\xa4nzung zum Color-Glanz Shampoo von Elvital. Die Haarfarbe wird gesch\xc3\xbctzt und ihr wird zu l\xc3\xa4ngerer Leuchtkraft verholfen. F\xc3\xbcr mehr Farbintensit\xc3\xa4t und Farbtreue bis zu zehn Wochen.Inhaltsstoffe1217072 B - INGREDIENTS:  AQUA / WATER \xe2\x80\xa2 CETEARYL ALCOHOL \xe2\x80\xa2 BEHENTRIMONIUM CHLORIDE \xe2\x80\xa2 CETYL ESTERS \xe2\x80\xa2 COCOS NUCIFERA OIL / COCONUT OIL \xe2\x80\xa2 SODIUM BENZOATE \xe2\x80\xa2 PHENOXYETHANOL \xe2\x80\xa2 PAEONIA OFFICINALIS FLOWER EXTRACT \xe2\x80\xa2 ETHYLHEXYL SALICYLATE \xe2\x80\xa2 TRIDECETH-6 \xe2\x80\xa2 CHLORHEXIDINE DIGLUCONATE \xe2\x80\xa2 BENZYL ALCOHOL \xe2\x80\xa2 BENZYL SALICYLATE \xe2\x80\xa2 LINALOOL \xe2\x80\xa2 AMODIMETHICONE \xe2\x80\xa2 ISOPROPYL ALCOHOL \xe2\x80\xa2 ALPHA-ISOMETHYL IONONE \xe2\x80\xa2 GERANIOL \xe2\x80\xa2 CITRIC ACID \xe2\x80\xa2 POTASSIUM HYDROXIDE \xe2\x80\xa2 CITRONELLOL \xe2\x80\xa2 CETRIMONIUM CHLORIDE \xe2\x80\xa2 POTASSIUM SORBATE \xe2\x80\xa2 HEXYL CINNAMAL \xe2\x80\xa2 GLYCERIN \xe2\x80\xa2 PARFUM / FRAGRANCE (F.I.L. C259456/1).HinweiseInformation: Bei Kontakt mit den Augen diese gr\xc3\xbcndlich aussp\xc3\xbclen.ArtikeldetailsMarke: L'Or\xc3\xa9al ParisUrsprungsland: Elfenbeink\xc3\xbcsteSorte: Color GlanzLaufzeit nach \xc3\x96ffnen: 12 MonateKontaktKontaktname: L'Or\xc3\xa9al Deutschland GmbHKontaktadresse: TSA 75000 93684 ST OUEN CEDEX FRMaximale Bestellmenge: 15 St\xc3\xbcckF\xc3\xbcr die vorstehenden Angaben wird keine Haftung \xc3\xbcbernommen. Bitte pr\xc3\xbcfen Sie im Einzelfall die Angaben auf der jeweiligen Produktverpackung, nur diese sind verbindlich.Das Produktdesign kann von der Abbildung abweichen.""",Felix-Wankel-Strasse 20,Rewe,Drogerie,2023-07-09,"Gültig ab morgen bis Samstag, 15.07.2023"
Elvital Shampoo,https://img.rewe-static.de/REWE_CENTER_HZ28_2023/2789935/25113040-23_digital-image.png?impolicy=s-offers&imwidth=200&output-format=image/webp,,https://shop.rewe.de/p/schaebens-totes-meer-maske-15ml/7331533,,"Color , je 300-ml-Fl , (1 l = 9.97)",Knaller,"2,99 €","b""Gefahren- / WarnhinweiseBei Kontakt mit den Augen diese gr\xc3\xbcndlich aussp\xc3\xbclen.ProduktbeschreibungArtikelnummer 2789935L'Or\xc3\xa9al Paris Elvital Color-Glanz Pflege-Shampoo pflegt coloriertes Haar und erh\xc3\xa4lt die Leuchtkraft der Farbe. Coloriertes, get\xc3\xb6ntes oder gestr\xc3\xa4hntes\xc2\xa0 Haar ist besonders sensibel gegen\xc3\xbcber \xc3\xa4u\xc3\x9feren Einfl\xc3\xbcssen. So f\xc3\xbchren z. B. regelm\xc3\xa4\xc3\x9figes Haare-Waschen oder UV-Strahlen dazu, dass die Farbe verblasst, sich ver\xc3\xa4ndert und schnell an Leuchtkraft und Farbintensit\xc3\xa4t verliert. Das L'Oreal Paris Elvital Color-Glanz Pflege-Shampoo sch\xc3\xbctzt die Sch\xc3\xb6nheit der Haarfarbe mit einer besonderen 3-fach-Wirkung: Intensiver Farbschutz\nSchutz vor UV-bedingtem Ausbleichen\nVerl\xc3\xa4ngerte LeuchtkraftInhaltsstoffe1199588 C - INGREDIENTS:  AQUA / WATER \xe2\x80\xa2 SODIUM LAURETH SULFATE \xe2\x80\xa2 DIMETHICONE \xe2\x80\xa2 COCO-BETAINE \xe2\x80\xa2 SODIUM CHLORIDE \xe2\x80\xa2 GLYCOL DISTEARATE \xe2\x80\xa2 GUAR HYDROXYPROPYLTRIMONIUM CHLORIDE \xe2\x80\xa2 COCAMIDE MIPA \xe2\x80\xa2 COCOS NUCIFERA OIL / COCONUT OIL \xe2\x80\xa2 SODIUM BENZOATE \xe2\x80\xa2 SODIUM HYDROXIDE \xe2\x80\xa2 PAEONIA OFFICINALIS FLOWER EXTRACT \xe2\x80\xa2 ETHYLHEXYL SALICYLATE \xe2\x80\xa2 SALICYLIC ACID \xe2\x80\xa2 FUMARIC ACID \xe2\x80\xa2 BENZYL ALCOHOL \xe2\x80\xa2 BENZYL SALICYLATE \xe2\x80\xa2 LINALOOL \xe2\x80\xa2 ALPHA-ISOMETHYL IONONE \xe2\x80\xa2 CARBOMER \xe2\x80\xa2 GERANIOL \xe2\x80\xa2 CITRIC ACID \xe2\x80\xa2 CITRONELLOL \xe2\x80\xa2 POTASSIUM SORBATE \xe2\x80\xa2 HEXYLENE GLYCOL \xe2\x80\xa2 HEXYL CINNAMAL \xe2\x80\xa2 GLYCERIN \xe2\x80\xa2 PARFUM / FRAGRANCE (F.I.L. C259250/1).HinweiseInformation: Bei Kontakt mit den Augen diese sofort gr\xc3\xbcndlich aussp\xc3\xbclen.ArtikeldetailsMarke: L'Or\xc3\xa9al ParisUrsprungsland: GeorgienSorte: Color GlanzLaufzeit nach \xc3\x96ffnen: 12 MonateKontaktKontaktname: L'Or\xc3\xa9al Deutschland GmbHKontaktadresse: TSA 75000 93684 ST OUEN CEDEX FRMaximale Bestellmenge: 15 St\xc3\xbcckF\xc3\xbcr die vorstehenden Angaben wird keine Haftung \xc3\xbcbernommen. Bitte pr\xc3\xbcfen Sie im Einzelfall die Angaben auf der jeweiligen Produktverpackung, nur diese sind verbindlich.Das Produktdesign kann von der Abbildung abweichen.""",Felix-Wankel-Strasse 20,Rewe,Drogerie,2023-07-09,"Gültig ab morgen bis Samstag, 15.07.2023"
Palmolive Flüssigseife,https://img.rewe-static.de/REWE_CENTER_HZ28_2023/1227889/27384433-26_digital-image.png?impolicy=s-offers&imwidth=200&output-format=image/webp,,https://shop.rewe.de/p/schaebens-totes-meer-maske-15ml/7331533,,"versch. Sorten , je 300-ml-Spender , (1 l = 3.30)",Aktion,"0,99 €","b'ProduktbeschreibungArtikelnummer 1227889Palmolive Hygiene-Plus Sensitive Fl\xc3\xbcssigseife enth\xc3\xa4lt Aloe-Vera-Extrakt und einen nat\xc3\xbcrlichen, antibakteriellen Wirkstoff. Die milde Formel, auch f\xc3\xbcr sensible Haut geeignet, reinigt Ihre H\xc3\xa4nde sanft und hygienisch. Hautvertr\xc3\xa4glichkeit dermatologisch getestet. ArtikeldetailsMarke: PalmoliveUrsprungsland: FrankreichKontaktKontaktname: Colgate Palmolive GABA GmbHKontaktadresse: Beim Strohhause 17 Hamburg 20097Maximale Bestellmenge: 15 St\xc3\xbcckF\xc3\xbcr die vorstehenden Angaben wird keine Haftung \xc3\xbcbernommen. Bitte pr\xc3\xbcfen Sie im Einzelfall die Angaben auf der jeweiligen Produktverpackung, nur diese sind verbindlich.Das Produktdesign kann von der Abbildung abweichen.'",Felix-Wankel-Strasse 20,Rewe,Drogerie,2023-07-09,"Gültig ab morgen bis Samstag, 15.07.2023"
Blend-a-Med Zahncreme,https://img.rewe-static.de/REWE_CENTER_HZ28_2023/3075942/35085314-3_digital-image.png?impolicy=s-offers&imwidth=200&output-format=image/webp,,https://shop.rewe.de/p/schaebens-totes-meer-maske-15ml/7331533,,"Classic oder Frisch , je 75-ml-Tube , (1 l = 11.87)",Aktion,"0,89 €","b'ProduktbeschreibungArtikelnummer 3075942Die blend-a-med Classic Zahncreme enth\xc3\xa4lt Aktiv-Fluorid f\xc3\xbcr saubere, gesunde und starke Z\xc3\xa4hne. Mit dem klassischen Menthol-Geschmack von blend-a-med. Blend-a-med Rundumschutz Classic Zahnpasta bietet 24 Stunden Schutz, bei zweimal t\xc3\xa4glich putzen. Mit dem klassischem Menthol-Geschmack von blend-a-med.InhaltsstoffeIngredients: Aqua, Hydrated Silica, Sorbitol, Sodium Lauryl Sulfate, Cellulose Gum, Aroma, Trisodium Phosphate, Sodium Fluoride, Carbomer, Cl 77891, Sodium Saccharin, Limonene, Sodium Hydroxide, Eugenol, Polysorbate 80HinweiseInformation: F\xc3\xbcr Kinder bis 6 Jahre: Nur erbsengro\xc3\x9fe Menge Zahnpasta benutzen. Zur Vermeidung \xc3\xbcberm\xc3\xa4\xc3\x9figen Verschluckens Z\xc3\xa4hneputzen nur unter Aufsicht. Bei zus\xc3\xa4tzlicher Aufnahme von Fluorid den Zahnarzt oder Arzt befragen. Enth\xc3\xa4lt Natriumfluorid (1450 ppm Fluorid).ArtikeldetailsMarke: Blend-a-medUrsprungsland: DeutschlandKontaktKontaktname: Procter & GambleKontaktadresse: 65823 Schwalbach/Ts., GermanyMaximale Bestellmenge: 15 St\xc3\xbcckF\xc3\xbcr die vorstehenden Angaben wird keine Haftung \xc3\xbcbernommen. Bitte pr\xc3\xbcfen Sie im Einzelfall die Angaben auf der jeweiligen Produktverpackung, nur diese sind verbindlich.Das Produktdesign kann von der Abbildung abweichen.'",Felix-Wankel-Strasse 20,Rewe,Drogerie,2023-07-09,"Gültig ab morgen bis Samstag, 15.07.2023"
Axe Duschgel,https://img.rewe-static.de/REWE_CENTER_HZ28_2023/9157379/27629412-14_digital-image.png?impolicy=s-offers&imwidth=200&output-format=image/webp,,https://shop.rewe.de/p/schaebens-totes-meer-maske-15ml/7331533,,"versch. Sorten , je 250-ml-Fl , (1 l = 8.76)",Aktion,"2,19 €","b'ProduktbeschreibungArtikelnummer 9157379\xe2\x80\xa2 AXE Duschgel Alaska f\xc3\xbcr M\xc3\xa4nner sorgt f\xc3\xbcr eine intensive Pflege \n\xe2\x80\xa2 Verbesserte Formulierung dank 12h Long-Lasting Fragrance f\xc3\xbcr ein langanhaltendes Duft- und Frischegef\xc3\xbchl auf der Haut \n\xe2\x80\xa2 Ein w\xc3\xbcrzig-maskuliner Duft nach Sandelholz und Amber, kombiniert mit fruchtigen Akkorden. \n\xe2\x80\xa2 Duschgel mit Skin Active Technology: Pflanzenbasierte Pr\xc3\xa4biotika, die gute Hautbakterien f\xc3\xb6rdern und geruchsbildende Hautbakterien reduzieren, sorgen f\xc3\xbcr weniger K\xc3\xb6rpergeruch und mehr AXE-Duft \n\xe2\x80\xa2 Das Duschgel ist pH-hautneutral, dermatologisch getestet und enth\xc3\xa4lt 5x mehr Feuchtigkeitsspender \xe2\x80\x93 f\xc3\xbcr die beste AXE-Pflege \n\xe2\x80\xa2 Dieses M\xc3\xa4nnerduschgel kombiniert Nat\xc3\xbcrlichkeit mit einer sportlichen, selbstbewussten Note... mehr anzeigenEin gro\xc3\x9fartiger Tag beginnt mit einer gro\xc3\x9fartigen Dusche und es ist nicht egal, welches Duschgel M\xc3\xa4nner verwenden. Denn Duschgele gibt es viele. Aber nur das AXE Duschgel Alaska verbindet Nat\xc3\xbcrlichkeit mit einer sportlichen, selbstbewussten Note. Das Bodywash verleiht einen w\xc3\xbcrzig-maskulinen Duft nach Sandelholz und Amber, kombiniert mit fruchtigen Akkorden. Ein arktisch-k\xc3\xbchler Duft aus \xc3\x96len von Grapefruit und Bergamotte mit den fruchtigen Noten von Melone und Ananas, der erfrischt und neue Energie gibt.\n\nDoch nicht nur das: Das Duschgel von AXE enth\xc3\xa4lt die neue Skin Active Technology: Das sind pflanzenbasierte Pr\xc3\xa4biotika, die gute Hautbakterien f\xc3\xb6rdern und geruchsbildende Hautbakterien reduzieren. Die Folge: weniger K\xc3\xb6rpergeruch, mehr AXE-Duft. Au\xc3\x9ferdem enth\xc3\xa4lt es 5x mehr Feuchtigkeitsspender \xe2\x80\x93 f\xc3\xbcr die beste AXE-Pflege. Das Dusch Gel ist zudem ph-hautneutral und dermatologisch getestet. \n\nAnwendung: Die trockene Haut unter der Dusche befeuchten, die Bodywash in den H\xc3\xa4nden verteilen. K\xc3\xb6rper einsch\xc3\xa4umen. Gr\xc3\xbcndlich absp\xc3\xbclen. Sauber f\xc3\xbchlen. Gut duften. Das AXE Duschgel mit dem 12h Long-Lasting Fragrance \xe2\x80\x93 f\xc3\xbcr ein verbessertes Dufterlebnis unter der Dusche und ein langanhaltendes Duft- und Frischegef\xc3\xbchl auf der Haut.\n\nAXE steht f\xc3\xbcr Nachhaltigkeit \xe2\x80\x93 die Inhaltsstoffe des Duschgels sind zu 87% nat\xc3\xbcrlichen Ursprungs und die Flasche besteht aus 100% recyceltem Plastik (au\xc3\x9fer dem Deckel). \n\nDas AXE Duschgel Alaska passt perfekt zu allen Produkten aus der AXE Alaska Serie, l\xc3\xa4sst sich aber auch mit allen anderen AXE-D\xc3\xbcften kombinieren, sodass man sich voll auf das konzentrieren kann, worauf man Lust hat. AXE Duschgel Alaska \xe2\x80\x93 mit dem sensationellen Duft, der dazu einl\xc3\xa4dt, das Leben in vollen Z\xc3\xbcgen zu genie\xc3\x9fen. \n\nAXE \xe2\x80\x93 The AXE EffectInhaltsstoffeAqua, Sodium Laureth Sulfate, Parfum, Citric Acid, Cocamide MEA, Glycerin, PPG-12, Sodium Benzoate, Sodium Chloride, Sodium Sulfate, Alpha-Isomethyl Ionone, Benzyl Salicylate, Citronellol, Coumarin, Hexyl Cinnamal, Limolene, Linalool, CI 42090.ArtikeldetailsMarke: AxeUrsprungsland: DeutschlandSorte: AlaskaLaufzeit nach \xc3\x96ffnen: 12 MonateKontaktKontaktname: Unilever RAKontaktadresse: 455, 3013 AL, NLMaximale Bestellmenge: 15 St\xc3\xbcckF\xc3\xbcr die vorstehenden Angaben wird keine Haftung \xc3\xbcbernommen. Bitte pr\xc3\xbcfen Sie im Einzelfall die Angaben auf der jeweiligen Produktverpackung, nur diese sind verbindlich.Das Produktdesign kann von der Abbildung abweichen.'",Felix-Wankel-Strasse 20,Rewe,Drogerie,2023-07-09,"Gültig ab morgen bis Samstag, 15.07.2023"
Pampers Baby Dry Windeln Single Pack,https://img.rewe-static.de/REWE_CENTER_HZ28_2023/8688573/35018085-9_digital-image.png?impolicy=s-offers&imwidth=200&output-format=image/webp,,https://shop.rewe.de/p/schaebens-totes-meer-maske-15ml/7331533,,"Maxi Größe 4 , je 30-St.-Pckg",Aktion,"7,99 €",nan,Felix-Wankel-Strasse 20,Rewe,Drogerie,2023-07-09,"Gültig ab morgen bis Samstag, 15.07.2023"
Colgate Total Zahncreme,https://img.rewe-static.de/REWE_CENTER_HZ28_2023/2226666/34953247-8_digital-image.png?impolicy=s-offers&imwidth=200&output-format=image/webp,,https://shop.rewe.de/p/schaebens-totes-meer-maske-15ml/7331533,,"je 75-ml-Tuben-Pckg , (1 l = 30.53)",Aktion,"2,29 €","b'ProduktbeschreibungArtikelnummer 2226666Colgate Total Zahnapasta enth\xc3\xa4lt eine fortschrittliche Technologie, die Ihren gesamten Mund proaktiv sch\xc3\xbctzt und einen hervorragenden Schutz gegen Plaque, Empfindlichkeit, Verf\xc3\xa4rbungen, Zahnstein und Karies bietet. Sie macht Bakterien ausfindig und bek\xc3\xa4mpft sie, um den Zahnschmelz zu sch\xc3\xbctzen, neutralisiert sofort Ger\xc3\xbcche, die Mundgeruch verursachen, und enth\xc3\xa4lt verbesserte Aromen, die in Ihrem Mund f\xc3\xbcr ein Gef\xc3\xbchl der Sauberkeit und Frische sorgen. Diese Zahnpasta tr\xc3\xa4gt \xc3\xbcberdies dazu bei, Zahnfleischerkrankungen und Zahnschmelzabbau vorzubeugen. Um einen gesunden Mund zu haben, reicht es nicht aus, sich nur um die Z\xc3\xa4hne zu k\xc3\xbcmmern. Deshalb bek\xc3\xa4mpft die Zahnpasta Colgate Total Original Bakterien nicht nur auf Ihren Z\xc3\xa4hnen, sondern auch auf der Zunge, den Wangeninnenseiten und dem Zahnfleisch proaktiv bis zu 12 Stunden lang,* um die Gesundheit des ganzen Mundes zu gew\xc3\xa4hrleisten.** \n *nach 4 Wochen regelm\xc3\xa4\xc3\x9figer Anwendung \n **Schutz f\xc3\xbcr Ihren ganzen Mund, d. h. Z\xc3\xa4hne, Zunge, Wangeninnenseiten und Zahnfleisch... mehr anzeigenInhaltsstoffeAqua, Glycerin, Hydrated Silica, PVM/MA Copolymer, Sodium Lauryl Sulfate, Cellulose Gum, Aroma, Sodium Hydroxide, Carrageenan, Sodium Fluoride, Triclosan, Sodium Saccharin, Limonene, Cl 77891ArtikeldetailsMarke: ColgateUrsprungsland: DeutschlandLaufzeit nach \xc3\x96ffnen: 12 MonatePackungsgr\xc3\xb6\xc3\x9fe: 75mlMaximale Bestellmenge: 15 St\xc3\xbcckF\xc3\xbcr die vorstehenden Angaben wird keine Haftung \xc3\xbcbernommen. Bitte pr\xc3\xbcfen Sie im Einzelfall die Angaben auf der jeweiligen Produktverpackung, nur diese sind verbindlich.Das Produktdesign kann von der Abbildung abweichen.'",Felix-Wankel-Strasse 20,Rewe,Drogerie,2023-07-09,"Gültig ab morgen bis Samstag, 15.07.2023"
Pampers Baby Dry Pants Single Pack,https://img.rewe-static.de/REWE_CENTER_HZ28_2023/7839196/35199201-12_digital-image.png?impolicy=s-offers&imwidth=200&output-format=image/webp,,https://shop.rewe.de/p/schaebens-totes-meer-maske-15ml/7331533,,"Größe 5 , je 24-St.-Pckg",Aktion,"7,99 €",nan,Felix-Wankel-Strasse 20,Rewe,Drogerie,2023-07-09,"Gültig ab morgen bis Samstag, 15.07.2023"
Gliss Kur Shampoo,https://img.rewe-static.de/REWE_CENTER_HZ28_2023/7207275/27570160-11_digital-image.png?impolicy=s-offers&imwidth=200&output-format=image/webp,,https://shop.rewe.de/p/schaebens-totes-meer-maske-15ml/7331533,,"versch. Sorten , je 250-ml-Fl , (1 l = 9.96)",Aktion,"2,49 €","b'ProduktbeschreibungArtikelnummer 7207275HABEN SIE STROHIGE HAARE UND SPLISS? T\xc3\xa4gliches K\xc3\xa4mmen & Stylen strapaziert das Haar, wodurch die Haarspitzen strohig werden und Haarbruch entsteht. Damit die Haare gesund & geschmeidig bleiben, brauchen sie eine intensive Pflege. GLISS KUR OIL NUTRITIVE bietet: \xe2\x80\x89TIEFENREPAIR OHNE ZU BESCHWEREN SINNLICHE GESCHMEIDIGKEIT UND GESUND GL\xc3\x84NZENDES HAAR GLISS KUR Formeln mit KERATIN SERUM reparieren vorhandene Sch\xc3\xa4den und verst\xc3\xa4rken die Zellstruktur, um zuk\xc3\xbcnftigen Sch\xc3\xa4den vorzubeugen. OIL NUTRITIVE Abgestimmt auf die Bed\xc3\xbcrfnisse von strohigem, splissanf\xc3\xa4lligem Haar, n\xc3\xa4hrt die OIL NUTRITIVE Linie das Haar mit WERTVOLLEN BEAUTY-\xc3\x96LEN. F\xc3\xbcr ein optimales Pflege-Ergebnis, folgen Sie dem GLISS KUR REPARATUR-SYSTEM: SHAMPOO reinigt  SP\xc3\x9cLUNG entwirrt  KUREN pflegenInhaltsstoffeAqua,Sodium Laureth Sulfate, Cocamidopropyl Betaine, Sodium Chloride, Macadamia Ternifolia Seed Oil, Prunus Armeniaca Kernel Oil, Tocopheryl Acetate, Panthenol, Hydrolyzed Keratin, Cocamide MEA, Disodium Cocoamphodiacetate, Sodium Benzoate, Citric Acid, PEG-7 Glyceryl Cocoate, Polyquaternium-10, Parfum, PEG-40 Hydrogenated Castor Oil, PEG-120 Methyl Glucose Dioleate, Propylene Glycol, Butylphenyl Methylpropional, Linalool, CI 19140, CI 15985, CI 47005ArtikeldetailsMarke: Gliss KurUrsprungsland: DeutschlandLaufzeit nach \xc3\x96ffnen: 12 MonateKontaktKontaktname: Schwarzkopf & Henkel GmbHKontaktadresse: D-40191 D\xc3\xbcsseldorfMaximale Bestellmenge: 15 St\xc3\xbcckF\xc3\xbcr die vorstehenden Angaben wird keine Haftung \xc3\xbcbernommen. Bitte pr\xc3\xbcfen Sie im Einzelfall die Angaben auf der jeweiligen Produktverpackung, nur diese sind verbindlich.Das Produktdesign kann von der Abbildung abweichen.'",Felix-Wankel-Strasse 20,Rewe,Drogerie,2023-07-09,"Gültig ab morgen bis Samstag, 15.07.2023"
Duschdas Duschgel,https://img.rewe-static.de/REWE_CENTER_HZ28_2023/8911414/38937664-11_digital-image.png?impolicy=s-offers&imwidth=200&output-format=image/webp,,https://shop.rewe.de/p/schaebens-totes-meer-maske-15ml/7331533,,"versch. Sorten , je 225-ml-Fl , (1 l = 4.40)",Aktion,"0,99 €","b'ProduktbeschreibungArtikelnummer 8911414Mit Duschdas 3-in-1 Duschgel & Shampoo Noire mit Fresh-Energy-Duftformel aktiv und vital in einen erlebnisreichen Tag starten. Der anregend-w\xc3\xbcrzige Duft vermittelt ein Gef\xc3\xbchl purer Lebendigkeit und gibt einem die Energie, die man f\xc3\xbcr einen vollgepackten Tag braucht. Die praktische Kombination aus Duschgel und Shampoo ist anwendbar f\xc3\xbcr K\xc3\xb6rper, Gesicht und Haar und sorgt f\xc3\xbcr erfrischende Momente im Alltag. Das Duschdas Duschgel & Shampoo kommt in der praktischen nachf\xc3\xbcllbaren 225 ml Flasche, die aus 100% recyceltem Plastik** (rPET) besteht und wiederum vollst\xc3\xa4ndig recycelt werden kann. Sie ist standsicher, leicht zu \xc3\xb6ffnen und eignet sich f\xc3\xbcr ein- oder mehrmaliges Nachf\xc3\xbcllen. Durch das bew\xc3\xa4hrte Kopfsteher-Format ist das 3-in-1 Duschbad in der Eco-Flasche sofort einsatzbereit und sorgt dar\xc3\xbcber hinaus f\xc3\xbcr ein Duschdas Duscherlebnis bis zum letzten Tropfen. Das erfrischende Duschgel ist leicht dosierbar, l\xc3\xa4sst sich schnell auf dem K\xc3\xb6rper und Haar aufsch\xc3\xa4umen und leicht absp\xc3\xbclen. Es hinterl\xc3\xa4sst ein frisches und sauberes Gef\xc3\xbchl. Das Duschdas Duschgel & Shampoo ist pH-hautneutral und somit besonders sanft zur Haut. Es eignet sich f\xc3\xbcr die t\xc3\xa4gliche Anwendung. Einfach die trockene Haut und das Haar unter der Dusche anfeuchten, das Duschgel auf Haut und Haar verteilen, einmassieren und absp\xc3\xbclen. Vitalisiert, erfrischt oder belebt \xe2\x80\x93 so l\xc3\xa4sst das Duschgel M\xc3\xa4nner mit positiver Stimmung in den Tag starten.\n\nJetzt auch die weiteren Duschgele von Duschdas entdecken. Als erste Duschgelmarke Deutschlands liefert Duschdas zuverl\xc3\xa4ssig gute Qualit\xc3\xa4t, eine gro\xc3\x9fe Auswahl an inspirierenden D\xc3\xbcften und langanhaltende Frische f\xc3\xbcr alle. Und das mit einer gut biologisch abbaubaren Formel in einer nachhaltigen Verpackung. Schn\xc3\xb6rkellos, zeitlos, bodenst\xc3\xa4ndig, starke Ergebnisse im funktionalen Nutzen. Beim Thema Duschen denken die Leute an Duschdas. Duschdas hinterl\xc3\xa4sst ein erfrischendes Gef\xc3\xbchl und wirkt k\xc3\xb6rperlich und geistig revitalisierend. Hol Dir frische Energie \xe2\x80\x93 mit Duschdas. *Gem\xc3\xa4\xc3\x9f OECD-Methoden **Ohne Kappe und EtikettInhaltsstoffeIngredients: Aqua, Sodium Laureth Sulfate, Sodium Chloride, Cocamidopropyl Betaine, Parfum, Glycerin, Sodium Benzoate, Citric Acid, Sodium Lactate, Tetrasodium EDTA, Alpha-Isomethyl Ionone, Coumarin, Geraniol, Hexyl Cinnamal, Limonene, Linalool, CI 17200,CI 19140.ArtikeldetailsMarke: DuschdasUrsprungsland: DeutschlandLaufzeit nach \xc3\x96ffnen: 12 MonateKontaktKontaktname: Unilever RAKontaktadresse: 455, 3013 AL, NLMaximale Bestellmenge: 15 St\xc3\xbcckF\xc3\xbcr die vorstehenden Angaben wird keine Haftung \xc3\xbcbernommen. Bitte pr\xc3\xbcfen Sie im Einzelfall die Angaben auf der jeweiligen Produktverpackung, nur diese sind verbindlich.Das Produktdesign kann von der Abbildung abweichen.'",Felix-Wankel-Strasse 20,Rewe,Drogerie,2023-07-09,"Gültig ab morgen bis Samstag, 15.07.2023"
Hardys Hundenahrung,https://img.rewe-static.de/REWE_CENTER_HZ28_2023/7814825/37779386-9_digital-image.png?impolicy=s-offers&imwidth=200&output-format=image/webp,,https://shop.rewe.de/p/hardys-traum-vital-no2-huhn-400g/7814825,,"versch. Sorten , je 400-g-Dose , (1 kg = 4.98)",Aktion,"1,99 €","ProduktbeschreibungArtikelnummer 7814825Das Geheimnis von Hardys Naturkost Vital ist das ausgewogene Verhältnis von Fleisch, Obst, Gemüse und hochwertigen Cerealien. Die vollwertigen Menüs versorgen täglich vitale Vierbeiner mit frischer Lebenskraft. Der wohl dosierte Anteil an gut verdaulichen Cerealien versorgt Ihren Hund mit zusätzlicher Energie für den Tag. Bei der Herstellung unseres Futters werden ausschließlich natürliche Zutaten verwendet mit Verzicht auf Füll- und Konservierungsstoffe sowie künstliche Aromen.ZusammensetzungZusammensetzung: 60 % Huhn (Herzen, Fleisch, Leber, Mägen, Hälse, Fett), 27,79 % Brühe, 5 % Kürbis, 3 % Amarant, 2 % Birne, 1 % Mineralien, 0,5 % Maiskeimöl, 0,3 % Magerjoghurt, 0,2 % Petersilie, 0,1 % Salbei, 0,1 % Rosmarin, 0,01 % Grünlippmuschelextrakt.Analytische Bestandteile: 10,3 % Protein, 0,5 % Rohfaser, 2,5 % Rohasche, 80,0 % Feuchte.Zusatzstoffe pro kg: Vitamin D3 200 I.E., Zink als Zinksulfat, Monohydrat25 mg, Mangan als Mangan-II-sulfat, Monohydrat1,4 mg, Jod als Kalziumjodat, wasserfrei 0,75 mg,Kupfer als Kupfer(II)-sulfat-Pentahydrat 1 mgFütterungsempfehlung5 kg 350 g – 480 g10 kg 590 g – 810 g20 kg 1000 g – 1360 g30 kg 1350 g – 1850 gArtikeldetailsMarke: HardysUrsprungsland: DeutschlandTierart: HundAltersstufe des Haustieres: AdultFutterart: AlleinfutterKontaktKontakt: HARDYS Manufaktur GmbH & Co. KG - Merkurstraße 14-16 42699 Solingen - hallo@hardys-manufaktur.de -Zulassungsnummer: DE03452000213Kontaktname: HARDYS Manufaktur GmbH & Co. KGKontaktadresse: Merkurstraße 14-1642699 SolingenFür die vorstehenden Angaben wird keine Haftung übernommen. Bitte prüfen Sie im Einzelfall die Angaben auf der jeweiligen Produktverpackung, nur diese sind verbindlich.Das Produktdesign kann von der Abbildung abweichen.",Felix-Wankel-Strasse 20,Rewe,Tier,2023-07-09,"Gültig ab morgen bis Samstag, 15.07.2023"
Crave Hundenahrung Adult,https://img.rewe-static.de/REWE_CENTER_HZ28_2023/8253215/28808580-13_digital-image.png?impolicy=s-offers&imwidth=200&output-format=image/webp,,https://shop.rewe.de/p/crave-truthahn-huhn-adult-1kg/8253215,,"Truthahn & Huhn , je 1-kg-Btl",Aktion,"5,99 €","ProduktbeschreibungArtikelnummer 8253215CRAVE weiß, dass Hunde den Geschmack und die Nährstoffe eines Futters mit hohem tierischem Proteinanteil benötigen – aus einem einfachen Grund. Proteinreiche Nahrung liefert die Nährstoffe für einen starken, gesunden Hund und versorgt ihn mit ausreichend Energie zum Spielen. Ähnlich wie die Nahrung seiner Wildhund-Vorfahren, werden CRAVE-Rezepturen stets mit hochwertigen tierischen Proteinen und ohne Getreide gefertigt. So entsteht der Geschmack, den Hunde lieben. 

CRAVE Adult-Trockenfutter für ausgewachsene Hunde ist hergestellt mit mindestens 60 % tierischen Zutaten und orientiert sich an der natürlichen Ernährungsweise eines Hundes. CRAVE Trockenhundefutter beinhaltet frisches Fleisch für einen hohen Proteingehalt und trägt so zur Unterstützung starker und gesunder Muskeln bei.
- Hochwertiges Adult-Hundefutter mit mindestens 60 % tierischen Zutaten
- Hoher Proteingehalt dank frischem Fleisch für eine starke und gesunde Muskulatur
- Trockenhundefutter ohne Zusatz von Getreide für Hunde mit sensibler Verdauung
- Hochwertige Hundefutter-Rezepturen ohne Zusatz von künstlichen Farb- oder Konservierungsstoffen
- Ohne Mais, Weizen, Soja und Molkereierzeugnisse... mehr anzeigenDie Core Range des CRAVE™ Hund Adult-Trockenfutter mit Truthahn und Huhn ist ideal für ausgewachsene Hunde. Das hochwertige Hundefutter wird mit 100% natürlichem Huhn und ohne Zusatz von Getreide hergestellt, um sich an der natürlichen Ernährungsweise deines Hundes zu orientieren. CRAVE™ Hundetrockenfutter hat einen hohen Proteingehalt und trägt so zur Unterstützung starker Muskeln bei.ZusammensetzungZusammensetzung: natürliches Huhn (23%): frisches Huhn (17.5%), getrocknetes Hühnerprotein; Truthahn (21%): getrocknetes Truthahnprotein, Truthahnleberextrakt; Erbsenstärke, Rindergriebenproteine, getrocknete ganze Erbsen, Geflügelfett, getrocknete Rübenschnitzel, Mineralstoffe, getrocknete Luzerne, getrocknetes Geflügelprotein, Sonnenblumenöl.Analytische Bestandteile: Protein: 37.0; Fettgehalt: 17.0; anorganischer Stoff: 8.0; Rohfaser: 2.8. Brennwert: 390 kcal/100 g.Zusatzstoffe pro kg: Ernährungsphysiologische Zusatzstoffe: Vitamin A: 14447 IE, Vitamin D₃: 1593 IE, Kupfer (Kupfer(II)-sulfat-Pentahydrat): 6.0 mg, Jod (Kaliumjodid): 1.5 mg, Mangan (Mangan(II)-sulfat, Monohydrat): 20.3 mg, Selen (Natriumselenit): 0.17 mg, Zink (Zinksulfat Monohydrat): 57.4 mg.FütterungsempfehlungFütterungsempfehlung: Wir empfehlen eine Mischung aus CRAVE™ Trockennahrung und Feuchtnahrung zu füttern. 10kg Körpergewicht: 95g Trockennahrung + 1/2 Schale* pro Tag. 15kg Körpergewicht: 105g Trockennahrung + 1 Schale* pro Tag. 20kg Körpergewicht: 150g Trockennahrung + 1 Schale* pro Tag. 25kg Körpergewicht: 150g Trockennahrung + 1 1/2 Schalen* pro Tag. 30kg Körpergewicht: 190g Trockennahrung + 1 1/2 Schalen* pro Tag. *300g. Nehmen Sie sich Zeit für die Fütterungsumstellung, passen Sie die Fütterungsmenge an und teilen Sie diese in mehrere Mahlzeiten, entsprechend den Bedürfnissen Ihres Tieres. Für Fütterungsinformationen besuchen Sie unsere Webseite oder rufen Sie unsere Service-Hotline an. Stellen Sie frisches Trinkwasser bereit.HinweiseAufbewahrungs- und Verwendungshinweis: Bitte geschlossen an einem kühlen und trockenen Ort lagern.Information: Verpackung für Kinder und Tiere unzugänglich aufbewahren (Erstickungsgefahr).ArtikeldetailsMarke: CraveUrsprungsland: DeutschlandTierart: HundAltersstufe des Haustieres: AdultFutterart: AlleinfutterKontaktKontakt: kontakt@de.mars.comZulassungsnummer: DE05770000113Kontaktname: Mars GmbHKontaktadresse: Postfach 1280, 27281 Verden (Aller)Maximale Bestellmenge: 15 StückFür die vorstehenden Angaben wird keine Haftung übernommen. Bitte prüfen Sie im Einzelfall die Angaben auf der jeweiligen Produktverpackung, nur diese sind verbindlich.Das Produktdesign kann von der Abbildung abweichen.",Felix-Wankel-Strasse 20,Rewe,Tier,2023-07-09,"Gültig ab morgen bis Samstag, 15.07.2023"
Vitakraft Jellys Lovers oder Cat Liquid Snack,https://img.rewe-static.de/REWE_CENTER_HZ28_2023/7955292/38359661-5_digital-image.png?impolicy=s-offers&imwidth=200&output-format=image/webp,,https://shop.rewe.de/productList?search=7955292,,"je 6 x 15-g-Btl , (1 kg = 18.78)",Aktion,"1,69 €",,Felix-Wankel-Strasse 20,Rewe,Tier,2023-07-09,"Gültig ab morgen bis Samstag, 15.07.2023"
Vitakraft Poésie Katzennahrung,https://img.rewe-static.de/REWE_CENTER_HZ28_2023/2751452/24817125-19_digital-image.png?impolicy=s-offers&imwidth=200&output-format=image/webp,,https://shop.rewe.de/productList?search=7955292,,"versch. Sorten , je 85-g-Schale/Btl , (1 kg = 4.59)",Aktion,"0,39 €","b'ProduktbeschreibungArtikelnummer 2751452K\xc3\xb6stlich fleischige H\xc3\xa4ppchen, raffiniert kombiniert mit einer feinen K\xc3\xa4sesauce \xe2\x80\x93 dieses leckere Men\xc3\xbc in der Herzschale ist jeden Tag aufs Neue ein Gedicht f\xc3\xbcr Ihre Katze!Jede Schale Po\xc3\xa9sie\xc2\xae Cr\xc3\xa9ation enth\xc3\xa4lt unwiderstehlichen Geschmack, beste Zutaten und eine ausgewogene Portion Liebe, also genau das, was sich Ihr Tiger w\xc3\xbcnscht. Dabei ist das schmackhafte Men\xc3\xbc selbstverst\xc3\xa4ndlich ideal auf die ern\xc3\xa4hrungsphysiologischen Bed\xc3\xbcrfnisse von Katzen abgestimmt und \xc3\xbcberzeugt durch h\xc3\xb6chste Qualit\xc3\xa4t. Und die kann man dank der schonenden Zubereitung sogar sehen. Vitakraft. Aus Liebe.ZusammensetzungZusammensetzung: Fleisch u. tierische Nebenerzeugnisse 55% (Rind, Schwein und Gefl\xc3\xbcgel, 5% Pute);Getreide (Weizen);Mineralstoffe;Milch und Molkereierzeugnisse (2% K\xc3\xa4se);InulinAnalytische Bestandteile: 83,0 % Feuchtigkeit;9,5 % Protein;5,0 % Fettgehalt0,3 % Rohfaser;2,0 % RohascheZusatzstoffe pro kg: 250 i.E. E671 Vitamin D3;15 mg E1 Eisen;1,0 mg E4 Kupfer;1,0 mg E5 Mangan;18,0 mg 3b605, Zink;445 mg TaurinF\xc3\xbctterungsempfehlungEine Katze mit einem Gewicht von 4 kg ben\xc3\xb6tigt ca. 2-3 Schalen pro Tag, abh\xc3\xa4ngig von Aktivit\xc3\xa4t, Alter und Rasse des Tieres. Dazu frisches Trinkwasser reichen.HinweiseAufbewahrungs- und Verwendungshinweis: K\xc3\xbchl und trocken lagern.ArtikeldetailsMarkeVitakraftUrsprungslandDeutschlandGeschmacksrichtungPute in K\xc3\xa4sesauceTierartKatzeAltersstufe des HaustieresAdultFutterartAlleinfutterKontaktKontakt: 0421 48960Zulassungsnummer: DE BW 200010Kontaktname: Vitakraft pet care GmbH & Co. KGKontaktadresse: D-28295 Bremen.Maximale Bestellmenge: 15 St\xc3\xbcckF\xc3\xbcr die vorstehenden Angaben wird keine Haftung \xc3\xbcbernommen. Bitte pr\xc3\xbcfen Sie im Einzelfall die Angaben auf der jeweiligen Produktverpackung, nur diese sind verbindlich.Das Produktdesign kann von der Abbildung abweichen.'",Felix-Wankel-Strasse 20,Rewe,Tier,2023-07-09,"Gültig ab morgen bis Samstag, 15.07.2023"
Catsan Hygiene Plus,https://img.rewe-static.de/REWE_CENTER_HZ28_2023/8009189/31263213-5_digital-image.png?impolicy=s-offers&imwidth=200&output-format=image/webp,,https://shop.rewe.de/productList?search=7955292,,"je 9-l-Btl , (1 l = 0.55)",Aktion,"4,99 €","b'ProduktbeschreibungArtikelnummer 8009189CATSAN\xe2\x84\xa2 Hygiene Plus ist eine hochwirksame, nicht-klumpende Katzenstreu, die Fl\xc3\xbcssigkeit schnell und effektiv aufsaugt, bevor Geruch entsteht. Wie ein Schwamm nimmt die Hygienestreu Fl\xc3\xbcssigkeit auf und schlie\xc3\x9ft sie sicher ein. So bleibt die Katzentoilette f\xc3\xbcr Ihre Katze sp\xc3\xbcrbar trocken und hygienisch. Der Extra-Mineralschutz von CATSAN\xe2\x84\xa2 Hygiene bindet Ger\xc3\xbcche besonders lang und zuverl\xc3\xa4ssig. Katzen wissen die geruchsbindende Katsenstreu zu sch\xc3\xa4tzen - und ihre Eigent\xc3\xbcmer auch. \nCATSAN\xe2\x84\xa2 Hygienestreu besteht zu 100 % aus nat\xc3\xbcrlichen Rohstoffen (Quarzsand und Kalk). So entsteht die hygienisch wei\xc3\x9fe Farbe von CATSAN\xe2\x84\xa2 Hygienestreu, ohne auf gef\xc3\xa4hrliche Stoffe wie Bleichmittel zur\xc3\xbcckgreifen zu m\xc3\xbcssen. CATSAN\xe2\x84\xa2 ist frei von gef\xc3\xa4hrlichen Fasern oder anderen unvertr\xc3\xa4glichen Bestandteilen. \nAuch f\xc3\xbcr K\xc3\xa4tzchen geeignet.HinweiseAufbewahrungs- und Verwendungshinweis: Bitte trocken lagern.ArtikeldetailsMarke: CatsanUrsprungsland: DeutschlandKontaktKontaktname: Mars GmbHKontaktadresse: Postfach 1280, 27281 Verden (Aller)Maximale Bestellmenge: 15 St\xc3\xbcckF\xc3\xbcr die vorstehenden Angaben wird keine Haftung \xc3\xbcbernommen. Bitte pr\xc3\xbcfen Sie im Einzelfall die Angaben auf der jeweiligen Produktverpackung, nur diese sind verbindlich.Das Produktdesign kann von der Abbildung abweichen.'",Felix-Wankel-Strasse 20,Rewe,Tier,2023-07-09,"Gültig ab morgen bis Samstag, 15.07.2023"
"Family Pool
            3",https://img.rewe-static.de/REWE_CENTER_HZ28_2023/8962052/40194752-6_digital-image.png?impolicy=s-offers&imwidth=200&output-format=image/webp,,https://shop.rewe.de/productList?search=8962052,,"ca. 262 x 175 x 51 cm , je St",Knaller,"20,00 €",,Felix-Wankel-Strasse 20,Rewe,Freizeit & Mode,2023-07-09,"Gültig ab morgen bis Samstag, 15.07.2023"
"Maui Sports Phylon Clogs
            3",https://img.rewe-static.de/REWE_CENTER_HZ28_2023/7718674/40276955-6_digital-image.png?impolicy=s-offers&imwidth=200&output-format=image/webp,,https://shop.rewe.de/productList?search=8962052,,"für Damen oder Herren Größen: 38/39, 40/41, 42/43, 44/45 , je Paar",Aktion,"11,99 €",nan,Felix-Wankel-Strasse 20,Rewe,Freizeit & Mode,2023-07-09,"Gültig ab morgen bis Samstag, 15.07.2023"
"Edelweiss
            1",https://img.rewe-static.de/REWE_CENTER_HZ28_2023/8905443/39778752-4_digital-image.png?impolicy=s-offers&imwidth=200&output-format=image/webp,,https://shop.rewe.de/productList?search=8962052,,"Sorte »Vroni«, mit silberweißen Blüten , je Topf",Aktion,"2,29 €",nan,Felix-Wankel-Strasse 20,Rewe,Freizeit & Mode,2023-07-09,"Gültig ab morgen bis Samstag, 15.07.2023"
"Lavendel
            1",https://img.rewe-static.de/REWE_CENTER_HZ28_2023/7937802/32803965-11_digital-image.png?impolicy=s-offers&imwidth=200&output-format=image/webp,,https://shop.rewe.de/productList?search=8962052,,"herrlich duftend, in dekorativem Balkonkasten , je Topf",Aktion,"4,44 €",nan,Felix-Wankel-Strasse 20,Rewe,Freizeit & Mode,2023-07-09,"Gültig ab morgen bis Samstag, 15.07.2023"
"Adidas Badepantoletten »Aqua«
            3",https://img.rewe-static.de/REWE_CENTER_HZ28_2023/7686361/33245576-10_digital-image.png?impolicy=s-offers&imwidth=200&output-format=image/webp,,https://shop.rewe.de/productList?search=7686361,,"versch. Größen und Farben , je Paar",Aktion,"14,99 €",,Felix-Wankel-Strasse 20,Rewe,Freizeit & Mode,2023-07-09,"Gültig ab morgen bis Samstag, 15.07.2023"
"Grillbriketts »Grillis« oder Grillholzkohle »Der Sommerhit«
            3",https://img.rewe-static.de/REWE_CENTER_HZ28_2023/1498474/20984916-13_digital-image.png?impolicy=s-offers&imwidth=200&output-format=image/webp,,https://shop.rewe.de/productList?search=7686361,,"je 3,3-kg-Btl , (1 kg = 2.42)",Aktion,"7,99 €","b'ProduktbeschreibungArtikelnummer 1498474Diese Artikel sind nicht st\xc3\xa4ndig im Sortiment. Verkauf nur solange der Vorrat reicht. Abgabe nur in handels\xc3\xbcblichen Mengen. Aktionspreise sind zeitlich begrenzt. ArtikeldetailsMarke: proFagusKontaktKontaktname: proFagus GmbHKontaktadresse: Uslarer Stra\xc3\x9fe 30 37194 BodenfeldeMaximale Bestellmenge: 2 St\xc3\xbcckF\xc3\xbcr die vorstehenden Angaben wird keine Haftung \xc3\xbcbernommen. Bitte pr\xc3\xbcfen Sie im Einzelfall die Angaben auf der jeweiligen Produktverpackung, nur diese sind verbindlich.Das Produktdesign kann von der Abbildung abweichen.'",Felix-Wankel-Strasse 20,Rewe,Freizeit & Mode,2023-07-09,"Gültig ab morgen bis Samstag, 15.07.2023"
"Portulakröschen oder Zauberglöckchen
            1",https://img.rewe-static.de/REWE_CENTER_HZ28_2023/1832840/2541080-5_digital-image.png?impolicy=s-offers&imwidth=200&output-format=image/webp,,https://shop.rewe.de/productList?search=7686361,,"versch. Farben , je Topf",Aktion,"1,99 €",nan,Felix-Wankel-Strasse 20,Rewe,Freizeit & Mode,2023-07-09,"Gültig ab morgen bis Samstag, 15.07.2023"
"Enzian
            1",https://img.rewe-static.de/REWE_CENTER_HZ28_2023/1729713/25244190-6_digital-image.png?impolicy=s-offers&imwidth=200&output-format=image/webp,,https://shop.rewe.de/productList?search=7686361,,"blühfreudige Sommerpflanze, mit leuchtend blauer Blüte , je Topf",Aktion,"2,99 €",nan,Felix-Wankel-Strasse 20,Rewe,Freizeit & Mode,2023-07-09,"Gültig ab morgen bis Samstag, 15.07.2023"
Barilla Pasta,https://img.rewe-static.de/KLEIN28_2023/6653839/20768970-25_digital-image.png?impolicy=s-offers&imwidth=200&output-format=image/webp,,https://shop.rewe.de/productList?search=7686361,,"versch. Ausformungen , je 500-g-Pckg , (1 kg = 1.90)",Knaller,"0,95 €","b'ProduktbeschreibungArtikelnummer 6653839Fusilli erschienen in ihrer heutigen Form zuerst in S\xc3\xbcditalien und sind urspr\xc3\xbcnglich der Idee entsprungen, Spaghetti auf einer Stricknadel aufzuwickeln. Erst sp\xc3\xa4ter, bedingt durch die unterschiedlichen geschmacklichen Gewohnheiten in den verschiedenen italienischen Regionen, entstanden Fusilli als eigenst\xc3\xa4ndige Sorte. Im Rahmen des Sortiments von Barilla - Italiens beliebtester Pasta - wurde die Pastasorte Fusilli neu interpretiert und erhielt ihre charakteristische Spiralform, die f\xc3\xbcr die Tradition von Mittel- und Norditalien typisch ist.... mehr anzeigenZutaten & AllergeneZutaten: HARTWEIZENGRIESS, Wasser. Kann Spuren von Sojabohnen enthalten.Allergenhinweise: Enth\xc3\xa4lt: Weizen und Weizenerzeugnisse (glutenhaltiges Getreide). Glutenhaltiges Getreide und glutenhaltige Getreideerzeugnisse. Kann enthalten: Soja und Sojaerzeugnisse.N\xc3\xa4hrwerteDurchschnittliche N\xc3\xa4hrwerteUnzubereitet pro 100 gEnergie1.521 kJEnergie359 kcalFett2 gFett, davon ges\xc3\xa4ttigte Fetts\xc3\xa4uren0,5 gKohlenhydrate71,2 gKohlenhydrate, davon Zucker3,5 gBallaststoffe3 gEiwei\xc3\x9f12,5 gSalz0,013 gHinweiseAufbewahrungs- und Verwendungshinweis: Trocken und vor W\xc3\xa4rme gesch\xc3\xbctzt lagern.ArtikeldetailsMarke: BarillaUrsprungsland: ItalienKontaktKontaktname: Barilla G. e R. Fratelli - Societ\xc3\xa0 per AzioniKontaktadresse: Via Mantova 166, Parma - ItalyF\xc3\xbcr die vorstehenden Angaben wird keine Haftung \xc3\xbcbernommen. Bitte pr\xc3\xbcfen Sie im Einzelfall die Angaben auf der jeweiligen Produktverpackung, nur diese sind verbindlich.Das Produktdesign kann von der Abbildung abweichen.'",Furtwanglerstr. 15,Rewe,Topangebote,2023-07-09,"Gültig ab morgen bis Samstag, 15.07.2023"
Ehrmann Almighurt,https://img.rewe-static.de/KLEIN28_2023/7659300/9176090-16_digital-image.png?impolicy=s-offers&imwidth=200&output-format=image/webp,,https://shop.rewe.de/productList?search=7686361,,"versch. Sorten , je 150-g-Becher , (1 kg = 2.20)",Knaller,"0,33 €","b'ProduktbeschreibungArtikelnummer 7659300Erlesene Fruchtzubereitung aus Deutschland.Gute Allg\xc3\xa4uer Milch von Familienh\xc3\xb6fen.Zutaten & AllergeneZutaten: JOGHURT mild, Zucker, Heidelbeeren 6,8%, modifizierte St\xc3\xa4rke, f\xc3\xa4rbendes Pflanzenkonzentrat (Karotte), Verdickungsmittel (Pektine, Guarkernmehl), Aroma. Ohne Konservierungsstoffe.Allergenhinweise: Enth\xc3\xa4lt: JoghurtEnth\xc3\xa4lt: Milch und Milcherzeugnisse (einschlie\xc3\x9flich Lactose). Milchzucker (Laktose).N\xc3\xa4hrwerteDurchschnittliche N\xc3\xa4hrwerteUnzubereitet pro 100 gEnergie389 kJEnergie92 kcalFett2,7 gFett, davon ges\xc3\xa4ttigte Fetts\xc3\xa4uren1,8 gKohlenhydrate14 gKohlenhydrate, davon Zucker13 gEiwei\xc3\x9f3 gSalz0,1 gHinweiseAufbewahrungs- und Verwendungshinweis: Bei max. +8 \xc2\xb0C mindestens haltbar bis: siehe DeckelArtikeldetailsMarke: EhrmannUrsprungsland: DeutschlandSorte: HeidelbeereKontaktKontaktname: Ehrmann GmbHKontaktadresse: A.-Ehrmann-Stra\xc3\x9fe 2, 87770 Obersch\xc3\xb6neggMaximale Bestellmenge: 15 St\xc3\xbcckF\xc3\xbcr die vorstehenden Angaben wird keine Haftung \xc3\xbcbernommen. Bitte pr\xc3\xbcfen Sie im Einzelfall die Angaben auf der jeweiligen Produktverpackung, nur diese sind verbindlich.Das Produktdesign kann von der Abbildung abweichen.'",Furtwanglerstr. 15,Rewe,Topangebote,2023-07-09,"Gültig ab morgen bis Samstag, 15.07.2023"
Lavazza Caffè Crema Classico oder Crema e Aroma,https://img.rewe-static.de/KLEIN28_2023/0293182/30798874-10_digital-image.png?impolicy=s-offers&imwidth=200&output-format=image/webp,,https://shop.rewe.de/productList?search=7686361,,"ganze Bohnen , je 1000-g-Btl",Knaller,"9,99 €","b'ProduktbeschreibungArtikelnummer 293182Eine sehr vielseitige Mischung aus Arabica und Robusta Bohnen. HinweiseAufbewahrungs- und Verwendungshinweis: trocken lagern.ArtikeldetailsMarke: LavazzaUrsprungsland: ItalienKontaktKontaktname: LUIGI LAVAZZA S.p.A.Kontaktadresse: C. SO NOVARA, 59- 10154 TORINO - ITALIAMaximale Bestellmenge: 15 St\xc3\xbcckF\xc3\xbcr die vorstehenden Angaben wird keine Haftung \xc3\xbcbernommen. Bitte pr\xc3\xbcfen Sie im Einzelfall die Angaben auf der jeweiligen Produktverpackung, nur diese sind verbindlich.Das Produktdesign kann von der Abbildung abweichen.'",Furtwanglerstr. 15,Rewe,Topangebote,2023-07-09,"Gültig ab morgen bis Samstag, 15.07.2023"
Campofrio Serrano-Schinken,https://img.rewe-static.de/KLEIN28_2023/0515409/31641266-6_digital-image.png?impolicy=s-offers&imwidth=200&output-format=image/webp,,https://shop.rewe.de/productList?search=7686361,,je 100 g,Aktion,"2,19 €","b'ProduktbeschreibungArtikelnummer 515409Frisch f\xc3\xbcr dich aus unserer Servicetheke. \n \nZutaten: Schweinefleisch, Salz, Konservierungsstoff: Kaliumnitrat, Natriumnitrit. \n \nN\xc3\xa4hrwerte je 100g: \nEnergie: 889kJ \nEnergie: 2120kcal \nFett: 10g \nFett, davon ges\xc3\xa4ttigte Fetts\xc3\xa4uren: 3,8g \nKohlenhydrate: 0,5g \nKohlenhydrate, davon Zucker: 0,5g \nEiwei\xc3\x9f: 30g \nSalz: 5g Zutaten & AllergeneAllergenhinweise: nullN\xc3\xa4hrwerteDurchschnittliche N\xc3\xa4hrwerteUnzubereitet pro 100 gEnergie889 kJEnergie212 kcalFett10 gFett, davon ges\xc3\xa4ttigte Fetts\xc3\xa4uren3,8 gKohlenhydrate0,5 gKohlenhydrate, davon Zucker0,5 gEiwei\xc3\x9f30 gSalz5 gArtikeldetailsMarke: CampofrioMaximale Bestellmenge: 15 St\xc3\xbcckF\xc3\xbcr die vorstehenden Angaben wird keine Haftung \xc3\xbcbernommen. Bitte pr\xc3\xbcfen Sie im Einzelfall die Angaben auf der jeweiligen Produktverpackung, nur diese sind verbindlich.Das Produktdesign kann von der Abbildung abweichen.'",Furtwanglerstr. 15,Rewe,Topangebote,2023-07-09,"Gültig ab morgen bis Samstag, 15.07.2023"
Eisbergsalat,https://img.rewe-static.de/KLEIN28_2023/1366237/36750087-3_digital-image.png?impolicy=s-offers&imwidth=200&output-format=image/webp,,https://shop.rewe.de/productList?search=7686361,,"Kl. I , je St",Aktion,"0,75 €",nan,Furtwanglerstr. 15,Rewe,Topangebote,2023-07-09,"Gültig ab morgen bis Samstag, 15.07.2023"
Lavazza Tierra Kaffeekapseln,https://img.rewe-static.de/KLEIN28_2023/8751427/35732387-9_digital-image.png?impolicy=s-offers&imwidth=200&output-format=image/webp,,https://shop.rewe.de/productList?search=7686361,,"je 55-g-Pckg , (1 kg = 45.27)",Aktion,"2,49 €","b'ProduktbeschreibungArtikelnummer 8751427ArtikeldetailsMarke: LavazzaEigenschaften: BioUrsprungsland: Italien\xc3\x96ko Kontrollstelle: IT-BIO-009Ort der Erzeugung: EU-LandwirtschaftKontaktKontaktname: Luigi Lavazza Deutschland GmbHKontaktadresse: Platz der Einheit 2, 60327 Frankfurt/M.F\xc3\xbcr die vorstehenden Angaben wird keine Haftung \xc3\xbcbernommen. Bitte pr\xc3\xbcfen Sie im Einzelfall die Angaben auf der jeweiligen Produktverpackung, nur diese sind verbindlich.Das Produktdesign kann von der Abbildung abweichen.'",Furtwanglerstr. 15,Rewe,Dein Markt für italienischen Genuss,2023-07-09,"Gültig ab morgen bis Samstag, 15.07.2023"
Lavazza Espresso Kaffeekapseln,https://img.rewe-static.de/KLEIN28_2023/8810470/35732285-9_digital-image.png?impolicy=s-offers&imwidth=200&output-format=image/webp,,https://shop.rewe.de/productList?search=7686361,,"je 57-g-Pckg , (1 kg = 43.68)",Aktion,"2,49 €","b'ProduktbeschreibungArtikelnummer 8810470ArtikeldetailsMarke: LavazzaUrsprungsland: ItalienKontaktKontaktname: Luigi Lavazza Deutschland GmbHKontaktadresse: Platz der Einheit 260327 Frankfurt/M.F\xc3\xbcr die vorstehenden Angaben wird keine Haftung \xc3\xbcbernommen. Bitte pr\xc3\xbcfen Sie im Einzelfall die Angaben auf der jeweiligen Produktverpackung, nur diese sind verbindlich.Das Produktdesign kann von der Abbildung abweichen.'",Furtwanglerstr. 15,Rewe,Dein Markt für italienischen Genuss,2023-07-09,"Gültig ab morgen bis Samstag, 15.07.2023"
Zitronen,https://img.rewe-static.de/KLEIN28_2023/8131318/8722460-33_digital-image.png?impolicy=s-offers&imwidth=200&output-format=image/webp,,https://shop.rewe.de/productList?search=7686361,,"Sorte: siehe Etikett, Kl. I , je 500-g-Netz , (1 kg = 2.58)",Aktion,"1,29 €",nan,Furtwanglerstr. 15,Rewe,Dein Markt für italienischen Genuss,2023-07-09,"Gültig ab morgen bis Samstag, 15.07.2023"
Mövenpick Salted Caramel,https://img.rewe-static.de/KLEIN28_2023/7713567/38472507-14_digital-image.png?impolicy=s-offers&imwidth=200&output-format=image/webp,,https://shop.rewe.de/productList?search=7686361,,"je 800-ml-Becher , (1 l = 2.49)",Aktion,"1,99 €","b'ProduktbeschreibungArtikelnummer 7713567Eis mit Vanillegeschmack, mit gesalzener Karamellsauce, Karamellst\xc3\xbcckchen und kakaobutterhaltigen Konfektst\xc3\xbcckchen mit KaramellgeschmackZutaten & AllergeneZutaten: Entrahmte MILCH, MOLKENERZEUGNIS, Glukosesirup, Zucker,pflanzliche Fette (Kokos, Shea), gezuckerte KONDENSMILCH (eingedickte VOLLMILCH, Zucker, MILCHZUCKER), gezuckerte KONDENSMAGERMILCH (eingedickte entrahmte MILCH, Zucker), Emulgatoren (Mono- und Diglyceride von Speisefetts\xc3\xa4uren, Lecithine), Verdickungsmittel (Johannisbrotkernmehl, Guarkernmehl), Kakaobutter*, Salz, VOLLMILCHPULVER, BUTTERFETT, Feuchthaltemittel (Glycerin), f\xc3\xa4rbende Frucht- und Gem\xc3\xbcsekonzentrate (schwarze Johannisbeere, Apfel, Zitrone, Karotte, Rettich), f\xc3\xa4rbendes Saflorkonzentrat, nat\xc3\xbcrliche Vanillearomen, Kakaomasse*, MILCHZUCKER, nat\xc3\xbcrliche Aromen. *Rainforest Alliance-zertifiziert. Mehr Informationen unter ra.org.KANN SCHALENFR\xc3\x9cCHTE, GLUTENHALTIGE GETREIDE, SOJA UND EIER ENTHALTEN. Wichtig: Kleinkinder (unter 4 Jahren) verf\xc3\xbcgen\xc3\xbcber eine verminderte Kauf\xc3\xa4higkeit und k\xc3\xb6nnten sich an kleinen St\xc3\xbcckchen verschlucken.Allergenhinweise: MILCH, MOLKENERZEUGNIS, KONDENSMILCH, VOLLMILCH, MILCHZUCKER, KONDENSMAGERMILCH, VOLLMILCHPULVER, BUTTERFETT.Enth\xc3\xa4lt: Milch und Milcherzeugnisse (einschlie\xc3\x9flich Lactose). Kann enthalten: Glutenhaltiges Getreide und glutenhaltige Getreideerzeugnisse. Eier und Eierzeugnisse. N\xc3\xbcsse und Nusserzeugnisse. Soja und Sojaerzeugnisse.N\xc3\xa4hrwerteDurchschnittliche N\xc3\xa4hrwerteUnzubereitet pro 100 gEnergie1.009 kJEnergie240 kcalFett9,5 gFett, davon ges\xc3\xa4ttigte Fetts\xc3\xa4uren8,2 gKohlenhydrate37 gKohlenhydrate, davon Zucker29 gBallaststoffe< 0,5 gEiwei\xc3\x9f2 gSalz0,29 gHinweiseAufbewahrungs- und Verwendungshinweis: Bei -18 \xc2\xb0C mindestens haltbar bis Ende: siehe VerpackungsaufdruckInformation: Wichtig: Kleinkinder (unter 4 Jahren) verf\xc3\xbcgen\xc3\xbcber eine verminderte Kauf\xc3\xa4higkeit und k\xc3\xb6nnten sich an kleinen St\xc3\xbcckchen verschlucken.ArtikeldetailsMarke: M\xc3\xb6venpickUrsprungsland: DeutschlandKontaktKontaktname: FRONERI Sch\xc3\xb6ller GmbHKontaktadresse: D-90419 N\xc3\xbcrnbergMaximale Bestellmenge: 15 St\xc3\xbcckF\xc3\xbcr die vorstehenden Angaben wird keine Haftung \xc3\xbcbernommen. Bitte pr\xc3\xbcfen Sie im Einzelfall die Angaben auf der jeweiligen Produktverpackung, nur diese sind verbindlich.Das Produktdesign kann von der Abbildung abweichen.'",Furtwanglerstr. 15,Rewe,Dein Markt für italienischen Genuss,2023-07-09,"Gültig ab morgen bis Samstag, 15.07.2023"
Mövenpick Stracciatella Classico,https://img.rewe-static.de/KLEIN28_2023/8725654/35463369-11_digital-image.png?impolicy=s-offers&imwidth=200&output-format=image/webp,,https://shop.rewe.de/productList?search=7686361,,"je 900-ml-Becher , (1 l = 2.21)",Aktion,"1,99 €","b'ProduktbeschreibungArtikelnummer 8725654Cremiges Eis mit Stracciatellageschmack mit Schokoladenst\xc3\xbcckchen und einer Schokoladensauce.Zutaten & AllergeneZutaten: Entrahmte MILCH, MOLKENERZEUGNIS, Glukosesirup, Zucker, Kokosfett, Soja\xc3\xb6l, VOLLMILCHPULVER, fettarmer Kakao** (1,3 %), Kakaobutter**, Kakaomasse**, Emulgatoren (Mono- und Diglyceride von Speisefetts\xc3\xa4uren, Lecithine (SOJA)), Verdickungsmittel (Johannisbrotkernmehl, Guarkernmehl), nat\xc3\xbcrliche Aromen (enthalten MILCH), Aroma. **Rainforest Alliance-zertifiziert. Mehr Informationen unter ra.org. KANN SCHALENFR\xc3\x9cCHTE, GLUTENHALTIGE GETREIDE UND EIER ENTHALTEN. Wichtig: Kleinkinder (unter 4 Jahren) verf\xc3\xbcgen \xc3\xbcber eine verminderte Kauf\xc3\xa4higkeit und k\xc3\xb6nnten sich an kleinen St\xc3\xbcckchen verschlucken.Allergenhinweise: Milch, Molkenerzeugnis, Schlagsahne, SojaEnth\xc3\xa4lt: Milch und Milcherzeugnisse (einschlie\xc3\x9flich Lactose). Soja und Sojaerzeugnisse. Kann enthalten: Eier und Eierzeugnisse. N\xc3\xbcsse und Nusserzeugnisse. Glutenhaltiges Getreide und glutenhaltige Getreideerzeugnisse.N\xc3\xa4hrwerteDurchschnittliche N\xc3\xa4hrwerteUnzubereitet pro 100 gEnergie1.079 kJEnergie258 kcalFett15 gFett, davon ges\xc3\xa4ttigte Fetts\xc3\xa4uren9,9 gKohlenhydrate28 gKohlenhydrate, davon Zucker23 gBallaststoffe0,7 gEiwei\xc3\x9f2,9 gSalz0,09 gHinweiseAufbewahrungs- und Verwendungshinweis: Bei -18 \xc2\xb0C mindestens haltbar bis Ende: siehe VerpackungsaufdruckInformation: Wichtig: Kleinkinder (unter 4 Jahren) verf\xc3\xbcgen \xc3\xbcber eine verminderte Kauf\xc3\xa4higkeit und k\xc3\xb6nnten sich an kleinen St\xc3\xbcckchen verschlucken. Packung enth\xc3\xa4lt 9 Portionen. Portionen sollten f\xc3\xbcr Kinder entsprechend ihrem Alter angepasst werden.ArtikeldetailsMarke: M\xc3\xb6venpickUrsprungsland: DeutschlandKontaktKontaktname: FRONERI Sch\xc3\xb6ller GmbHKontaktadresse: D-90419 N\xc3\xbcrnbergMaximale Bestellmenge: 15 St\xc3\xbcckF\xc3\xbcr die vorstehenden Angaben wird keine Haftung \xc3\xbcbernommen. Bitte pr\xc3\xbcfen Sie im Einzelfall die Angaben auf der jeweiligen Produktverpackung, nur diese sind verbindlich.Das Produktdesign kann von der Abbildung abweichen.'",Furtwanglerstr. 15,Rewe,Dein Markt für italienischen Genuss,2023-07-09,"Gültig ab morgen bis Samstag, 15.07.2023"
Arla Finello Gratinkäse,https://img.rewe-static.de/KLEIN28_2023/0674328/21064797-16_digital-image.png?impolicy=s-offers&imwidth=200&output-format=image/webp,,https://shop.rewe.de/productList?search=7686361,,"dän. Reibekäse , je 150-g-Pckg , (1 kg = 9.93)",Aktion,"1,49 €","b'ProduktbeschreibungArtikelnummer 674328Zutaten & AllergeneZutaten: K\xc3\x84SE, Kartoffelst\xc3\xa4rke.Allergenhinweise: Enth\xc3\xa4lt: Milch und Milcherzeugnisse (einschlie\xc3\x9flich Lactose).N\xc3\xa4hrwerteDurchschnittliche N\xc3\xa4hrwerteUnzubereitet pro 100 gEnergie1.305 kJEnergie314 kcalFett23 gFett, davon ges\xc3\xa4ttigte Fetts\xc3\xa4uren14 gKohlenhydrate2,8 gKohlenhydrate, davon Zucker0,6 gEiwei\xc3\x9f24 gSalz1,5 gHinweiseAufbewahrungs- und Verwendungshinweis: Nach dem \xc3\x96ffnen k\xc3\xbchl aufbewahren.Bei 8 \xc2\xb0C mindestens haltbar bis: siehe VerpackungsaufdruckInformation: Unter Schutzatmosph\xc3\xa4re verpackt.ArtikeldetailsMarke: ArlaUrsprungsland: D\xc3\xa4nemarkSorte: Gratink\xc3\xa4seKontaktKontaktname: Arla Foods ambaKontaktadresse: DK-8260 Viby JMaximale Bestellmenge: 15 St\xc3\xbcckF\xc3\xbcr die vorstehenden Angaben wird keine Haftung \xc3\xbcbernommen. Bitte pr\xc3\xbcfen Sie im Einzelfall die Angaben auf der jeweiligen Produktverpackung, nur diese sind verbindlich.Das Produktdesign kann von der Abbildung abweichen.'",Furtwanglerstr. 15,Rewe,Dein Markt für italienischen Genuss,2023-07-09,"Gültig ab morgen bis Samstag, 15.07.2023"
Barilla Pesto alla Genovese,https://img.rewe-static.de/KLEIN28_2023/4840313/35802412-11_digital-image.png?impolicy=s-offers&imwidth=200&output-format=image/webp,,https://shop.rewe.de/productList?search=7686361,,"je 190-g-Glas , (1 kg = 10.47)",Aktion,"1,99 €","b'ProduktbeschreibungArtikelnummer 4840313Zutaten & AllergeneZutaten: pflanzliche \xc3\x96le (Olive, Sonnenblume), frisches Basilikum 30%, CASHEWKERNE, Parmigiano Reggiano g.U. K\xc3\xa4se 5% (MILCH), Maisfaser, Molkepulver (MILCH), Salz, MILCHeiweiss, natives Oliven\xc3\xb6l extra, Zucker, Basilikumextrakt, nat\xc3\xbcrliche Aromen (MILCH), S\xc3\xa4ureregulator: Milchs\xc3\xa4ure, Knoblauch. Kann Spuren von anderen Schalenfr\xc3\xbcchten (Hartschalenobst) enthalten.Allergenhinweise: Enth\xc3\xa4lt: Milch und Milcherzeugnisse (einschlie\xc3\x9flich Lactose). N\xc3\xbcsse und Nusserzeugnisse. Kaschunuss und Kaschunusserzeugnisse.N\xc3\xa4hrwerteDurchschnittliche N\xc3\xa4hrwerteUnzubereitet pro 100 gEnergie1.989 kJEnergie482 kcalFett46 gFett, davon ges\xc3\xa4ttigte Fetts\xc3\xa4uren7,1 gKohlenhydrate9,8 gKohlenhydrate, davon Zucker5,5 gBallaststoffe5 gEiwei\xc3\x9f4,7 gSalz3,25 gHinweiseAufbewahrungs- und Verwendungshinweis: Nach dem \xc3\x96ffnen gek\xc3\xbchlt 5 Tage haltbar.ArtikeldetailsMarke: BarillaUrsprungsland: ItalienKontaktKontaktname: Barilla G. e R. Fratelli S.p.A.Kontaktadresse: Via Mantova 166, Parma - ItalyMaximale Bestellmenge: 15 St\xc3\xbcckF\xc3\xbcr die vorstehenden Angaben wird keine Haftung \xc3\xbcbernommen. Bitte pr\xc3\xbcfen Sie im Einzelfall die Angaben auf der jeweiligen Produktverpackung, nur diese sind verbindlich.Das Produktdesign kann von der Abbildung abweichen.'",Furtwanglerstr. 15,Rewe,Dein Markt für italienischen Genuss,2023-07-09,"Gültig ab morgen bis Samstag, 15.07.2023"
Barilla Pesto Basilico Vegan,https://img.rewe-static.de/KLEIN28_2023/3263361/26586190-10_digital-image.png?impolicy=s-offers&imwidth=200&output-format=image/webp,,https://shop.rewe.de/productList?search=7686361,,"je 195-g-Glas , (1 kg = 10.21)",Aktion,"1,99 €","b'ProduktbeschreibungArtikelnummer 3263361Zutaten & AllergeneZutaten: Basilikum 35,6%, pflanzliche \xc3\x96le (Olive, Sonnenblume), CASHEWKERNE, Glukosesirup, Wasser, modifizierte Maisst\xc3\xa4rke, Salz, nat\xc3\xbcrliche Aromen, natives Oliven\xc3\xb6l extra, Zucker, S\xc3\xa4ureregulator Milchs\xc3\xa4ure. Kann Spuren von anderen Schalenfr\xc3\xbcchten (Hartschalenobst) enthalten.Allergenhinweise: Enth\xc3\xa4lt: Kaschunuss und Kaschunusserzeugnisse. Kann enthalten: N\xc3\xbcsse und Nusserzeugnisse.N\xc3\xa4hrwerteDurchschnittliche N\xc3\xa4hrwerteUnzubereitet pro 100 gEnergie1.780 kJEnergie431 kcalFett41 gFett, davon ges\xc3\xa4ttigte Fetts\xc3\xa4uren5,5 gKohlenhydrate12 gKohlenhydrate, davon Zucker3,3 gBallaststoffe2 gEiwei\xc3\x9f2,5 gSalz3 gHinweiseAufbewahrungs- und Verwendungshinweis: Nach dem \xc3\x96ffnen gek\xc3\xbchlt 5 Tage haltbar.ArtikeldetailsMarke: BarillaEigenschaften: Vegan, Vegetarisch, LaktosefreiUrsprungsland: ItalienKontaktKontaktname: Barilla G. e R. Fratelli - Societ\xc3\xa0 per AzioniKontaktadresse: Via Mantova 166, Parma - ItalyMaximale Bestellmenge: 15 St\xc3\xbcckF\xc3\xbcr die vorstehenden Angaben wird keine Haftung \xc3\xbcbernommen. Bitte pr\xc3\xbcfen Sie im Einzelfall die Angaben auf der jeweiligen Produktverpackung, nur diese sind verbindlich.Das Produktdesign kann von der Abbildung abweichen.'",Furtwanglerstr. 15,Rewe,Dein Markt für italienischen Genuss,2023-07-09,"Gültig ab morgen bis Samstag, 15.07.2023"
Barilla Collezione Farfalle,https://img.rewe-static.de/KLEIN28_2023/7905005/32879874-15_digital-image.png?impolicy=s-offers&imwidth=200&output-format=image/webp,,https://shop.rewe.de/productList?search=7686361,,"je 500-g-Pckg , (1 kg = 3.58)",Aktion,"1,79 €","b'ProduktbeschreibungArtikelnummer 7905005Zutaten & AllergeneZutaten: HARTWEIZENGRIESS, Wasser. Kann Spuren von Sojabohnen enthalten.Allergenhinweise: Enth\xc3\xa4lt: Weizen und Weizenerzeugnisse (glutenhaltiges Getreide). Glutenhaltiges Getreide und glutenhaltige Getreideerzeugnisse. Kann enthalten: Soja und Sojaerzeugnisse.N\xc3\xa4hrwerteDurchschnittliche N\xc3\xa4hrwerteUnzubereitet pro 100 gEnergie1.521 kJEnergie359 kcalFett2 gFett, davon ges\xc3\xa4ttigte Fetts\xc3\xa4uren0,5 gKohlenhydrate71,2 gKohlenhydrate, davon Zucker3,5 gBallaststoffe3 gEiwei\xc3\x9f12,5 gSalz0,013 gHinweiseAufbewahrungs- und Verwendungshinweis: Trocken, vor Licht und W\xc3\xa4rme gesch\xc3\xbctzt lagern.ArtikeldetailsMarke: BarillaUrsprungsland: ItalienKontaktKontaktname: Barilla G. e R. Fratelli S.p.A.Kontaktadresse: Via Mantova 166, Parma - ItalyMaximale Bestellmenge: 15 St\xc3\xbcckF\xc3\xbcr die vorstehenden Angaben wird keine Haftung \xc3\xbcbernommen. Bitte pr\xc3\xbcfen Sie im Einzelfall die Angaben auf der jeweiligen Produktverpackung, nur diese sind verbindlich.Das Produktdesign kann von der Abbildung abweichen.'",Furtwanglerstr. 15,Rewe,Dein Markt für italienischen Genuss,2023-07-09,"Gültig ab morgen bis Samstag, 15.07.2023"
REWE Beste Wahl Balsamico Creme,https://img.rewe-static.de/KLEIN28_2023/0888363/23928271-32_digital-image.png?impolicy=s-offers&imwidth=200&output-format=image/webp,,https://shop.rewe.de/productList?search=7686361,,"je 250-ml-Fl , (1 l = 7.16)",Aktion,"1,79 €","b'ProduktbeschreibungArtikelnummer 888363Ihr au\xc3\x9fergew\xc3\xb6hnlicher Geschmack ist ideal zur Verfeinerung von Salaten, Gem\xc3\xbcse und Fleisch geeinigt.\n\nHergestellt f\xc3\xbcr: REWE Markt GmbH, D-50603 K\xc3\xb6ln. Zutaten & AllergeneZutaten: Traubenmostkonzentrat, Aceto Balsamico di Modena IGP 39% (Traubenmostkonzentrat, Weinessig, Farbstoff Ammonsulfit-Zuckerkul\xc3\xb6r, Antioxidationsmittel KALIUMMETABISULFIT), Weinessig, Verdickungsmittel (Guarkernmehl, Xanthan). Zusatzstoffe: E 150d, E 224, E 412, E 415Allergenhinweise: Schwefeldioxid und Sulfite in einer Konzentration von mehr als 10 mg/kg oder 10 mg/l, als SO2 angegebenN\xc3\xa4hrwerteDurchschnittliche N\xc3\xa4hrwertepro 100 mlEnergie938 kJEnergie220 kcalFett0 gFett, davon ges\xc3\xa4ttigte Fetts\xc3\xa4uren0 gKohlenhydrate52,5 gKohlenhydrate, davon Zucker43,5 gEiwei\xc3\x9f0,5 gSalz1,14 gHinweiseAufbewahrungshinweise: Nach dem \xc3\x96ffnen im K\xc3\xbchlschrank aufbewahren.Verwendungshinweise: Trocken lagern. Vor W\xc3\xa4rme sch\xc3\xbctzen.ArtikeldetailsMarke: REWE Beste WahlUrsprungsland: ItalienKontaktKontaktname: Drogheria e Alimentari Deutschland GmbHKontaktadresse: H\xc3\xbcttenstrasse 87, 87600 Kaufbeuren, DeutschlandMaximale Bestellmenge: 15 St\xc3\xbcckF\xc3\xbcr die vorstehenden Angaben wird keine Haftung \xc3\xbcbernommen. Bitte pr\xc3\xbcfen Sie im Einzelfall die Angaben auf der jeweiligen Produktverpackung, nur diese sind verbindlich.Das Produktdesign kann von der Abbildung abweichen.'",Furtwanglerstr. 15,Rewe,Dein Markt für italienischen Genuss,2023-07-09,"Gültig ab morgen bis Samstag, 15.07.2023"
Barilla Spaghetti Al Bronzo,https://img.rewe-static.de/KLEIN28_2023/8745035/37803714-8_digital-image.png?impolicy=s-offers&imwidth=200&output-format=image/webp,,https://shop.rewe.de/productList?search=7686361,,"je 400-g-Pckg , (1 kg = 4.48)",Aktion,"1,79 €","b'ProduktbeschreibungArtikelnummer 8745035Zutaten & AllergeneZutaten: HARTWEIZENGRIESS, Wasser. Kann Spuren von Sojabohnen und Senf enthalten.Allergenhinweise: Enth\xc3\xa4lt: Weizen und Weizenerzeugnisse (glutenhaltiges Getreide). Glutenhaltiges Getreide und glutenhaltige Getreideerzeugnisse. Kann enthalten: Soja und Sojaerzeugnisse. Senf- und Senferzeugnisse.N\xc3\xa4hrwerteDurchschnittliche N\xc3\xa4hrwerteUnzubereitet pro 100 gEnergie1.521 kJEnergie359 kcalFett2 gFett, davon ges\xc3\xa4ttigte Fetts\xc3\xa4uren0,4 gKohlenhydrate69,7 gKohlenhydrate, davon Zucker3,5 gBallaststoffe3 gEiwei\xc3\x9f14 gSalz0,013 gHinweiseAufbewahrungs- und Verwendungshinweis: Trocken, vor Licht und W\xc3\xa4rme gesch\xc3\xbctzt lagern.ArtikeldetailsMarke: BarillaUrsprungsland: ItalienKontaktKontaktname: Barilla G. e R. Fratelli S.p.A.Kontaktadresse: Via Mantova 166, Parma - ItalyMaximale Bestellmenge: 15 St\xc3\xbcckF\xc3\xbcr die vorstehenden Angaben wird keine Haftung \xc3\xbcbernommen. Bitte pr\xc3\xbcfen Sie im Einzelfall die Angaben auf der jeweiligen Produktverpackung, nur diese sind verbindlich.Das Produktdesign kann von der Abbildung abweichen.'",Furtwanglerstr. 15,Rewe,Dein Markt für italienischen Genuss,2023-07-09,"Gültig ab morgen bis Samstag, 15.07.2023"
Rana Tortelloni,https://img.rewe-static.de/KLEIN28_2023/8657317/33918696-8_digital-image.png?impolicy=s-offers&imwidth=200&output-format=image/webp,,https://shop.rewe.de/productList?search=7686361,,"versch. Sorten , je 250-g-Pckg , (1 kg = 10.76)",Aktion,"2,69 €","b'ProduktbeschreibungArtikelnummer 8657317Zutaten & AllergeneZutaten: F\xc3\x9cLLUNG 53%: Basilikum Pesto 35%,(Sonnenblumen\xc3\xb6l, Basilikum 27% Pecorino Romano g.U. (gesch\xc3\xbctzte Ursprungsbezeichnung) K\xc3\x84SE 14%, KACHUN\xc3\x9cSSE, geriebener K\xc3\x84SE, Kochsalz, Pinienkerne 3%), Ricotta 33% (MOLKE, MILCH, Kochsalz), Pflanzenfasern (Mais und Kartoffeln) Mozzarella K\xc3\x84SE, Paniermehl (WeichWEIZENmehl, Wasser, Kochsalz, Hefe), LAKTOSE, St\xc3\xa4rke, nat\xc3\xbcrliche Aromen (enth\xc3\xa4lt GERSTE). TEIGWAREN 47%: WeichWEIZENmehl, EIER 30%,HartWEIZENgrie\xc3\x9f. Hergestellt in einem Werk, das auch SCHALENFR\xc3\x9cCHTE, FISCHE, KREBSTIERE, WICHTIERE, SOJABOHNEN und SELLERIE verwendet.Allergenhinweise: Enth\xc3\xa4lt: Glutenhaltiges Getreide und glutenhaltige Getreideerzeugnisse. Milch und Milcherzeugnisse (einschlie\xc3\x9flich Lactose). N\xc3\xbcsse und Nusserzeugnisse. Eier und Eierzeugnisse. Kann enthalten: Krebstiere und Krebstiererzeugnisse. Weichtiere und Weichtiererzeugnisse. Fisch und Fischerzeugnisse. Soja und Sojaerzeugnisse. Sellerie und Sellerieerzeugnisse.N\xc3\xa4hrwerteDurchschnittliche N\xc3\xa4hrwerteUnzubereitet pro 100 gEnergie1.225 kJEnergie292 kcalFett12 gFett, davon ges\xc3\xa4ttigte Fetts\xc3\xa4uren3,1 gKohlenhydrate32 gKohlenhydrate, davon Zucker4,1 gBallaststoffe6,2 gEiwei\xc3\x9f11 gSalz0,98 gHinweiseAufbewahrungs- und Verwendungshinweis: Im K\xc3\xbchlschrank bei +4\xc2\xb0C bis max. +7\xc2\xb0C aufbewahren. Nach dem \xc3\x96ffnen innerhalb von 3 Tagen verbrauchen.Information: Unter Schutzatmosph\xc3\xa4re verpackt.ArtikeldetailsMarke: Giovanni RanaUrsprungsland: ItalienKontaktKontaktname: Pastificio RANA S.p.A.Kontaktadresse: Via Pacinotti, 25 - 37057 San Giovanni Lupatoto (VR) - ItaliaMaximale Bestellmenge: 15 St\xc3\xbcckF\xc3\xbcr die vorstehenden Angaben wird keine Haftung \xc3\xbcbernommen. Bitte pr\xc3\xbcfen Sie im Einzelfall die Angaben auf der jeweiligen Produktverpackung, nur diese sind verbindlich.Das Produktdesign kann von der Abbildung abweichen.'",Furtwanglerstr. 15,Rewe,Dein Markt für italienischen Genuss,2023-07-09,"Gültig ab morgen bis Samstag, 15.07.2023"
Alta Badia,https://img.rewe-static.de/KLEIN28_2023/0351001/26962937-8_digital-image.png?impolicy=s-offers&imwidth=200&output-format=image/webp,,https://shop.rewe.de/productList?search=7686361,,"ital. Hartkäse, mind. 50% Fett i.Tr. , je 100 g",Aktion,"1,99 €","b'ProduktbeschreibungArtikelnummer 351001Frisch f\xc3\xbcr dich aus unserer Servicetheke. \n \nZutaten: pasteurisierte MILCH, Salz, MILCHS\xc3\x84UREBAKTERIEN, tierisches Lab, Konservierungsstoff: LYSOZYM (aus EI), Natamycin, Farbstoff: AMMONSULFITZUCKERKUL\xc3\x96R \n \nLaktosefrei* \n*Laktosegehalt: unter 0, 1g/100g \n \nRinde nicht zum Verzehr geeignet! \n \nN\xc3\xa4hrwerte je 100g: \nEnergie: 1704kJ \nEnergie: 411kcal \nFett: 33,5g \nFett, davon ges\xc3\xa4ttigte Fetts\xc3\xa4uren: 24,1g \nKohlenhydrate: 0,1g \nKohlenhydrate, davon Zucker: 0,1g \nEiwei\xc3\x9f: 27,3g \nSalz: 1,7g ArtikeldetailsEigenschaften: LaktosefreiMaximale Bestellmenge: 15 St\xc3\xbcckF\xc3\xbcr die vorstehenden Angaben wird keine Haftung \xc3\xbcbernommen. Bitte pr\xc3\xbcfen Sie im Einzelfall die Angaben auf der jeweiligen Produktverpackung, nur diese sind verbindlich.Das Produktdesign kann von der Abbildung abweichen.'",Furtwanglerstr. 15,Rewe,Dein Markt für italienischen Genuss,2023-07-09,"Gültig ab morgen bis Samstag, 15.07.2023"
Belli Cantuccini,https://img.rewe-static.de/KLEIN28_2023/0218662/22322908-38_digital-image.png?impolicy=s-offers&imwidth=200&output-format=image/webp,,https://shop.rewe.de/productList?search=7686361,,"je 250-g-Btl , (1 kg = 10.36)",Aktion,"2,59 €","b""ProduktbeschreibungArtikelnummer 218662Mit 25% Mandelanteil. Zutaten & AllergeneZutaten: WEIZENMEHL, Zucker, MANDELN (25%), pasteurisierte VOLLEIER, pasteurisiertes H\xc3\x9cHNEREIGELB, BUTTER, Bl\xc3\xbctenhonig, Salz. Backtriebmittel: Ammoniumhydrogencarbonat, Dinatriumdiphosphat, Natriumhydrogencarbonat, Aromen. Kann Spuren von anderen SCHALENFR\xc3\x9cCHTEN und SOJA enthalten.Allergenhinweise: Enth\xc3\xa4lt: Weizen und Weizenerzeugnisse (glutenhaltiges Getreide). Mandeln und Mandelerzeugnisse. Eier und Eierzeugnisse. Milch und Milcherzeugnisse (einschlie\xc3\x9flich Lactose). Kann enthalten: Soja und Sojaerzeugnisse. N\xc3\xbcsse und Nusserzeugnisse.N\xc3\xa4hrwerteDurchschnittliche N\xc3\xa4hrwerteUnzubereitet pro 100 gEnergie1.774 kJEnergie424 kcalFett16 gFett, davon ges\xc3\xa4ttigte Fetts\xc3\xa4uren3 gKohlenhydrate60 gKohlenhydrate, davon Zucker32 gEiwei\xc3\x9f10 gSalz0,06 gHinweiseAufbewahrungs- und Verwendungshinweis: K\xc3\xbchl und trocken lagern.ArtikeldetailsUrsprungsland: ItalienKontaktKontaktname: Biscottificio Belli srlKontaktadresse: Via dell'Albereto, 26/28/30, I-50041 Calenzano - FirenzeMaximale Bestellmenge: 15 St\xc3\xbcckF\xc3\xbcr die vorstehenden Angaben wird keine Haftung \xc3\xbcbernommen. Bitte pr\xc3\xbcfen Sie im Einzelfall die Angaben auf der jeweiligen Produktverpackung, nur diese sind verbindlich.Das Produktdesign kann von der Abbildung abweichen.""",Furtwanglerstr. 15,Rewe,Dein Markt für italienischen Genuss,2023-07-09,"Gültig ab morgen bis Samstag, 15.07.2023"
Galbani Mozzarella Mini,https://img.rewe-static.de/KLEIN28_2023/0594382/965610-29_digital-image.png?impolicy=s-offers&imwidth=200&output-format=image/webp,,https://shop.rewe.de/productList?search=7686361,,"38% Fett i.Tr. , je 260-g-Pckg , (1 kg = 13.27) , 150-g-Abtropfgew.",Aktion,"1,99 €","b'ProduktbeschreibungArtikelnummer 594382Zutaten & AllergeneZutaten: pasteurisierte KuhMILCH, Lab, Salz, S\xc3\xa4uerungsmittel:Zitronens\xc3\xa4ureAllergenhinweise: Enth\xc3\xa4lt: Milch und Milcherzeugnisse (einschlie\xc3\x9flich Lactose).N\xc3\xa4hrwerteDurchschnittliche N\xc3\xa4hrwerteUnzubereitet pro 100 gEnergie819 kJEnergie197 kcalFett13,5 gFett, davon ges\xc3\xa4ttigte Fetts\xc3\xa4uren9,4 gKohlenhydrate1,3 gKohlenhydrate, davon Zucker0,6 gEiwei\xc3\x9f17,5 gSalz0,6 gHinweiseAufbewahrungs- und Verwendungshinweis: bei 8\xc2\xb0C mindestens haltbar bis: siehe VerpackungsaufdruckArtikeldetailsMarke: GalbaniNettof\xc3\xbcllmenge: 260 GUrsprungsland: ItalienAbtropfgewicht: 150 gKontaktKontaktname: Lactalis Deutschland GmbHKontaktadresse: Am Yachthafen 2, 77694 KehlMaximale Bestellmenge: 15 St\xc3\xbcckF\xc3\xbcr die vorstehenden Angaben wird keine Haftung \xc3\xbcbernommen. Bitte pr\xc3\xbcfen Sie im Einzelfall die Angaben auf der jeweiligen Produktverpackung, nur diese sind verbindlich.Das Produktdesign kann von der Abbildung abweichen.'",Furtwanglerstr. 15,Rewe,Dein Markt für italienischen Genuss,2023-07-09,"Gültig ab morgen bis Samstag, 15.07.2023"
Mionetto Prosecco Spumante DOC,https://img.rewe-static.de/KLEIN28_2023/2104631/22280027-24_digital-image.png?impolicy=s-offers&imwidth=200&output-format=image/webp,,https://shop.rewe.de/productList?search=7686361,,"versch. Sorten , je 0,75-l-Fl , (1 l = 9.32)",Aktion,"6,99 €","b""Bestellung ab 18 Jahren.F\xc3\xbcr dieses Produkt gilt das Jugendschutzgesetz.ProduktbeschreibungArtikelnummer 2104631Der Prosecco D.O.C. Treviso Brut der Prestige-Linie \xc3\xbcberrascht selbst ausgesprochene Kenner. \nDieser hochwertige Spumante interpretiert die Kategorie 'Brut' v\xc3\xb6llig neu und z\xc3\xa4hlt geschmacklich zu den modernsten seiner Klasse. \nDer Prosecco D.O.C. Treviso Brut besticht durch seine leuchtend strohgelbe Farbe, intensive Perlage, ein fruchtiges Bukett nach Golden Delicious \xc3\x84pfeln und Birnen \nsowie durch feine Aromen nach Akazienhonig. Mionetto Prosecco D.O.C. Treviso Brut zeichnet sich durch sein elegantes Design aus. Das raffiniert moderne Etikett im 27-Grad-Winkel spiegelt sich in der Halsschleife wider.\n\nAlkoholgehalt: 11% Vol.... mehr anzeigenZutaten & AllergeneZutaten:  Enth\xc3\xa4lt Sulfite Zusatzstoffe: E 220Allergenhinweise: Schwefeldioxid und Sulfite in einer Konzentration von mehr als 10 mg/kg oder 10 mg/l, als SO2 angegebenArtikeldetailsMarke: MionettoUrsprungsland: ItalienKontaktKontaktname: Mionetto SPAKontaktadresse: Valdobbiadene, ItalienMaximale Bestellmenge: 15 St\xc3\xbcckF\xc3\xbcr die vorstehenden Angaben wird keine Haftung \xc3\xbcbernommen. Bitte pr\xc3\xbcfen Sie im Einzelfall die Angaben auf der jeweiligen Produktverpackung, nur diese sind verbindlich.Das Produktdesign kann von der Abbildung abweichen.""",Furtwanglerstr. 15,Rewe,Dein Markt für italienischen Genuss,2023-07-09,"Gültig ab morgen bis Samstag, 15.07.2023"
Cellini Grappa Oro,https://img.rewe-static.de/KLEIN28_2023/9687947/3673940-23_digital-image.png?impolicy=s-offers&imwidth=200&output-format=image/webp,,https://shop.rewe.de/productList?search=7686361,,"38% Vol. , je 0,7-l-Fl , (1 l = 12.84)",Aktion,"8,99 €","b'Bestellung ab 18 Jahren.F\xc3\xbcr dieses Produkt gilt das Jugendschutzgesetz.ProduktbeschreibungArtikelnummer 9687947Zutaten & AllergeneAllergenhinweise: Enth\xc3\xa4lt: Keine deklarationspflichtigen Allergene enthalten.HinweiseAufbewahrungs- und Verwendungshinweis: Lagerf\xc3\xa4higkeit 2-3 Jahre, bei Zimmertemperatur servierenArtikeldetailsMarke: CelliniUrsprungsland: ItalienAlkoholgehalt: 38 % Vol.KontaktKontaktname: Rolf Herzberger GmbH & Co. KGKontaktadresse: Am Felsbrunnen 8, 66119 Saarbr\xc3\xbcckenMaximale Bestellmenge: 15 St\xc3\xbcckF\xc3\xbcr die vorstehenden Angaben wird keine Haftung \xc3\xbcbernommen. Bitte pr\xc3\xbcfen Sie im Einzelfall die Angaben auf der jeweiligen Produktverpackung, nur diese sind verbindlich.Das Produktdesign kann von der Abbildung abweichen.'",Furtwanglerstr. 15,Rewe,Dein Markt für italienischen Genuss,2023-07-09,"Gültig ab morgen bis Samstag, 15.07.2023"
Bertolli Brotaufstrich,https://img.rewe-static.de/KLEIN28_2023/4942531/3398660-52_digital-image.png?impolicy=s-offers&imwidth=200&output-format=image/webp,,https://shop.rewe.de/productList?search=7686361,,"mit mildem Olivenöl , je 250-g-Becher , (1 kg = 5.56)",Aktion,"1,39 €","b'ProduktbeschreibungArtikelnummer 4942531- Das Gute des Olivenbaums \n- Enth\xc3\xa4lt viele einfach unges\xc3\xa4ttigte Fetts\xc3\xa4uren \n- F\xc3\xbcr eine gesunde, ausgewogene Ern\xc3\xa4hrung. \n- Passt hervorragend zu herzhafen Brotbel\xc3\xa4gen \n- Aber auch zu S\xc3\xbc\xc3\x9fem, wie Marmelade oder Honig \n \nDas \xe2\x80\x9eGute des Olivenbaums\xe2\x80\x9c t\xc3\xa4glich aufs Brot! \nDer BERTOLLI Brotaufstrich enth\xc3\xa4lt viele einfach unges\xc3\xa4ttigte Fetts\xc3\xa4uren, die einen wichtigen Bestandteil der traditionellen mediterranen Ern\xc3\xa4hrung darstellen. \nDer BERTOLLI Brotaufstrich tr\xc3\xa4gt somit dem Trend nach einer gesunden und ausgewogenen Ern\xc3\xa4hrung Rechnung. \nEr passt hervorragend sowohl zu herzhaften Brotbel\xc3\xa4gen als auch zu S\xc3\xbc\xc3\x9fem, wie Marmelade oder Honig. Zu den beliebtesten Brotsorten geh\xc3\xb6ren Focaccia, Tramezzino, Ciabatta und Bruschetta. Die mediterranen Brotspezialit\xc3\xa4ten werden oft zusammen mit Tomaten, Oliven und anderen Leckereien als kleiner Imbiss f\xc3\xbcr zwischendurch gereicht. \nDie K\xc3\xbcche Italiens geh\xc3\xb6rt zu den bekanntesten und beliebtesten K\xc3\xbcchen der Welt. Vollkommen zu Recht, denn sie besticht durch ihre frischen Zutaten, ihren Abwechslungsreichtum und gilt zudem als gesund. Hier finden Sie typisch italienische K\xc3\xb6stlichkeiten, mit denen Sie sich \xe2\x80\x9ela Dolce Vita\xe2\x80\x9c in Ihr eigenes Zuhause holen k\xc3\xb6nnen. \n \nBERTOLLI Brotaufstrich ist in 250g und 500g Packungen erh\xc3\xa4ltlich.... mehr anzeigenDas Gute des OlivenbaumsZutaten & AllergeneZutaten: Trinkwasser, pflanzliche \xc3\x96le und Fette (Raps, Palm, Palm ganz geh\xc3\xa4rtet), 7,5% Oliven\xc3\xb6l, BUTTERMILCH, modifizierte St\xc3\xa4rke, Speisesalz (0,4%), Emulgatoren (Mono- und Diglyceride von Speisefetts\xc3\xa4uren, Lecithine), Konservierungsstoff (Kaliumsorbat), S\xc3\xa4uerungsmittel (Citronens\xc3\xa4ure), Aroma, Vitamine (A, D), Farbstoff (Carotin).Allergenhinweise: Enth\xc3\xa4lt: Milch und Milcherzeugnisse (einschlie\xc3\x9flich Lactose).N\xc3\xa4hrwerteDurchschnittliche N\xc3\xa4hrwerteUnzubereitet pro 100 gEnergie1.445 kJEnergie339 kcalFett38 gFett, davon ges\xc3\xa4ttigte Fetts\xc3\xa4uren9 gKohlenhydrate1,7 gKohlenhydrate, davon Zucker< 0,5 gEiwei\xc3\x9f< 0,5 gSalz0,4 gVitamin A800 \xc2\xb5gVitamin D7,5 \xc2\xb5gHinweiseAufbewahrungs- und Verwendungshinweis: Beste Lagerung zwischen +2\xc2\xb0C und +15\xc2\xb0CArtikeldetailsMarke: BertolliUrsprungsland: NiederlandePackungsgr\xc3\xb6\xc3\x9fe: 250gKontaktKontaktname: Upfield Deutschland GmbHKontaktadresse: Valentinskamp 88-90, 20355 HamburgMaximale Bestellmenge: 15 St\xc3\xbcckF\xc3\xbcr die vorstehenden Angaben wird keine Haftung \xc3\xbcbernommen. Bitte pr\xc3\xbcfen Sie im Einzelfall die Angaben auf der jeweiligen Produktverpackung, nur diese sind verbindlich.Das Produktdesign kann von der Abbildung abweichen.'",Furtwanglerstr. 15,Rewe,Dein Markt für italienischen Genuss,2023-07-09,"Gültig ab morgen bis Samstag, 15.07.2023"
REWE Beste Wahl Gnocchi,https://img.rewe-static.de/KLEIN28_2023/0118000/23128380-35_digital-image.png?impolicy=s-offers&imwidth=200&output-format=image/webp,,https://shop.rewe.de/productList?search=7686361,,"frische, italienische Kartoffelklößchen aus 78% Kartoffelpüree , je 400-g-Btl , (1 kg = 3.73)",Aktion,"1,49 €","b'ProduktbeschreibungArtikelnummer 118000Zutaten & AllergeneZutaten: Kartoffelp\xc3\xbcree 80% (Wasser, Kartoffelflocken 16%), WEIZENMEHL, Kartoffelst\xc3\xa4rke, Reismehl, Speisesalz.  Kann Spuren von Soja enthalten.Allergenhinweise: Glutenhaltiges Getreide (Weizen, Gerste, Roggen, Hafer, Dinkel, Kamut oder Hybridst\xc3\xa4mme)N\xc3\xa4hrwerteDurchschnittliche N\xc3\xa4hrwertepro 100 gEnergie630 kJEnergie149 kcalFett0,6 gFett, davon ges\xc3\xa4ttigte Fetts\xc3\xa4uren0 gKohlenhydrate32 gKohlenhydrate, davon Zucker0,3 gEiwei\xc3\x9f3,3 gSalz1,08 gHinweiseAufbewahrungshinweise:  Nach dem \xc3\x96ffnen k\xc3\xbchl lagern und innerhalb von drei Tagen verzehren.Verwendungshinweise: Bei +4 \xc2\xb0C bis +7 \xc2\xb0CArtikeldetailsMarke: REWE Beste WahlUrsprungsland: ItalienPackungsgr\xc3\xb6\xc3\x9fe: 400gKontaktKontaktname: CIEMME ALIMENTARI S.R.L.Kontaktadresse: VIA FOGGIA, 28/30, BARLETTA, 76121, ItalienMaximale Bestellmenge: 15 St\xc3\xbcckF\xc3\xbcr die vorstehenden Angaben wird keine Haftung \xc3\xbcbernommen. Bitte pr\xc3\xbcfen Sie im Einzelfall die Angaben auf der jeweiligen Produktverpackung, nur diese sind verbindlich.Das Produktdesign kann von der Abbildung abweichen.'",Furtwanglerstr. 15,Rewe,Dein Markt für italienischen Genuss,2023-07-09,"Gültig ab morgen bis Samstag, 15.07.2023"
REWE Feine Welt Burrata,https://img.rewe-static.de/KLEIN28_2023/8643941/34631257-8_digital-image.png?impolicy=s-offers&imwidth=200&output-format=image/webp,,https://shop.rewe.de/productList?search=7686361,,"je 250-g-Becher-Pckg , (1 kg = 14.90) , 100-g-Abtropfgew.",Aktion,"1,49 €","b'ProduktbeschreibungArtikelnummer 8643941Zutaten & AllergeneZutaten: Zutaten: K\xc3\x84SEREIMILCH, SAHNE 41 %, Speisesalz, mikrobielles Lab, S\xc3\xa4uerungsmittel Milchs\xc3\xa4ure, Konservierungsstoff Kaliumsorbat. Zusatzstoffe: E 202, E 270Allergenhinweise: Milch und Milcherzeugnisse (einschlie\xc3\x9flich Lactose)N\xc3\xa4hrwerteDurchschnittliche N\xc3\xa4hrwertepro 100 gEnergie1.054 kJEnergie255 kcalFett23,9 gFett, davon ges\xc3\xa4ttigte Fetts\xc3\xa4uren15,3 gKohlenhydrate2 gKohlenhydrate, davon Zucker2 gEiwei\xc3\x9f8 gSalz0,54 gArtikeldetailsMarke: REWE Feine WeltNettof\xc3\xbcllmenge: 250 GUrsprungsland: ItalienAbtropfgewicht: 100 gKontaktKontaktname: DELIZIA S.P.A.Kontaktadresse: Contrada Pizunzo Z.I., Noci (BA), 70015, ItalienMaximale Bestellmenge: 15 St\xc3\xbcckF\xc3\xbcr die vorstehenden Angaben wird keine Haftung \xc3\xbcbernommen. Bitte pr\xc3\xbcfen Sie im Einzelfall die Angaben auf der jeweiligen Produktverpackung, nur diese sind verbindlich.Das Produktdesign kann von der Abbildung abweichen.'",Furtwanglerstr. 15,Rewe,Dein Markt für italienischen Genuss,2023-07-09,"Gültig ab morgen bis Samstag, 15.07.2023"
Fabbri Amarenakirschen,https://img.rewe-static.de/KLEIN28_2023/3797015/1603730-43_digital-image.png?impolicy=s-offers&imwidth=200&output-format=image/webp,,https://shop.rewe.de/productList?search=7686361,,"Frucht in Sirup , je 230-g-Glas , (1 kg = 39.90) , 100-g-Abtropfgew.",Aktion,"3,99 €","b'ProduktbeschreibungArtikelnummer 3797015Zutaten & AllergeneZutaten: Zucker, Sauerkirschen (43%), Glukose Sirup, Wasser, Sauerkirschen saft (4%), S\xc3\xa4uerungsmittel Zitronens\xc3\xa4ure, Aromen, Farbstoff Anthocyane aus Pflanzenextrakt.N\xc3\xa4hrwerteDurchschnittliche N\xc3\xa4hrwerteUnzubereitet pro 100 gEnergie1.160 kJEnergie273 kcalFett0 gFett, davon ges\xc3\xa4ttigte Fetts\xc3\xa4uren0 gKohlenhydrate67 gKohlenhydrate, davon Zucker61 gEiwei\xc3\x9f0 gSalz0,03 gArtikeldetailsMarke: FabbriNettof\xc3\xbcllmenge: 230 GUrsprungsland: ItalienAbtropfgewicht: 100 gKontaktKontaktname: G. Fabbri Deutschland GmbHKontaktadresse: Witneystr. 1 - 82008 UnterhachingMaximale Bestellmenge: 15 St\xc3\xbcckF\xc3\xbcr die vorstehenden Angaben wird keine Haftung \xc3\xbcbernommen. Bitte pr\xc3\xbcfen Sie im Einzelfall die Angaben auf der jeweiligen Produktverpackung, nur diese sind verbindlich.Das Produktdesign kann von der Abbildung abweichen.'",Furtwanglerstr. 15,Rewe,Dein Markt für italienischen Genuss,2023-07-09,"Gültig ab morgen bis Samstag, 15.07.2023"
S. Pellegrino Mineralwasser,https://img.rewe-static.de/KLEIN28_2023/0106565/9482880-6_digital-image.png?impolicy=s-offers&imwidth=200&output-format=image/webp,,https://shop.rewe.de/productList?search=7686361,,"je 1-l-Fl , zzgl. 0.25 Pfand",Aktion,"0,79 €","b'ProduktbeschreibungArtikelnummer 106565S.Pellegrino bringt echtes italienisches Lebensgef\xc3\xbchl direkt zu Ihnen nach Hause. Ein feinperliges nat\xc3\xbcrliches Mineralwasser f\xc3\xbcr Genie\xc3\x9fer, das stilvoll erfrischt.\n\nUnnachahmlich prickelnd und frisch, so schmeckt S.Pellegrino. Das liegt an der einzigartigen Balance, die das Mineralwasser besonders feinperlig sprudeln l\xc3\xa4sst. Ausgewogen mineralisiert, ist S.Pellegrino ein ebenso spritziger wie authentischer Genuss.\n\nEin Wasser mit Tradition\n\nS.Pellegrino, das bereits seit 1899 Genie\xc3\x9fer begeistert, entspringt in der nahezu unber\xc3\xbchrten Natur der lombardischen Alpen. Auf seiner langen Reise durch breite Schichten Dolomit- und Gipsgestein erh\xc3\xa4lt das Wasser seine ausgewogene Mineralisierung und seine besondere Reinheit. \n\nImmer ein Genuss\n\nMit seinem nat\xc3\xbcrlichen und lebendigen Temperament ist S.Pellegrino ein Wasser, das einfach \xc3\xbcberall genossen werden kann. Darum gibt es den italienischen Klassiker auch in handlichen 1,0L Pet-Flaschen \xe2\x80\x93 Wie geschaffen f\xc3\xbcr geselliges Beisammensein und genussvolles Miteinander. Besonders praktisch: Im Sixpack haben Sie immer eine Flasche in Reserve.\n\nS.Pellegrino\n- Nat\xc3\xbcrliches feinperliges Mineralwasser\n- Erfrischt einfach herrlich italienisch\n- Ein Wasser f\xc3\xbcr anspruchsvolle Genie\xc3\x9fer\n- Ausgewogen mineralisiert und besonders prickelnd\n- Wassergenuss f\xc3\xbcr jede Gelegenheit in handlichen Pet-Flaschen... mehr anzeigenSeit 1899 ist S.Pellegrino eine Ikone italienischen Stils und eines der bekanntesten nat\xc3\xbcrlichen Mineralwasser der Welt. Dank seiner perfekten Balance aus feinperliger Kohlens\xc3\xa4ure, Mineralisierung und einzigartigem Geschmack \xc3\xbcberzeugt es Sommeliers und Spitzenk\xc3\xb6che. \nSo inspiriert S.Pellegrino dazu, genussvolle Momente auszukosten und sie zu teilen.N\xc3\xa4hrwerteDurchschnittliche N\xc3\xa4hrwerteUnzubereitet pro 1 lChlorid49,4 mgCalcium166 mgMagnesium49,5 mgBikarbonat244 mgNatrium30 mgSulfat 4+401 mgHinweiseAufbewahrungs- und Verwendungshinweis: Vor Sonne und Frost sch\xc3\xbctzen und an einem sauberen, trockenen, k\xc3\xbchlen und geruchlosen Ort lagern.Information: Abdampfr\xc3\xbcckstand bei 180 Grad: 853 mg/LpH-Wert an der Quelle: 7,7Aus der S.PELLEGRINO Quelle in SAN PELLEGRINO TERME (BERGAMO) ITALIENArtikeldetailsMarke: San PellegrinoNettof\xc3\xbcllmenge: 1 LUrsprungsland: ItalienPackungsgr\xc3\xb6\xc3\x9fe: 1,0lKontaktKontaktname: SANPELLEGRINO S.P.A.Kontaktadresse: 24016 SAN PELLEGRINO TERME (BG)LOCALIT\xc3\x80 RUSPINO - ITALIENMaximale Bestellmenge: 15 St\xc3\xbcckF\xc3\xbcr die vorstehenden Angaben wird keine Haftung \xc3\xbcbernommen. Bitte pr\xc3\xbcfen Sie im Einzelfall die Angaben auf der jeweiligen Produktverpackung, nur diese sind verbindlich.Das Produktdesign kann von der Abbildung abweichen.'",Furtwanglerstr. 15,Rewe,Dein Markt für italienischen Genuss,2023-07-09,"Gültig ab morgen bis Samstag, 15.07.2023"
La Gioiosa Prosecco Frizzante Treviso DOC,https://img.rewe-static.de/KLEIN28_2023/0321558/7433190-34_digital-image.png?impolicy=s-offers&imwidth=200&output-format=image/webp,,https://shop.rewe.de/productList?search=7686361,,"je 0,75-l-Fl , (1 l = 7.99)",Aktion,"5,99 €","b'Bestellung ab 18 Jahren.F\xc3\xbcr dieses Produkt gilt das Jugendschutzgesetz.ProduktbeschreibungArtikelnummer 321558Alkoholgehalt: 10 % Vol. Zutaten & AllergeneZutaten: Nicht deklariert:Perlwein, Antioxidationsmittel (Ascorbins\xc3\xa4ure, Schwefeldioxid). Zusatzstoffe: E 220Allergenhinweise: Schwefeldioxid und Sulfite in einer Konzentration von mehr als 10 mg/kg oder 10 mg/l, als SO2 angegebenN\xc3\xa4hrwerteDurchschnittliche N\xc3\xa4hrwertepro 100 mlEnergie292 kJEnergie70 kcalFett0 gFett, davon ges\xc3\xa4ttigte Fetts\xc3\xa4uren0 gKohlenhydrate2,9 gKohlenhydrate, davon Zucker1,1 gEiwei\xc3\x9f< 0,1 gSalz< 0,02 gHinweiseVerwendungshinweise: Trocken und k\xc3\xbchl lagern. Vor Licht sch\xc3\xbctzen.ArtikeldetailsMarke: La GioiosaUrsprungsland: ItalienKontaktKontaktname: La Gioiosa S.p.A.Kontaktadresse: Crocetta del Montello, 31035, ItalienMaximale Bestellmenge: 15 St\xc3\xbcckF\xc3\xbcr die vorstehenden Angaben wird keine Haftung \xc3\xbcbernommen. Bitte pr\xc3\xbcfen Sie im Einzelfall die Angaben auf der jeweiligen Produktverpackung, nur diese sind verbindlich.Das Produktdesign kann von der Abbildung abweichen.'",Furtwanglerstr. 15,Rewe,Dein Markt für italienischen Genuss,2023-07-09,"Gültig ab morgen bis Samstag, 15.07.2023"
REWE Beste Wahl Bolognese Pasta Sauce,https://img.rewe-static.de/KLEIN28_2023/7123786/27851232-24_digital-image.png?impolicy=s-offers&imwidth=200&output-format=image/webp,,https://shop.rewe.de/productList?search=7686361,,"je 380-ml-Glas , (1 l = 4.18)",Aktion,"1,59 €","b'ProduktbeschreibungArtikelnummer 7123786Zutaten & AllergeneZutaten: Passierte Tomaten 61%, Rindfleisch 28%, Gem\xc3\xbcse 6% (Karotten, Zwiebeln, Knoblauch), Zucker, Salz, S\xc3\xa4uerungsmittel Milchs\xc3\xa4ure, Sonnenblumen\xc3\xb6l, Kr\xc3\xa4uter, Gew\xc3\xbcrze.    Zusatzstoffe: E 270N\xc3\xa4hrwerteDurchschnittliche N\xc3\xa4hrwertepro 100 mlEnergie392 kJEnergie94 kcalFett4,6 gFett, davon ges\xc3\xa4ttigte Fetts\xc3\xa4uren2,3 gKohlenhydrate6,1 gKohlenhydrate, davon Zucker5 gEiwei\xc3\x9f5,9 gSalz1,4 gHinweiseAufbewahrungshinweise: Nach dem \xc3\x96ffnen im K\xc3\xbchlschrank aufbewahren und innerhalb von 3-4 Tagen verbrauchen.Verwendungshinweise: Trocken lagern. Vor W\xc3\xa4rme sch\xc3\xbctzen.ArtikeldetailsMarke: REWE Beste WahlUrsprungsland: ItalienKontaktKontaktname: LA DORIA S.P.A.Kontaktadresse: Via Nazionale, 320, Angri, 84012, ItalienMaximale Bestellmenge: 15 St\xc3\xbcckF\xc3\xbcr die vorstehenden Angaben wird keine Haftung \xc3\xbcbernommen. Bitte pr\xc3\xbcfen Sie im Einzelfall die Angaben auf der jeweiligen Produktverpackung, nur diese sind verbindlich.Das Produktdesign kann von der Abbildung abweichen.'",Furtwanglerstr. 15,Rewe,Dein Markt für italienischen Genuss,2023-07-09,"Gültig ab morgen bis Samstag, 15.07.2023"
Ponnath Delikatess Prosciutto Cotto,https://img.rewe-static.de/KLEIN28_2023/2231617/25159847-9_digital-image.png?impolicy=s-offers&imwidth=200&output-format=image/webp,,https://shop.rewe.de/productList?search=7686361,,"je 150-g-Pckg , (1 kg = 15.27)",Aktion,"2,29 €","b'ProduktbeschreibungArtikelnummer 2231617Original italienisches Rezept. Zutaten & AllergeneZutaten: Schweinefleisch, S\xc3\xa4ureregulatoren: Kaliumlactat, Natriumacetate; jodiertes Speisesalz (Speisesalz, Kaliumjodat), Glukosesirup, Gew\xc3\xbcrzextrakte, Gew\xc3\xbcrze, Stabilisator: Triphosphate, Antioxidationsmittel: Natriumascorbat, Konservierungsstoff: Natriumnitrit.N\xc3\xa4hrwerteDurchschnittliche N\xc3\xa4hrwerteUnzubereitet pro 100 gEnergie455 kJEnergie108 kcalFett2,5 gFett, davon ges\xc3\xa4ttigte Fetts\xc3\xa4uren1,1 gKohlenhydrate1 gKohlenhydrate, davon Zucker0,8 gEiwei\xc3\x9f20,2 gSalz2,1 gHinweiseAufbewahrungs- und Verwendungshinweis: Bei unter + 7\xc2\xb0CInformation: Unter Schutzatmosph\xc3\xa4re verpackt.ArtikeldetailsMarke: PonnathUrsprungsland: DeutschlandKontaktKontaktname: Ponnath DIE MEISTERMETZGER GmbHKontaktadresse: Bayreuther Str. 40, D-95478 KemnathF\xc3\xbcr die vorstehenden Angaben wird keine Haftung \xc3\xbcbernommen. Bitte pr\xc3\xbcfen Sie im Einzelfall die Angaben auf der jeweiligen Produktverpackung, nur diese sind verbindlich.Das Produktdesign kann von der Abbildung abweichen.'",Furtwanglerstr. 15,Rewe,Dein Markt für italienischen Genuss,2023-07-09,"Gültig ab morgen bis Samstag, 15.07.2023"
Mestemacher Wraps,https://img.rewe-static.de/KLEIN28_2023/8722477/35581003-6_digital-image.png?impolicy=s-offers&imwidth=200&output-format=image/webp,,https://shop.rewe.de/productList?search=7686361,,"versch. Sorten , je 300-g-Pckg , (1 kg = 7.30)",Aktion,"2,19 €","b'ProduktbeschreibungArtikelnummer 8722477Man nehme italienisches Temperament, ein Originalrezept und kaltgepresstes Oliven\xc3\xb6l. Diese Zutaten machen unsere Wraps zu etwas ganz Besonderem!Zutaten & AllergeneZutaten: DINKELMEHL*1), Wasser, natives Oliven\xc3\xb6l extra* (5 %), Sonnenblumen\xc3\xb6l*, Meersalz, nat\xc3\xbcrliches Rosmarinaroma. * aus biologischem Landbau 1)Mit Dinkelmehl aus der EU. Kann Spuren von SOJA und SENF enthalten.Allergenhinweise: Enth\xc3\xa4lt: Glutenhaltiges Getreide und glutenhaltige Getreideerzeugnisse. Dinkel und Dinkelerzeugnisse (glutenhaltiges Getreide). Kann enthalten: Soja und Sojaerzeugnisse. Senf- und Senferzeugnisse.N\xc3\xa4hrwerteDurchschnittliche N\xc3\xa4hrwerteUnzubereitet pro 100 gEnergie1.280 kJEnergie304 kcalFett8,6 gFett, davon ges\xc3\xa4ttigte Fetts\xc3\xa4uren1,1 gKohlenhydrate45,7 gKohlenhydrate, davon Zucker1 gBallaststoffe3,1 gEiwei\xc3\x9f9,5 gSalz1,1 gHinweiseAufbewahrungs- und Verwendungshinweis: K\xc3\xbchl und trocken lagern.ArtikeldetailsMarkeMestemacherEigenschaftenVegan, BioUrsprungslandItalienServiervorschlagNach Belieben f\xc3\xbcllen, z.B. mit Salat oder Geschnetzeltem.\xc3\x96ko KontrollstelleIT-BIO-007Ort der ErzeugungEU-LandwirtschaftKontaktKontaktname: Mestemacher GmbHKontaktadresse: Postfach 2451 - 33254 G\xc3\xbcterslohF\xc3\xbcr die vorstehenden Angaben wird keine Haftung \xc3\xbcbernommen. Bitte pr\xc3\xbcfen Sie im Einzelfall die Angaben auf der jeweiligen Produktverpackung, nur diese sind verbindlich.Das Produktdesign kann von der Abbildung abweichen.'",Furtwanglerstr. 15,Rewe,Dein Markt für italienischen Genuss,2023-07-09,"Gültig ab morgen bis Samstag, 15.07.2023"
Citterio Mailänder Salami Strafino,https://img.rewe-static.de/KLEIN28_2023/5310075/23629963-7_digital-image.png?impolicy=s-offers&imwidth=200&output-format=image/webp,,https://shop.rewe.de/productList?search=7686361,,je 100 g,Aktion,"2,19 €","b'ProduktbeschreibungArtikelnummer 5310075Frisch f\xc3\xbcr dich aus unserer Servicetheke.\n\nZutaten: Schweinefleisch, Nitritp\xc3\xb6kelsalz (Kochsalz), Konservierungsstoff: E250 Gew\xc3\xbcrze, Zucker, Gew\xc3\xbcrzkr\xc3\xa4uter Antioxidationsmittel: E300, E 301, Konservierungsstoff. E252.\n\n100g Salami werden hergestellt aus 155g Schweinefleisch.\n\nN\xc3\xa4hrwerte je 100g:\nEnergie: 1660kj\nEnergie: 400kcal\nFett: 32g\nFett, davon ges\xc3\xa4ttigte Fetts\xc3\xa4uren: 13g\nKohlenhydrate: 0,5g\nKohlenhydrate, davon Zucker: 0,5g\nEiwei\xc3\x9f: 28g\nSalz: 4,6g fein gek\xc3\xb6rnte Spitzenqualit\xc3\xa4t, leicht ger\xc3\xa4uchert, mindestens 3 Monate gereiftZutaten & AllergeneZutaten: Schweinefleisch, Nitritp\xc3\xb6kelsalz (Kochsalz, Konservierungsstoff: Natriumnitrit), Zucker, Gew\xc3\xbcrze, Gew\xc3\xbcrzkr\xc3\xa4uter, Antioxidationsmittel: Natriumascorbat, Ascorbins\xc3\xa4ure; Konservierungsstoff: Kaliumnitrat. 100g Salami hergestellt aus 155g Schweinefleisch.Allergenhinweise: Enth\xc3\xa4lt: Keine deklarationspflichtigen Allergene enthalten.N\xc3\xa4hrwerteDurchschnittliche N\xc3\xa4hrwerteUnzubereitet pro 100 gEnergie1.660 kJEnergie400 kcalFett32 gFett, davon ges\xc3\xa4ttigte Fetts\xc3\xa4uren13 gKohlenhydrate0,5 gKohlenhydrate, davon Zucker0,5 gEiwei\xc3\x9f28 gSalz4,6 gHinweiseAufbewahrungs- und Verwendungshinweis: Unter +7\xc2\xb0C lagern, nach dem \xc3\x96ffnen innerhalb kurzer Zeit verzehren.Information: Konservierungsstoff: E250 (Natriumnitrit), E252(Kaliumnitrat); Antioxidationsmittel: E301 (Natriumascorbat), E300 (Ascorbins\xc3\xa4ure); Wursth\xc3\xbclle nicht essbar.ArtikeldetailsUrsprungsland: ItalienKontaktKontaktname: Giuseppe Citterio Salumificio S.P.A.Kontaktadresse: Corso Europa 206, 20017 RhoMaximale Bestellmenge: 15 St\xc3\xbcckF\xc3\xbcr die vorstehenden Angaben wird keine Haftung \xc3\xbcbernommen. Bitte pr\xc3\xbcfen Sie im Einzelfall die Angaben auf der jeweiligen Produktverpackung, nur diese sind verbindlich.Das Produktdesign kann von der Abbildung abweichen.'",Furtwanglerstr. 15,Rewe,Dein Markt für italienischen Genuss,2023-07-09,"Gültig ab morgen bis Samstag, 15.07.2023"
Lavazza Crema e Gusto oder Espresso,https://img.rewe-static.de/KLEIN28_2023/7713584/29141056-8_digital-image.png?impolicy=s-offers&imwidth=200&output-format=image/webp,,https://shop.rewe.de/productList?search=7686361,,"versch. Sorten , je 250-g-Pckg , (1 kg = 13.96)",Aktion,"3,49 €","b'ProduktbeschreibungArtikelnummer 7713584Die Mischung besteht aus einer Auswahl hochwertiger, rassiger Arabicas (30 %) und Robustas (70 %) und ist ideal f\xc3\xbcr all diejenigen geeignet, die jeden Augenblick des Tages ein intensives Geschmackserlebnis genie\xce\xb2en m\xc3\xb6chten. HinweiseAufbewahrungs- und Verwendungshinweis: trocken lagern.ArtikeldetailsMarke: LavazzaUrsprungsland: ItalienSorte: Crema e GustoKontaktKontaktname: LUIGI LAVAZZA S.p.A.Kontaktadresse: C. SO NOVARA, 59- 10154 TORINO - ITALIAMaximale Bestellmenge: 15 St\xc3\xbcckF\xc3\xbcr die vorstehenden Angaben wird keine Haftung \xc3\xbcbernommen. Bitte pr\xc3\xbcfen Sie im Einzelfall die Angaben auf der jeweiligen Produktverpackung, nur diese sind verbindlich.Das Produktdesign kann von der Abbildung abweichen.'",Furtwanglerstr. 15,Rewe,Dein Markt für italienischen Genuss,2023-07-09,"Gültig ab morgen bis Samstag, 15.07.2023"
Saupiquet Thunfisch,https://img.rewe-static.de/KLEIN28_2023/2071371/2519210-44_digital-image.png?impolicy=s-offers&imwidth=200&output-format=image/webp,,https://shop.rewe.de/productList?search=7686361,,"Naturale ohne Öl oder in Sonnenblumenöl , je 185-g-Dose , (1 kg = 17.79) , 140-g-Abtropfgew.",Aktion,"2,49 €","b'ProduktbeschreibungArtikelnummer 2071371Zutaten & AllergeneZutaten: THUNFISCH (Skipjack, Katsuwonus pelamis), Wasser, Salz.Allergenhinweise: Enth\xc3\xa4lt: Fisch und Fischerzeugnisse.N\xc3\xa4hrwerteDurchschnittliche N\xc3\xa4hrwerteUnzubereitet pro 100 gEnergie410 kJEnergie97 kcalFett0,5 gFett, davon ges\xc3\xa4ttigte Fetts\xc3\xa4uren0,2 gKohlenhydrate0 gKohlenhydrate, davon Zucker0 gBallaststoffe0 gEiwei\xc3\x9f23 gSalz1,3 gHinweiseAufbewahrungs- und Verwendungshinweis: Mindestens haltbar bis: siehe VerpackungsaufdruckArtikeldetailsMarke: SaupiquetNettof\xc3\xbcllmenge: 185 GUrsprungsland: EcuadorAbtropfgewicht: 140 gSorte: Naturale ohne \xc3\x96lKontaktKontaktname: Saupiquet D GmbHKontaktadresse: Postfach 9307, 47750 KrefeldMaximale Bestellmenge: 15 St\xc3\xbcckF\xc3\xbcr die vorstehenden Angaben wird keine Haftung \xc3\xbcbernommen. Bitte pr\xc3\xbcfen Sie im Einzelfall die Angaben auf der jeweiligen Produktverpackung, nur diese sind verbindlich.Das Produktdesign kann von der Abbildung abweichen.'",Furtwanglerstr. 15,Rewe,Dein Markt für italienischen Genuss,2023-07-09,"Gültig ab morgen bis Samstag, 15.07.2023"
Mini Gurken,https://img.rewe-static.de/KLEIN28_2023/7240489/32111765-5_digital-image.png?impolicy=s-offers&imwidth=200&output-format=image/webp,,https://shop.rewe.de/productList?search=7686361,,"Kl. I , je St",Aktion,"0,45 €",nan,Furtwanglerstr. 15,Rewe,Obst & Gemüse,2023-07-09,"Gültig ab morgen bis Samstag, 15.07.2023"
Zitronen,https://img.rewe-static.de/KLEIN28_2023/8131318/8722460-33_digital-image.png?impolicy=s-offers&imwidth=200&output-format=image/webp,,https://shop.rewe.de/productList?search=7686361,,"Sorte: siehe Etikett, Kl. I , je 500-g-Netz , (1 kg = 2.58)",Aktion,"1,29 €",nan,Furtwanglerstr. 15,Rewe,Obst & Gemüse,2023-07-09,"Gültig ab morgen bis Samstag, 15.07.2023"
Honigmelone,https://img.rewe-static.de/KLEIN28_2023/8436752/8613000-32_digital-image.png?impolicy=s-offers&imwidth=200&output-format=image/webp,,https://shop.rewe.de/productList?search=7686361,,"Kl. I , je St",Aktion,"2,99 €",nan,Furtwanglerstr. 15,Rewe,Obst & Gemüse,2023-07-09,"Gültig ab morgen bis Samstag, 15.07.2023"
Brombeeren,https://img.rewe-static.de/KLEIN28_2023/0561586/12563490-11_digital-image.png?impolicy=s-offers&imwidth=200&output-format=image/webp,,https://shop.rewe.de/productList?search=7686361,,"Kl. I , je 125-g-Schale , (1 kg = 14.32)",Aktion,"1,79 €",nan,Furtwanglerstr. 15,Rewe,Obst & Gemüse,2023-07-09,"Gültig ab morgen bis Samstag, 15.07.2023"
Gelb- oder weißfleischige Bio Nektarinen,https://img.rewe-static.de/KLEIN28_2023/0429803/31335233-4_digital-image.png?impolicy=s-offers&imwidth=200&output-format=image/webp,,https://shop.rewe.de/productList?search=7686361,,"Kl. II , je 1 kg",,"3,99 €",nan,Furtwanglerstr. 15,Rewe,Obst & Gemüse,2023-07-09,"Gültig ab morgen bis Samstag, 15.07.2023"
Bio Bananen,https://img.rewe-static.de/KLEIN28_2023/7708685/30177546-11_digital-image.png?impolicy=s-offers&imwidth=200&output-format=image/webp,,https://shop.rewe.de/productList?search=7686361,,je 1 kg,,"1,79 €",nan,Furtwanglerstr. 15,Rewe,Obst & Gemüse,2023-07-09,"Gültig ab morgen bis Samstag, 15.07.2023"
Mini Rispentomaten,https://img.rewe-static.de/KLEIN28_2023/1365342/31264784-8_digital-image.png?impolicy=s-offers&imwidth=200&output-format=image/webp,,https://shop.rewe.de/productList?search=7686361,,"Kl. I , je 350-g-Schale , (1 kg = 4.26)",Aktion,"1,49 €",nan,Furtwanglerstr. 15,Rewe,Obst & Gemüse,2023-07-09,"Gültig ab morgen bis Samstag, 15.07.2023"
Rispentomaten,https://img.rewe-static.de/KLEIN28_2023/2061181/34638052-8_digital-image.png?impolicy=s-offers&imwidth=200&output-format=image/webp,,https://shop.rewe.de/productList?search=7686361,,"Kl. I , je 1 kg",Aktion,"0,89 €",nan,Furtwanglerstr. 15,Rewe,Obst & Gemüse,2023-07-09,"Gültig ab morgen bis Samstag, 15.07.2023"
Paprika Mix,https://img.rewe-static.de/KLEIN28_2023/1913973/20938720-3_digital-image.png?impolicy=s-offers&imwidth=200&output-format=image/webp,,https://shop.rewe.de/productList?search=7686361,,"Kl. I , je 500-g-Pckg , (1 kg = 3.38)",Aktion,"1,69 €",nan,Furtwanglerstr. 15,Rewe,Obst & Gemüse,2023-07-09,"Gültig ab morgen bis Samstag, 15.07.2023"
Bio Bunte Salate,https://img.rewe-static.de/KLEIN28_2023/0146421/27990259-3_digital-image.png?impolicy=s-offers&imwidth=200&output-format=image/webp,,https://shop.rewe.de/productList?search=7686361,,"Kl. II , je St",,"1,99 €",nan,Furtwanglerstr. 15,Rewe,Obst & Gemüse,2023-07-09,"Gültig ab morgen bis Samstag, 15.07.2023"
Avocados,https://img.rewe-static.de/KLEIN28_2023/8906591/33086431-2_digital-image.png?impolicy=s-offers&imwidth=200&output-format=image/webp,,https://shop.rewe.de/productList?search=7686361,,"»Hass«, Kl. I , je 700-g-Netz , (1 kg = 2.84)",Aktion,"1,99 €",nan,Furtwanglerstr. 15,Rewe,Obst & Gemüse,2023-07-09,"Gültig ab morgen bis Samstag, 15.07.2023"
Speisemöhren,https://img.rewe-static.de/KLEIN28_2023/8108969/34636887-3_digital-image.png?impolicy=s-offers&imwidth=200&output-format=image/webp,,https://shop.rewe.de/productList?search=7686361,,"Kl. I , je 1-kg-Btl",Aktion,"1,29 €",nan,Furtwanglerstr. 15,Rewe,Obst & Gemüse,2023-07-09,"Gültig ab morgen bis Samstag, 15.07.2023"
Speisekartoffeln,https://img.rewe-static.de/KLEIN28_2023/8019779/33066527-3_digital-image.png?impolicy=s-offers&imwidth=200&output-format=image/webp,,https://shop.rewe.de/productList?search=7686361,,"Sorte, Kocheigenschaft und Ursprung: siehe Etikett, Qualität I , je 2-kg-Netz , (1 kg = 1.50)",Aktion,"2,99 €",nan,Furtwanglerstr. 15,Rewe,Obst & Gemüse,2023-07-09,"Gültig ab morgen bis Samstag, 15.07.2023"
Rote Bio Tafeläpfel,https://img.rewe-static.de/KLEIN28_2023/3366162/30888510-8_digital-image.png?impolicy=s-offers&imwidth=200&output-format=image/webp,,https://shop.rewe.de/productList?search=7686361,,"Sorte: siehe Etikett, Kl. II , je 1-kg-Netz",,"1,99 €",nan,Furtwanglerstr. 15,Rewe,Obst & Gemüse,2023-07-09,"Gültig ab morgen bis Samstag, 15.07.2023"
Plattnektarinen,https://img.rewe-static.de/KLEIN28_2023/2454901/12387090-12_digital-image.png?impolicy=s-offers&imwidth=200&output-format=image/webp,,https://shop.rewe.de/productList?search=7686361,,"Kl. I , je 500-g-Schale , (1 kg = 3.98)",Aktion,"1,99 €","b'ProduktbeschreibungArtikelnummer 2454901Spanien; Klasse I; Ursprungsland und Klasse k\xc3\xb6nnen je nach Angebot abweichen. \n\nSind im online Shop bei einem Produkt alternative Herkunftsl\xc3\xa4nder angegeben, so gilt das an der Ware ausgezeichnete Herkunftsland, welches Sie bei Warenlieferung \xc3\xbcberpr\xc3\xbcfen k\xc3\xb6nnen. ArtikeldetailsUrsprungsland: SpanienF\xc3\xbcr die vorstehenden Angaben wird keine Haftung \xc3\xbcbernommen. Bitte pr\xc3\xbcfen Sie im Einzelfall die Angaben auf der jeweiligen Produktverpackung, nur diese sind verbindlich.Das Produktdesign kann von der Abbildung abweichen.'",Furtwanglerstr. 15,Rewe,Obst & Gemüse,2023-07-09,"Gültig ab morgen bis Samstag, 15.07.2023"
Eisbergsalat,https://img.rewe-static.de/KLEIN28_2023/1366237/36750087-3_digital-image.png?impolicy=s-offers&imwidth=200&output-format=image/webp,,https://shop.rewe.de/productList?search=7686361,,"Kl. I , je St",Aktion,"0,75 €",nan,Furtwanglerstr. 15,Rewe,Obst & Gemüse,2023-07-09,"Gültig ab morgen bis Samstag, 15.07.2023"
Radieschen,https://img.rewe-static.de/KLEIN28_2023/6909086/4732590-14_digital-image.png?impolicy=s-offers&imwidth=200&output-format=image/webp,,https://shop.rewe.de/productList?search=7686361,,"Kl. I , je Bund",Aktion,"0,49 €",nan,Furtwanglerstr. 15,Rewe,Obst & Gemüse,2023-07-09,"Gültig ab morgen bis Samstag, 15.07.2023"
Rote Stachelbeeren oder Rote Johannisbeeren,https://img.rewe-static.de/KLEIN28_2023/8399383/8570030-27_digital-image.png?impolicy=s-offers&imwidth=200&output-format=image/webp,,https://shop.rewe.de/productList?search=7686361,,"Kl. I , je z.B. 500 g , (1 kg = 4.98)",Aktion,"2,49 €",nan,Furtwanglerstr. 15,Rewe,Obst & Gemüse,2023-07-09,"Gültig ab morgen bis Samstag, 15.07.2023"
Bio Zucchini,https://img.rewe-static.de/KLEIN28_2023/8181276/29354659-9_digital-image.png?impolicy=s-offers&imwidth=200&output-format=image/webp,,https://shop.rewe.de/productList?search=7686361,,"Kl. II , je 500-g-Pckg , (1 kg = 2.58)",,"1,29 €",nan,Furtwanglerstr. 15,Rewe,Obst & Gemüse,2023-07-09,"Gültig ab morgen bis Samstag, 15.07.2023"
Gelb- oder weißfleischige Pfirsiche,https://img.rewe-static.de/KLEIN28_2023/7126212/31363907-4_digital-image.png?impolicy=s-offers&imwidth=200&output-format=image/webp,,https://shop.rewe.de/productList?search=7686361,,"Kl. I , je 1-kg-Schale",Aktion,"1,69 €",nan,Furtwanglerstr. 15,Rewe,Obst & Gemüse,2023-07-09,"Gültig ab morgen bis Samstag, 15.07.2023"
Dunkle Pflaumen,https://img.rewe-static.de/KLEIN28_2023/7673066/20190760-11_digital-image.png?impolicy=s-offers&imwidth=200&output-format=image/webp,,https://shop.rewe.de/productList?search=7686361,,"Kl. I , je 500-g-Schale , (1 kg = 3.38)",Aktion,"1,69 €",nan,Furtwanglerstr. 15,Rewe,Obst & Gemüse,2023-07-09,"Gültig ab morgen bis Samstag, 15.07.2023"
10% Rabatt auf alle REWE Beste Wahl Produkte,https://img.rewe-static.de/REWE_TH25_2023/8939024/39291866-9_digital-image.png?impolicy=s-offers&imwidth=200&output-format=image/webp,,https://shop.rewe.de/productList?search=7686361,,Beim Kauf von mindestens 2 Produkten,App Deal,-10%,nan,Furtwanglerstr. 15,Rewe,Mit der REWE App sparen,2023-07-09,"Gültig ab morgen bis Samstag, 15.07.2023"
Freixenet Produkten,https://img.rewe-static.de/KLEIN28_2023/8467214/31461078-22_digital-image.png?impolicy=s-offers&imwidth=200&output-format=image/webp,20fach Punkte,https://shop.rewe.de/productList?search=7686361,im Gesamtwert von über 2 €,,,,nan,Furtwanglerstr. 15,Rewe,PAYBACK Punkte Highlights,2023-07-09,"Gültig ab morgen bis Samstag, 15.07.2023"
Batterien Energizer/Duracell,https://img.rewe-static.de/KLEIN28_2023/7996783/40194438-6_digital-image.png?impolicy=s-offers&imwidth=200&output-format=image/webp,10fach Punkte,https://shop.rewe.de/productList?search=7686361,im Gesamtwert von über 2 €,,,,nan,Furtwanglerstr. 15,Rewe,PAYBACK Punkte Highlights,2023-07-09,"Gültig ab morgen bis Samstag, 15.07.2023"
Ültje Produkten,https://img.rewe-static.de/KLEIN28_2023/7884382/33479751-4_digital-image.png?impolicy=s-offers&imwidth=200&output-format=image/webp,30fach Punkte,https://shop.rewe.de/productList?search=7686361,im Gesamtwert von über 2 €,,,,nan,Furtwanglerstr. 15,Rewe,PAYBACK Punkte Highlights,2023-07-09,"Gültig ab morgen bis Samstag, 15.07.2023"
Capri Sun Produkten,https://img.rewe-static.de/KLEIN28_2023/0194646/26222775-19_digital-image.png?impolicy=s-offers&imwidth=200&output-format=image/webp,20fach Punkte,https://shop.rewe.de/productList?search=7686361,im Gesamtwert von über 2 €,,,,nan,Furtwanglerstr. 15,Rewe,PAYBACK Punkte Highlights,2023-07-09,"Gültig ab morgen bis Samstag, 15.07.2023"
Schweine-Filet,https://img.rewe-static.de/KLEIN28_2023/2532018/34373114-10_digital-image.png?impolicy=s-offers&imwidth=200&output-format=image/webp,,https://shop.rewe.de/productList?search=7686361,,je 100 g,Knaller,"0,88 €","b'ProduktbeschreibungArtikelnummer 2532018Das beste St\xc3\xbcck vom Schwein, ideal auch f\xc3\xbcr Medaillons; SB-verpackt. Ursprung: Deutschland. Um einen Hinweis zur tats\xc3\xa4chlichen Herkunft zu erhalten, beachten Sie bitte die Angaben auf der Ihnen gelieferten Ware selbst; nur diese sind ma\xc3\x9fgeblich wie auch verbindlich. VOR DEM VERZEHR GUT DURCHGAREN. NICHT ZUM ROHVERZEHR GEEIGNET. Die Haltbarkeit des Produktes ist bis zum angegebenen Datum durch die Einhaltung der angegebenen Temperatur gesichert. Bei einer Unterbrechung der K\xc3\xbchlkette \xc3\xbcber +4 \xc2\xb0C, empfehlen wir Ihnen den Verzehr am Tag des Einkaufes. Nach \xc3\x96ffnen der Packung Ware noch am selben Tag verwenden.... mehr anzeigenZutaten & AllergeneZutaten: -  -N\xc3\xa4hrwerteDurchschnittliche N\xc3\xa4hrwertepro 100 gEnergie448 kJEnergie106 kcalFett2 gFett, davon ges\xc3\xa4ttigte Fetts\xc3\xa4uren0,7 gKohlenhydrate0 gKohlenhydrate, davon Zucker0 gBallaststoffe0 gEiwei\xc3\x9f22 gSalz0,19 gArtikeldetailsMarke: Wilhelm BrandenburgNachhaltigkeitWeitere Informationen zu den Siegeln findest du in unserer Siegelkunde.Maximale Bestellmenge: 15 St\xc3\xbcckF\xc3\xbcr die vorstehenden Angaben wird keine Haftung \xc3\xbcbernommen. Bitte pr\xc3\xbcfen Sie im Einzelfall die Angaben auf der jeweiligen Produktverpackung, nur diese sind verbindlich.Das Produktdesign kann von der Abbildung abweichen.'",Furtwanglerstr. 15,Rewe,Frische & Convenience,2023-07-09,"Gültig ab morgen bis Samstag, 15.07.2023"
Rote Wurst,https://img.rewe-static.de/KLEIN28_2023/7731883/23270769-10_digital-image.png?impolicy=s-offers&imwidth=200&output-format=image/webp,,https://shop.rewe.de/productList?search=7686361,,je 100 g,Aktion,"0,88 €","b'ProduktbeschreibungArtikelnummer 7731883Frisch f\xc3\xbcr dich aus unserer Servicetheke.\n\nZutaten: Schweinefleisch 80%, Wasser, Speck, jodiertes Speisesalz (Speisesalz, Kaliumjodat), Konservierungsstoff (Natriumnitrit), Gew\xc3\xbcrze, Stabilisatoren (Natriumcitrate, Diphosphate), Dextrose, Antioxidationsmittel (Ascorbins\xc3\xa4ure) , Gew\xc3\xbcrzextrakte, Maltodextrin, Schweinedarm, Rauch.\n\nKann Spuren von GLUTEN, MILCH und SENF enthalten.\n\nN\xc3\xa4hrwerte je 100g:\nEnergie: 1179kJ\nEnergie: 285kcal\nFett: 26g\nFett, davon ges\xc3\xa4ttigte Fetts\xc3\xa4uren: 12g\nKohlenhydrate: 0,5g\nKohlenhydrate, davon Zucker: 0,5g\nEiwei\xc3\x9f: 12g\nSalz: 2,2g... mehr anzeigenArtikeldetailsMarke: Wilhelm BrandenburgMaximale Bestellmenge: 15 St\xc3\xbcckF\xc3\xbcr die vorstehenden Angaben wird keine Haftung \xc3\xbcbernommen. Bitte pr\xc3\xbcfen Sie im Einzelfall die Angaben auf der jeweiligen Produktverpackung, nur diese sind verbindlich.Das Produktdesign kann von der Abbildung abweichen.Bei abgewogenen Waren zahlen Sie die im Markt tats\xc3\xa4chlich gewogene Menge. Der bei Abholung oder Lieferung zu zahlende Betrag kann deshalb von dem hier angegebenen Betrag abweichen. F\xc3\xbcr die Berechnung des hier angegebenen Betrags wird ein Durchschnittsgewicht des jeweiligen Artikels zu Grunde gelegt.'",Furtwanglerstr. 15,Rewe,Frische & Convenience,2023-07-09,"Gültig ab morgen bis Samstag, 15.07.2023"
Bresso Kräuter der Provence,https://img.rewe-static.de/KLEIN28_2023/4533135/9167380-57_digital-image.png?impolicy=s-offers&imwidth=200&output-format=image/webp,,https://shop.rewe.de/productList?search=7686361,,"60% Fett i.Tr. , je 150-g-Pckg , (1 kg = 9.27)",Aktion,"1,39 €","b'ProduktbeschreibungArtikelnummer 4533135Die Qualit\xc3\xa4t der exklusiv von BRESSO entwickelten Kr\xc3\xa4uter-Mischung wird durch die Auswahl eigener Setzlinge und deren Anbau in der Provence garantiert. BRESSO steht f\xc3\xbcr unbeschwerten Frischk\xc3\xa4se-Genuss & provenzalisch-mediterrane Lebensweise. \nDie hohe Qualit\xc3\xa4t der vielf\xc3\xa4ltigen Zutaten kombiniert mit locker aufgeschlagenem Frischk\xc3\xa4se machen unseren BRESSO so besonders.\nDie Qualit\xc3\xa4t der exklusiv von BRESSO verwendeten Kr\xc3\xa4uter wird durch die Auswahl eigener Setzlinge & deren Anbau in der Provence garantiert. \nBRESSO. BESTE ZUTATEN IN LUFTIG-LOCKEREN FRISCHK\xc3\x84SE.\nOHNE GENTECHNIK, gem\xc3\xa4\xc3\x9f dem deutschen EG-Gentechnik-Durchf\xc3\xbchrungsgesetz.Zutaten & AllergeneZutaten: FRISCHK\xc3\x84SE, CREME FRA\xc3\x8eCHE, BUTTER, Kr\xc3\xa4uter der Provence, Kr\xc3\xa4uter, St\xc3\xa4rke, Gew\xc3\xbcrze, Speisesalz, nat\xc3\xbcrliche Aromen, Stickstoff zum Aufschlagen. Kann Spuren von Sellerie enthalten.Allergenhinweise: MilchEnth\xc3\xa4lt: Milch und Milcherzeugnisse (einschlie\xc3\x9flich Lactose). Kann enthalten: Sellerie und Sellerieerzeugnisse.N\xc3\xa4hrwerteDurchschnittliche N\xc3\xa4hrwerteUnzubereitet pro 100 gEnergie974 kJEnergie235 kcalFett21 gFett, davon ges\xc3\xa4ttigte Fetts\xc3\xa4uren14 gKohlenhydrate4,4 gKohlenhydrate, davon Zucker2,8 gEiwei\xc3\x9f7,2 gSalz1,1 gHinweiseAufbewahrungs- und Verwendungshinweis: Bei +2\xc2\xb0C bis +8\xc2\xb0C mindestens haltbar bis: siehe VerpackungsaufdruckInformation: 62% Fett i.Tr./F.i.T.ArtikeldetailsMarke: BressoUrsprungsland: DeutschlandKontaktKontaktname: Edelweiss GmbH & Co.KGKontaktadresse: D-87435 Kempten/Allg\xc3\xa4uMaximale Bestellmenge: 15 St\xc3\xbcckF\xc3\xbcr die vorstehenden Angaben wird keine Haftung \xc3\xbcbernommen. Bitte pr\xc3\xbcfen Sie im Einzelfall die Angaben auf der jeweiligen Produktverpackung, nur diese sind verbindlich.Das Produktdesign kann von der Abbildung abweichen.'",Furtwanglerstr. 15,Rewe,Frische & Convenience,2023-07-09,"Gültig ab morgen bis Samstag, 15.07.2023"
"Zwiebelmettwurst, Zwiebelmettwurst-kugel oder Puten-zwiebelmettwurst",https://img.rewe-static.de/KLEIN28_2023/7225733/30597714-6_digital-image.png?impolicy=s-offers&imwidth=200&output-format=image/webp,,https://shop.rewe.de/productList?search=7686361,,je 100 g,Aktion,"1,49 €","b'ProduktbeschreibungArtikelnummer 7225733Frisch f\xc3\xbcr dich aus unserer Servicetheke. \n \nZutaten: 91 % Schweinefleisch, S\xc3\xa4ureregulator Kaliumlactrat, jodiertes Nitritp\xc3\xb6kelsalz (Speisesalz), Konservierungsstoff Natriumnitrit, S\xc3\xa4uerungsmittel: MILCHS\xc3\x84URE, Zwiebeln, Trockenglukosesirup, Verdickungsmittel: Guarkernmehl, Johannisbrotkernmehl, Xanthan, Gew\xc3\xbcrze (enth\xc3\xa4lt SELLERIE), Dextrose, Geschmacksverst\xc3\xa4rker: Mononatriumglutamat, Antioxidationsmittel: Natriumascorbat, Ascorbins\xc3\xa4ure. \n \nKann Spuren von SENF enthalten. \n \nN\xc3\xa4hrwerte je 100g: \nEnergie: 655kJ \nEnergie: 157kcal \nFett: 8,5g \nFett, davon ges\xc3\xa4ttigt: 4,5g \nKohlenhydrate: 1g \nKohlenhydrate, davon Zucker: 1g \nEiwei\xc3\x9f: 19g \nSalz: 2,5g... mehr anzeigenZutaten & AllergeneAllergenhinweise: nullN\xc3\xa4hrwerteDurchschnittliche N\xc3\xa4hrwerteUnzubereitet pro 100 gEnergie655 kJEnergie157 kcalFett8,5 gFett, davon ges\xc3\xa4ttigte Fetts\xc3\xa4uren4,5 gKohlenhydrate1 gKohlenhydrate, davon Zucker1 gEiwei\xc3\x9f19 gSalz2,5 gArtikeldetailsMarke: Wilhelm BrandenburgMaximale Bestellmenge: 15 St\xc3\xbcckF\xc3\xbcr die vorstehenden Angaben wird keine Haftung \xc3\xbcbernommen. Bitte pr\xc3\xbcfen Sie im Einzelfall die Angaben auf der jeweiligen Produktverpackung, nur diese sind verbindlich.Das Produktdesign kann von der Abbildung abweichen.Bei abgewogenen Waren zahlen Sie die im Markt tats\xc3\xa4chlich gewogene Menge. Der bei Abholung oder Lieferung zu zahlende Betrag kann deshalb von dem hier angegebenen Betrag abweichen. F\xc3\xbcr die Berechnung des hier angegebenen Betrags wird ein Durchschnittsgewicht des jeweiligen Artikels zu Grunde gelegt.'",Furtwanglerstr. 15,Rewe,Frische & Convenience,2023-07-09,"Gültig ab morgen bis Samstag, 15.07.2023"
Virginia Pfefferschinken,https://img.rewe-static.de/KLEIN28_2023/1428942/37769208-6_digital-image.png?impolicy=s-offers&imwidth=200&output-format=image/webp,,https://shop.rewe.de/productList?search=7686361,,"geräuchert und luftgetrocknet, besonders mild , je 100 g",Aktion,"2,79 €","b'ProduktbeschreibungArtikelnummer 1428942Frisch f\xc3\xbcr dich aus unserer Servicetheke. \n \nZutaten: Schweinefleisch, Speisesalz, Dextrose, Maltodextrin, Gew\xc3\xbcrze, Kr\xc3\xa4uter, Kr\xc3\xa4uterextrakte, S\xc3\xa4ureregulator: Natriumlactat, Geschmacksverst\xc3\xa4rker: Mononatriumglutamat, Antioxidationsmittel: Natriumascorbat, Konservierungsstoff: Natriumnitrit, Kaliumnitrat, Fermente, Raucharoma, Rauch. \n \nPfefferh\xc3\xbclle: Pfeffer, St\xc3\xa4rke, MILCHPULVER, Schweinegelatine, Konservierungsstoff: Kaliumsorbat. \n \n100g Produkt bereitet aus 135g Fleisch und 4g Pfeffer. Zutaten & AllergeneAllergenhinweise: nullN\xc3\xa4hrwerteDurchschnittliche N\xc3\xa4hrwerteUnzubereitet pro 100 gEnergie602 kJEnergie143 kcalFett3 gFett, davon ges\xc3\xa4ttigte Fetts\xc3\xa4uren1,1 gKohlenhydrate0,9 gKohlenhydrate, davon Zucker0,9 gEiwei\xc3\x9f28 gSalz4,4 gMaximale Bestellmenge: 15 St\xc3\xbcckF\xc3\xbcr die vorstehenden Angaben wird keine Haftung \xc3\xbcbernommen. Bitte pr\xc3\xbcfen Sie im Einzelfall die Angaben auf der jeweiligen Produktverpackung, nur diese sind verbindlich.Das Produktdesign kann von der Abbildung abweichen.'",Furtwanglerstr. 15,Rewe,Frische & Convenience,2023-07-09,"Gültig ab morgen bis Samstag, 15.07.2023"
Ananas,https://img.rewe-static.de/KLEIN28_2023/7718364/38355056-8_digital-image.png?impolicy=s-offers&imwidth=200&output-format=image/webp,,https://shop.rewe.de/productList?search=7686361,,"ganz, geschält , je 400-g-Becher , (1 kg = 6.98)",Aktion,"2,79 €",nan,Furtwanglerstr. 15,Rewe,Frische & Convenience,2023-07-09,"Gültig ab morgen bis Samstag, 15.07.2023"
Lamm-Keule,https://img.rewe-static.de/KLEIN28_2023/0499226/3251580-11_digital-image.png?impolicy=s-offers&imwidth=200&output-format=image/webp,,https://shop.rewe.de/productList?search=7686361,,"mit Röhrenknochen, SB-verpackt , je 1 kg",Aktion,"11,99 €",nan,Furtwanglerstr. 15,Rewe,Frische & Convenience,2023-07-09,"Gültig ab morgen bis Samstag, 15.07.2023"
Rinder-Filet,https://img.rewe-static.de/KLEIN28_2023/3455289/39482382-2_digital-image.png?impolicy=s-offers&imwidth=200&output-format=image/webp,,https://shop.rewe.de/productList?search=7686361,,"am Stück oder in Scheiben , je 100 g",Aktion,"4,99 €","b'ProduktbeschreibungArtikelnummer 3455289Frisch f\xc3\xbcr dich aus unserer Servicetheke. F\xc3\xbcr die vorstehenden Angaben wird keine Haftung \xc3\xbcbernommen. Bitte pr\xc3\xbcfen Sie im Einzelfall die Angaben auf der jeweiligen Produktverpackung, nur diese sind verbindlich.Das Produktdesign kann von der Abbildung abweichen.'",Furtwanglerstr. 15,Rewe,Frische & Convenience,2023-07-09,"Gültig ab morgen bis Samstag, 15.07.2023"
Butcher’s Burger Patties,https://img.rewe-static.de/KLEIN28_2023/7938024/33031415-14_digital-image.png?impolicy=s-offers&imwidth=200&output-format=image/webp,,https://shop.rewe.de/productList?search=7686361,,"vom Rind, versch. Sorten , je 230-g-Pckg , (1 kg = 15.17)",Aktion,"3,49 €","ProduktbeschreibungArtikelnummer 7938024Zutaten & AllergeneZutaten: Rindfleisch 98 %, Speisesalz, Gewürze, Gewürzextrakte, Antioxidationsmittel Ascorbinsäure.  Kann Spuren von Senf und Sellerie enthalten.NährwerteDurchschnittliche Nährwertepro 100 gEnergie1.038 kJEnergie250 kcalFett20 gFett, davon gesättigte Fettsäuren8 gKohlenhydrate0,5 gKohlenhydrate, davon Zucker0,5 gBallaststoffe0 gEiweiß17 gSalz1,5 gArtikeldetailsMarke: Butcher's BurgerFür die vorstehenden Angaben wird keine Haftung übernommen. Bitte prüfen Sie im Einzelfall die Angaben auf der jeweiligen Produktverpackung, nur diese sind verbindlich.Das Produktdesign kann von der Abbildung abweichen.",Furtwanglerstr. 15,Rewe,Frische & Convenience,2023-07-09,"Gültig ab morgen bis Samstag, 15.07.2023"
Meica Bratmaxe,https://img.rewe-static.de/KLEIN28_2023/8559132/32684863-3_digital-image.png?impolicy=s-offers&imwidth=200&output-format=image/webp,,https://shop.rewe.de/productList?search=7686361,,"für Grill & Pfanne, versch. Sorten , je 560-g-Pckg , (1 kg = 10.70)",Aktion,"5,99 €",nan,Furtwanglerstr. 15,Rewe,Frische & Convenience,2023-07-09,"Gültig ab morgen bis Samstag, 15.07.2023"
Lammkeulen-Scheiben,https://img.rewe-static.de/KLEIN28_2023/8766589/40055970-2_digital-image.png?impolicy=s-offers&imwidth=200&output-format=image/webp,,https://shop.rewe.de/productList?search=7686361,,"in Kräuterbutter-Marinade, mit Knochen, SB-verpackt , je 1 kg",Aktion,"19,90 €","ProduktbeschreibungArtikelnummer 8766589Zutaten & AllergeneZutaten: Lammfleisch mit Knochen 94 %, Marinade 6 % (Rapsöl, Speisesalz, Gewürze (enthalten SENF), Butter, Kräuter, Palmfett, Gewürzextrakte).  SellerieNährwerteDurchschnittliche Nährwertepro 100 gEnergie599 kJEnergie143 kcalFett7 gFett, davon gesättigte Fettsäuren2,6 gKohlenhydrate1 gKohlenhydrate, davon Zucker1 gBallaststoffe0 gEiweiß19 gSalz1,2 gFür die vorstehenden Angaben wird keine Haftung übernommen. Bitte prüfen Sie im Einzelfall die Angaben auf der jeweiligen Produktverpackung, nur diese sind verbindlich.Das Produktdesign kann von der Abbildung abweichen.",Furtwanglerstr. 15,Rewe,Frische & Convenience,2023-07-09,"Gültig ab morgen bis Samstag, 15.07.2023"
Aoste Ringsalami,https://img.rewe-static.de/KLEIN28_2023/2152240/2456630-90_digital-image.png?impolicy=s-offers&imwidth=200&output-format=image/webp,,https://shop.rewe.de/productList?search=7686361,,"luftgetrocknet , je 250-g-Pckg , (1 kg = 17.96)",Aktion,"4,49 €","b'ProduktbeschreibungArtikelnummer 2152240Zutaten & AllergeneZutaten: Schweinefleisch, Salz, LAKTOSE, Dextrose, Zucker, Gew\xc3\xbcrze, Konservierungsstoffe: Kaliumnitrat, Natriumnitrit; Starterkulturen. Salami-H\xc3\xbclle nicht essbar. Bitte vor Verzehr entfernen. Kann Spuren von Schalenfr\xc3\xbcchten und Milcheiwei\xc3\x9fen enthalten. 100 g Salami werden aus 160 g Schweinefleisch hergestellt.Allergenhinweise: Enth\xc3\xa4lt LAKTOSE.Enth\xc3\xa4lt: Milchzucker (Laktose). Kann enthalten: N\xc3\xbcsse und Nusserzeugnisse. Milch und Milcherzeugnisse (einschlie\xc3\x9flich Lactose).N\xc3\xa4hrwerteDurchschnittliche N\xc3\xa4hrwerteUnzubereitet pro 100 gEnergie1.845 kJEnergie445 kcalFett37 gFett, davon ges\xc3\xa4ttigte Fetts\xc3\xa4uren15 gKohlenhydrate2 gKohlenhydrate, davon Zucker1,5 gEiwei\xc3\x9f26 gSalz5 gHinweiseAufbewahrungs- und Verwendungshinweis: Vor Hitze sch\xc3\xbctzen und trocken lagern. Nach dem \xc3\x96ffnen innerhalb kurzer Zeit verzehren.Information: Unter Schutzatmosph\xc3\xa4re verpackt.Salami-H\xc3\xbclle nicht essbar. Bitte vor Verzehr entfernen.Identit\xc3\xa4tskennzeichen: FR 69.238.001 CEArtikeldetailsMarke: AosteUrsprungsland: FrankreichPackungsgr\xc3\xb6\xc3\x9fe: 250gKontaktKontaktname: Aoste SNCKontaktadresse: Hameau de Saint Didier - RD 592 - 38490 Aoste - FranceMaximale Bestellmenge: 15 St\xc3\xbcckF\xc3\xbcr die vorstehenden Angaben wird keine Haftung \xc3\xbcbernommen. Bitte pr\xc3\xbcfen Sie im Einzelfall die Angaben auf der jeweiligen Produktverpackung, nur diese sind verbindlich.Das Produktdesign kann von der Abbildung abweichen.'",Furtwanglerstr. 15,Rewe,Frische & Convenience,2023-07-09,"Gültig ab morgen bis Samstag, 15.07.2023"
Schweine-Nacken,https://img.rewe-static.de/KLEIN28_2023/3468321/29796119-6_digital-image.png?impolicy=s-offers&imwidth=200&output-format=image/webp,,https://shop.rewe.de/productList?search=7686361,,"ohne Knochen, am Stück oder in Scheiben, Haltungsform 2 , je 100 g",Aktion,"0,69 €","b'ProduktbeschreibungArtikelnummer 3468321Frisch f\xc3\xbcr dich aus unserer Servicetheke. NachhaltigkeitWeitere Informationen zu den Siegeln findest du in unserer Siegelkunde.F\xc3\xbcr die vorstehenden Angaben wird keine Haftung \xc3\xbcbernommen. Bitte pr\xc3\xbcfen Sie im Einzelfall die Angaben auf der jeweiligen Produktverpackung, nur diese sind verbindlich.Das Produktdesign kann von der Abbildung abweichen.'",Furtwanglerstr. 15,Rewe,Frische & Convenience,2023-07-09,"Gültig ab morgen bis Samstag, 15.07.2023"
Grünländer mild & nussig,https://img.rewe-static.de/KLEIN28_2023/4092074/34973807-8_digital-image.png?impolicy=s-offers&imwidth=200&output-format=image/webp,,https://shop.rewe.de/productList?search=7686361,,"Schnittkäse, 48% Fett i.Tr. , je 100 g",Aktion,"0,99 €","b'ProduktbeschreibungArtikelnummer 4092074Frisch f\xc3\xbcr dich aus unserer Servicetheke. \n \nZutaten: pasteurisierte MILCH, Farbstoff: Beta-Carotin, mikrobielles Lab, Kulturen, Speisesalz. \n \nLaktosefrei* \n*Laktosegehalt: unter 0, 1g/100g \n \nRinde zum Verzehr geeignet! Zutaten & AllergeneAllergenhinweise: nullN\xc3\xa4hrwerteDurchschnittliche N\xc3\xa4hrwerteUnzubereitet pro 100 gEnergie1.481 kJEnergie357 kcalFett29 gFett, davon ges\xc3\xa4ttigte Fetts\xc3\xa4uren19 gKohlenhydrate0,1 gKohlenhydrate, davon Zucker0,1 gEiwei\xc3\x9f24 gSalz0,8 gArtikeldetailsMarke: Gr\xc3\xbcnl\xc3\xa4nderMaximale Bestellmenge: 15 St\xc3\xbcckF\xc3\xbcr die vorstehenden Angaben wird keine Haftung \xc3\xbcbernommen. Bitte pr\xc3\xbcfen Sie im Einzelfall die Angaben auf der jeweiligen Produktverpackung, nur diese sind verbindlich.Das Produktdesign kann von der Abbildung abweichen.'",Furtwanglerstr. 15,Rewe,Frische & Convenience,2023-07-09,"Gültig ab morgen bis Samstag, 15.07.2023"
Salakis Schafskäse Natur,https://img.rewe-static.de/KLEIN28_2023/8874226/37902848-5_digital-image.png?impolicy=s-offers&imwidth=200&output-format=image/webp,,https://shop.rewe.de/productList?search=7686361,,"je 180-g-Pckg , (1 kg = 9.94)",Aktion,"1,79 €","b'ProduktbeschreibungArtikelnummer 8874226Zutaten & AllergeneZutaten: pasteurisierte SchafMILCH, Lab, SalzAllergenhinweise: Enth\xc3\xa4lt: Milch und Milcherzeugnisse (einschlie\xc3\x9flich Lactose).N\xc3\xa4hrwerteDurchschnittliche N\xc3\xa4hrwerteUnzubereitet pro 100 gEnergie1.126 kJEnergie272 kcalFett23 gFett, davon ges\xc3\xa4ttigte Fetts\xc3\xa4uren16 gKohlenhydrate0,8 gKohlenhydrate, davon Zucker0,8 gEiwei\xc3\x9f16 gSalz2,8 gHinweiseAufbewahrungs- und Verwendungshinweis: bei 8\xc2\xb0C mindestens haltbar bis: siehe Verpackungsaufdruck: tt.mm.jjjjArtikeldetailsMarke: SalakisNettof\xc3\xbcllmenge: 180 GUrsprungsland: FrankreichKontaktKontaktname: Lactalis Deutschland GmbHKontaktadresse: Am Yachthafen 2, 77694 KehlMaximale Bestellmenge: 15 St\xc3\xbcckF\xc3\xbcr die vorstehenden Angaben wird keine Haftung \xc3\xbcbernommen. Bitte pr\xc3\xbcfen Sie im Einzelfall die Angaben auf der jeweiligen Produktverpackung, nur diese sind verbindlich.Das Produktdesign kann von der Abbildung abweichen.'",Furtwanglerstr. 15,Rewe,Frische & Convenience,2023-07-09,"Gültig ab morgen bis Samstag, 15.07.2023"
Arla Finello Gratinkäse,https://img.rewe-static.de/KLEIN28_2023/0674328/21064797-16_digital-image.png?impolicy=s-offers&imwidth=200&output-format=image/webp,,https://shop.rewe.de/productList?search=7686361,,"dän. Reibekäse , je 150-g-Pckg , (1 kg = 9.93)",Aktion,"1,49 €","b'ProduktbeschreibungArtikelnummer 674328Zutaten & AllergeneZutaten: K\xc3\x84SE, Kartoffelst\xc3\xa4rke.Allergenhinweise: Enth\xc3\xa4lt: Milch und Milcherzeugnisse (einschlie\xc3\x9flich Lactose).N\xc3\xa4hrwerteDurchschnittliche N\xc3\xa4hrwerteUnzubereitet pro 100 gEnergie1.305 kJEnergie314 kcalFett23 gFett, davon ges\xc3\xa4ttigte Fetts\xc3\xa4uren14 gKohlenhydrate2,8 gKohlenhydrate, davon Zucker0,6 gEiwei\xc3\x9f24 gSalz1,5 gHinweiseAufbewahrungs- und Verwendungshinweis: Nach dem \xc3\x96ffnen k\xc3\xbchl aufbewahren.Bei 8 \xc2\xb0C mindestens haltbar bis: siehe VerpackungsaufdruckInformation: Unter Schutzatmosph\xc3\xa4re verpackt.ArtikeldetailsMarke: ArlaUrsprungsland: D\xc3\xa4nemarkSorte: Gratink\xc3\xa4seKontaktKontaktname: Arla Foods ambaKontaktadresse: DK-8260 Viby JMaximale Bestellmenge: 15 St\xc3\xbcckF\xc3\xbcr die vorstehenden Angaben wird keine Haftung \xc3\xbcbernommen. Bitte pr\xc3\xbcfen Sie im Einzelfall die Angaben auf der jeweiligen Produktverpackung, nur diese sind verbindlich.Das Produktdesign kann von der Abbildung abweichen.'",Furtwanglerstr. 15,Rewe,Frische & Convenience,2023-07-09,"Gültig ab morgen bis Samstag, 15.07.2023"
Wiltmann Salami,https://img.rewe-static.de/KLEIN28_2023/4240936/6554940-38_digital-image.png?impolicy=s-offers&imwidth=200&output-format=image/webp,,https://shop.rewe.de/productList?search=7686361,,"versch. Sorten , je 80-g-Pckg , (1 kg = 16.13)",Aktion,"1,29 €","b'ProduktbeschreibungArtikelnummer 4240936Feinschmecker-Salami aus Rind- und Schweinefleisch. Zutaten & AllergeneZutaten: Schweinefleisch, Rindfleisch, jodierters Speisesalz (Speisesalz, Kaliumiodat), Traubenzucker, Trockenglucose, Gew\xc3\xbcrze, Gew\xc3\xbcrzextrakte, Antioxidationsmittel: Natriumascorbat; Konservierungsstoff: Natriumnitrit; Reifekulturen, Buchenholzrauch. 100g Salami, hergestellt aus 119g Schweinefleisch und 21g Rindfleisch.N\xc3\xa4hrwerteDurchschnittliche N\xc3\xa4hrwerteUnzubereitet pro 100 gEnergie1.474 kJEnergie355 kcalFett28,1 gFett, davon ges\xc3\xa4ttigte Fetts\xc3\xa4uren11 gKohlenhydrate1 gKohlenhydrate, davon Zucker1 gEiwei\xc3\x9f24,1 gSalz4,1 gHinweiseAufbewahrungs- und Verwendungshinweis: Bei maximal 7\xc2\xb0C unge\xc3\xb6ffnet mindestens haltbar bis: siehe VerpackungsaufdruckArtikeldetailsMarke: WiltmannUrsprungsland: DeutschlandKontaktKontaktname: Franz Wiltmann GmbH & Co. KGKontaktadresse: Wilhelm-Kleine-Strasse 16, D-33775 VersmoldMaximale Bestellmenge: 15 St\xc3\xbcckF\xc3\xbcr die vorstehenden Angaben wird keine Haftung \xc3\xbcbernommen. Bitte pr\xc3\xbcfen Sie im Einzelfall die Angaben auf der jeweiligen Produktverpackung, nur diese sind verbindlich.Das Produktdesign kann von der Abbildung abweichen.'",Furtwanglerstr. 15,Rewe,Frische & Convenience,2023-07-09,"Gültig ab morgen bis Samstag, 15.07.2023"
Bresso Feine Kräuter,https://img.rewe-static.de/KLEIN28_2023/0396707/3684540-43_digital-image.png?impolicy=s-offers&imwidth=200&output-format=image/webp,,https://shop.rewe.de/productList?search=7686361,,"60% Fett i.Tr. , je 120-g-Pckg , (1 kg = 11.58)",Aktion,"1,39 €","b""ProduktbeschreibungArtikelnummer 396707BRESSO steht f\xc3\xbcr unbeschwerten Frischk\xc3\xa4se-Genuss & provenzalisch-mediterrane Lebensweise. Eine Frischk\xc3\xa4se-Spezialit\xc3\xa4t mit feinen Kr\xc3\xa4utern veredelt und mit Knoblauch raffiniert abgerundet \xe2\x80\x93 unser Klassiker unter den BRESSO Frischk\xc3\xa4se-Portionen \xe2\x80\x93 mit aromatischer Geschmacksnote. Als Packung mit acht praktischen Portionen erh\xc3\xa4ltlich.Zutaten & AllergeneZutaten: FRISCHK\xc3\x84SE (pasteurisierte KUHMILCH, pasteurisierte SAHNE/RAHM), Speisesalz, Knoblauch, Kr\xc3\xa4uter, Pfeffer, Konservierungsstoff (Kaliumsorbat). Dieser Frischk\xc3\xa4se kann Spuren von Schalenfr\xc3\xbcchten und Ziegenmilch enthalten.Allergenhinweise: Frischk\xc3\xa4se, Kuhmilch, Sahne/RahmEnth\xc3\xa4lt: Milch und Milcherzeugnisse (einschlie\xc3\x9flich Lactose). Kann enthalten: N\xc3\xbcsse und Nusserzeugnisse.N\xc3\xa4hrwerteDurchschnittliche N\xc3\xa4hrwerteUnzubereitet pro 100 gEnergie1.391 kJEnergie337 kcalFett32 gFett, davon ges\xc3\xa4ttigte Fetts\xc3\xa4uren23 gKohlenhydrate3 gKohlenhydrate, davon Zucker2,4 gEiwei\xc3\x9f9,2 gSalz1,2 gHinweiseAufbewahrungs- und Verwendungshinweis: Bei +2\xc2\xb0C bis +8\xc2\xb0C mindestens haltbar bis: siehe VerpackungsaufdruckInformation: DoppelrahmstufeArtikeldetailsMarke: BressoUrsprungsland: FrankreichKontaktKontaktname: FromarsacKontaktadresse: Marsac sur L'Isle, 24052 P\xc3\xa9rigueux, Cedex 9, FranceMaximale Bestellmenge: 15 St\xc3\xbcckF\xc3\xbcr die vorstehenden Angaben wird keine Haftung \xc3\xbcbernommen. Bitte pr\xc3\xbcfen Sie im Einzelfall die Angaben auf der jeweiligen Produktverpackung, nur diese sind verbindlich.Das Produktdesign kann von der Abbildung abweichen.""",Furtwanglerstr. 15,Rewe,Frische & Convenience,2023-07-09,"Gültig ab morgen bis Samstag, 15.07.2023"
Rana Tortelloni,https://img.rewe-static.de/KLEIN28_2023/8657317/33918696-8_digital-image.png?impolicy=s-offers&imwidth=200&output-format=image/webp,,https://shop.rewe.de/productList?search=7686361,,"versch. Sorten , je 250-g-Pckg , (1 kg = 10.76)",Aktion,"2,69 €","b'ProduktbeschreibungArtikelnummer 8657317Zutaten & AllergeneZutaten: F\xc3\x9cLLUNG 53%: Basilikum Pesto 35%,(Sonnenblumen\xc3\xb6l, Basilikum 27% Pecorino Romano g.U. (gesch\xc3\xbctzte Ursprungsbezeichnung) K\xc3\x84SE 14%, KACHUN\xc3\x9cSSE, geriebener K\xc3\x84SE, Kochsalz, Pinienkerne 3%), Ricotta 33% (MOLKE, MILCH, Kochsalz), Pflanzenfasern (Mais und Kartoffeln) Mozzarella K\xc3\x84SE, Paniermehl (WeichWEIZENmehl, Wasser, Kochsalz, Hefe), LAKTOSE, St\xc3\xa4rke, nat\xc3\xbcrliche Aromen (enth\xc3\xa4lt GERSTE). TEIGWAREN 47%: WeichWEIZENmehl, EIER 30%,HartWEIZENgrie\xc3\x9f. Hergestellt in einem Werk, das auch SCHALENFR\xc3\x9cCHTE, FISCHE, KREBSTIERE, WICHTIERE, SOJABOHNEN und SELLERIE verwendet.Allergenhinweise: Enth\xc3\xa4lt: Glutenhaltiges Getreide und glutenhaltige Getreideerzeugnisse. Milch und Milcherzeugnisse (einschlie\xc3\x9flich Lactose). N\xc3\xbcsse und Nusserzeugnisse. Eier und Eierzeugnisse. Kann enthalten: Krebstiere und Krebstiererzeugnisse. Weichtiere und Weichtiererzeugnisse. Fisch und Fischerzeugnisse. Soja und Sojaerzeugnisse. Sellerie und Sellerieerzeugnisse.N\xc3\xa4hrwerteDurchschnittliche N\xc3\xa4hrwerteUnzubereitet pro 100 gEnergie1.225 kJEnergie292 kcalFett12 gFett, davon ges\xc3\xa4ttigte Fetts\xc3\xa4uren3,1 gKohlenhydrate32 gKohlenhydrate, davon Zucker4,1 gBallaststoffe6,2 gEiwei\xc3\x9f11 gSalz0,98 gHinweiseAufbewahrungs- und Verwendungshinweis: Im K\xc3\xbchlschrank bei +4\xc2\xb0C bis max. +7\xc2\xb0C aufbewahren. Nach dem \xc3\x96ffnen innerhalb von 3 Tagen verbrauchen.Information: Unter Schutzatmosph\xc3\xa4re verpackt.ArtikeldetailsMarke: Giovanni RanaUrsprungsland: ItalienKontaktKontaktname: Pastificio RANA S.p.A.Kontaktadresse: Via Pacinotti, 25 - 37057 San Giovanni Lupatoto (VR) - ItaliaMaximale Bestellmenge: 15 St\xc3\xbcckF\xc3\xbcr die vorstehenden Angaben wird keine Haftung \xc3\xbcbernommen. Bitte pr\xc3\xbcfen Sie im Einzelfall die Angaben auf der jeweiligen Produktverpackung, nur diese sind verbindlich.Das Produktdesign kann von der Abbildung abweichen.'",Furtwanglerstr. 15,Rewe,Frische & Convenience,2023-07-09,"Gültig ab morgen bis Samstag, 15.07.2023"
Homann Kartoffel- oder Pellkartoffelsalat,https://img.rewe-static.de/KLEIN28_2023/8698632/34937248-11_digital-image.png?impolicy=s-offers&imwidth=200&output-format=image/webp,,https://shop.rewe.de/productList?search=7686361,,"versch. Sorten , je 400-g-Pckg , (1 kg = 4.23)",Aktion,"1,69 €","b'ProduktbeschreibungArtikelnummer 8698632Zutaten & AllergeneZutaten: 62% Kartoffeln, Raps\xc3\xb6l, 8% H\xc3\x9cHNEREIER, 6% Gurken, Wasser, Zucker, Branntweinessig, 2% Zwiebeln, Speisesalz, H\xc3\x9cHNEREIGELB, S\xc3\xa4ureregulatoren: Calciumchlorid und Natriumacetate, Sahne (MILCH), Konservierungsstoff: Kaliumsorbat, St\xc3\xa4rke, Gew\xc3\xbcrze (enth\xc3\xa4lt SENF), f\xc3\xa4rbendes Lebensmittel: Karottenkonzentrat, Verdickungsmittel: Guarkernmehl, S\xc3\xa4uerungsmittel: Citronens\xc3\xa4ure, Antioxidationsmittel: Ascorbins\xc3\xa4ure, Stabilisator: Carrageen. Kann Spuren von Erdn\xc3\xbcssen, Fischen, glutenhaltiges Getreide, Krebstieren, Schalenfr\xc3\xbcchten, Sellerie, Sesamsamen und Sojabohnen enthalten.Allergenhinweise: Enth\xc3\xa4lt: Eier und Eierzeugnisse. Milch und Milcherzeugnisse (einschlie\xc3\x9flich Lactose). Senf- und Senferzeugnisse. Kann enthalten: Erdn\xc3\xbcsse und Erdnusserzeugnisse. Glutenhaltiges Getreide und glutenhaltige Getreideerzeugnisse. N\xc3\xbcsse und Nusserzeugnisse. Sellerie und Sellerieerzeugnisse. Sesamsamen und Sesamsamenerzeugnisse. Soja und Sojaerzeugnisse. Weizen und Weizenerzeugnisse (glutenhaltiges Getreide). Fisch und Fischerzeugnisse.N\xc3\xa4hrwerteDurchschnittliche N\xc3\xa4hrwerteUnzubereitet pro 100 gEnergie770 kJEnergie185 kcalFett13,2 gFett, davon ges\xc3\xa4ttigte Fetts\xc3\xa4uren1,2 gKohlenhydrate12,8 gKohlenhydrate, davon Zucker3 gEiwei\xc3\x9f2,6 gSalz1,3 gHinweiseAufbewahrungs- und Verwendungshinweis: Gek\xc3\xbchlt bei max. +7\xc2\xb0CArtikeldetailsMarke: HomannUrsprungsland: NiederlandeKontaktKontaktname: Signature Foods Deutschland GmbHKontaktadresse: Winkelhausenstra\xc3\x9fe 10, 49090 Osnabr\xc3\xbcckMaximale Bestellmenge: 15 St\xc3\xbcckF\xc3\xbcr die vorstehenden Angaben wird keine Haftung \xc3\xbcbernommen. Bitte pr\xc3\xbcfen Sie im Einzelfall die Angaben auf der jeweiligen Produktverpackung, nur diese sind verbindlich.Das Produktdesign kann von der Abbildung abweichen.'",Furtwanglerstr. 15,Rewe,Frische & Convenience,2023-07-09,"Gültig ab morgen bis Samstag, 15.07.2023"
Alta Badia,https://img.rewe-static.de/KLEIN28_2023/0351001/26962937-8_digital-image.png?impolicy=s-offers&imwidth=200&output-format=image/webp,,https://shop.rewe.de/productList?search=7686361,,"ital. Hartkäse, mind. 50% Fett i.Tr. , je 100 g",Aktion,"1,99 €","b'ProduktbeschreibungArtikelnummer 351001Frisch f\xc3\xbcr dich aus unserer Servicetheke. \n \nZutaten: pasteurisierte MILCH, Salz, MILCHS\xc3\x84UREBAKTERIEN, tierisches Lab, Konservierungsstoff: LYSOZYM (aus EI), Natamycin, Farbstoff: AMMONSULFITZUCKERKUL\xc3\x96R \n \nLaktosefrei* \n*Laktosegehalt: unter 0, 1g/100g \n \nRinde nicht zum Verzehr geeignet! \n \nN\xc3\xa4hrwerte je 100g: \nEnergie: 1704kJ \nEnergie: 411kcal \nFett: 33,5g \nFett, davon ges\xc3\xa4ttigte Fetts\xc3\xa4uren: 24,1g \nKohlenhydrate: 0,1g \nKohlenhydrate, davon Zucker: 0,1g \nEiwei\xc3\x9f: 27,3g \nSalz: 1,7g ArtikeldetailsEigenschaften: LaktosefreiMaximale Bestellmenge: 15 St\xc3\xbcckF\xc3\xbcr die vorstehenden Angaben wird keine Haftung \xc3\xbcbernommen. Bitte pr\xc3\xbcfen Sie im Einzelfall die Angaben auf der jeweiligen Produktverpackung, nur diese sind verbindlich.Das Produktdesign kann von der Abbildung abweichen.'",Furtwanglerstr. 15,Rewe,Frische & Convenience,2023-07-09,"Gültig ab morgen bis Samstag, 15.07.2023"
Campofrio Serrano-Schinken,https://img.rewe-static.de/KLEIN28_2023/0515409/31641266-6_digital-image.png?impolicy=s-offers&imwidth=200&output-format=image/webp,,https://shop.rewe.de/productList?search=7686361,,je 100 g,Aktion,"2,19 €","b'ProduktbeschreibungArtikelnummer 515409Frisch f\xc3\xbcr dich aus unserer Servicetheke. \n \nZutaten: Schweinefleisch, Salz, Konservierungsstoff: Kaliumnitrat, Natriumnitrit. \n \nN\xc3\xa4hrwerte je 100g: \nEnergie: 889kJ \nEnergie: 2120kcal \nFett: 10g \nFett, davon ges\xc3\xa4ttigte Fetts\xc3\xa4uren: 3,8g \nKohlenhydrate: 0,5g \nKohlenhydrate, davon Zucker: 0,5g \nEiwei\xc3\x9f: 30g \nSalz: 5g Zutaten & AllergeneAllergenhinweise: nullN\xc3\xa4hrwerteDurchschnittliche N\xc3\xa4hrwerteUnzubereitet pro 100 gEnergie889 kJEnergie212 kcalFett10 gFett, davon ges\xc3\xa4ttigte Fetts\xc3\xa4uren3,8 gKohlenhydrate0,5 gKohlenhydrate, davon Zucker0,5 gEiwei\xc3\x9f30 gSalz5 gArtikeldetailsMarke: CampofrioMaximale Bestellmenge: 15 St\xc3\xbcckF\xc3\xbcr die vorstehenden Angaben wird keine Haftung \xc3\xbcbernommen. Bitte pr\xc3\xbcfen Sie im Einzelfall die Angaben auf der jeweiligen Produktverpackung, nur diese sind verbindlich.Das Produktdesign kann von der Abbildung abweichen.'",Furtwanglerstr. 15,Rewe,Frische & Convenience,2023-07-09,"Gültig ab morgen bis Samstag, 15.07.2023"
Galbani Mozzarella Mini,https://img.rewe-static.de/KLEIN28_2023/0594382/965610-29_digital-image.png?impolicy=s-offers&imwidth=200&output-format=image/webp,,https://shop.rewe.de/productList?search=7686361,,"38% Fett i.Tr. , je 260-g-Pckg , (1 kg = 13.27) , 150-g-Abtropfgew.",Aktion,"1,99 €","b'ProduktbeschreibungArtikelnummer 594382Zutaten & AllergeneZutaten: pasteurisierte KuhMILCH, Lab, Salz, S\xc3\xa4uerungsmittel:Zitronens\xc3\xa4ureAllergenhinweise: Enth\xc3\xa4lt: Milch und Milcherzeugnisse (einschlie\xc3\x9flich Lactose).N\xc3\xa4hrwerteDurchschnittliche N\xc3\xa4hrwerteUnzubereitet pro 100 gEnergie819 kJEnergie197 kcalFett13,5 gFett, davon ges\xc3\xa4ttigte Fetts\xc3\xa4uren9,4 gKohlenhydrate1,3 gKohlenhydrate, davon Zucker0,6 gEiwei\xc3\x9f17,5 gSalz0,6 gHinweiseAufbewahrungs- und Verwendungshinweis: bei 8\xc2\xb0C mindestens haltbar bis: siehe VerpackungsaufdruckArtikeldetailsMarke: GalbaniNettof\xc3\xbcllmenge: 260 GUrsprungsland: ItalienAbtropfgewicht: 150 gKontaktKontaktname: Lactalis Deutschland GmbHKontaktadresse: Am Yachthafen 2, 77694 KehlMaximale Bestellmenge: 15 St\xc3\xbcckF\xc3\xbcr die vorstehenden Angaben wird keine Haftung \xc3\xbcbernommen. Bitte pr\xc3\xbcfen Sie im Einzelfall die Angaben auf der jeweiligen Produktverpackung, nur diese sind verbindlich.Das Produktdesign kann von der Abbildung abweichen.'",Furtwanglerstr. 15,Rewe,Frische & Convenience,2023-07-09,"Gültig ab morgen bis Samstag, 15.07.2023"
REWE Beste Wahl Gnocchi,https://img.rewe-static.de/KLEIN28_2023/0118000/23128380-35_digital-image.png?impolicy=s-offers&imwidth=200&output-format=image/webp,,https://shop.rewe.de/productList?search=7686361,,"frische, italienische Kartoffelklößchen aus 78% Kartoffelpüree , je 400-g-Btl , (1 kg = 3.73)",Aktion,"1,49 €","b'ProduktbeschreibungArtikelnummer 118000Zutaten & AllergeneZutaten: Kartoffelp\xc3\xbcree 80% (Wasser, Kartoffelflocken 16%), WEIZENMEHL, Kartoffelst\xc3\xa4rke, Reismehl, Speisesalz.  Kann Spuren von Soja enthalten.Allergenhinweise: Glutenhaltiges Getreide (Weizen, Gerste, Roggen, Hafer, Dinkel, Kamut oder Hybridst\xc3\xa4mme)N\xc3\xa4hrwerteDurchschnittliche N\xc3\xa4hrwertepro 100 gEnergie630 kJEnergie149 kcalFett0,6 gFett, davon ges\xc3\xa4ttigte Fetts\xc3\xa4uren0 gKohlenhydrate32 gKohlenhydrate, davon Zucker0,3 gEiwei\xc3\x9f3,3 gSalz1,08 gHinweiseAufbewahrungshinweise:  Nach dem \xc3\x96ffnen k\xc3\xbchl lagern und innerhalb von drei Tagen verzehren.Verwendungshinweise: Bei +4 \xc2\xb0C bis +7 \xc2\xb0CArtikeldetailsMarke: REWE Beste WahlUrsprungsland: ItalienPackungsgr\xc3\xb6\xc3\x9fe: 400gKontaktKontaktname: CIEMME ALIMENTARI S.R.L.Kontaktadresse: VIA FOGGIA, 28/30, BARLETTA, 76121, ItalienMaximale Bestellmenge: 15 St\xc3\xbcckF\xc3\xbcr die vorstehenden Angaben wird keine Haftung \xc3\xbcbernommen. Bitte pr\xc3\xbcfen Sie im Einzelfall die Angaben auf der jeweiligen Produktverpackung, nur diese sind verbindlich.Das Produktdesign kann von der Abbildung abweichen.'",Furtwanglerstr. 15,Rewe,Frische & Convenience,2023-07-09,"Gültig ab morgen bis Samstag, 15.07.2023"
Milram Müritzer Scheiben,https://img.rewe-static.de/KLEIN28_2023/7215406/27484152-9_digital-image.png?impolicy=s-offers&imwidth=200&output-format=image/webp,,https://shop.rewe.de/productList?search=7686361,,"Schnittkäse, 55% Fett i.Tr. , je 150-g-Pckg , (1 kg = 9.93)",Knaller,"1,49 €","b'ProduktbeschreibungArtikelnummer 7215406Zutaten & AllergeneZutaten: pasteurisierte KUHMILCH, Speisesalz, S\xc3\xa4uerungskulturen, mikrobielles Lab, Farbstoff: Carotin, Annatto Norbixin(pflanzlicher Farbstoff)Allergenhinweise: Enth\xc3\xa4lt: Milch und Milcherzeugnisse (einschlie\xc3\x9flich Lactose).N\xc3\xa4hrwerteDurchschnittliche N\xc3\xa4hrwerteUnzubereitet pro 100 gEnergie1.599 kJEnergie386 kcalFett33 gFett, davon ges\xc3\xa4ttigte Fetts\xc3\xa4uren22,8 gKohlenhydrate< 0,1 gKohlenhydrate, davon Zucker< 0,1 gEiwei\xc3\x9f21 gSalz1,8 gCalcium650 mgHinweiseAufbewahrungs- und Verwendungshinweis: Unge\xc3\xb6ffnet bei +4\xc2\xb0C bis +8\xc2\xb0C mindestens haltbar bis: Nach dem \xc3\x96ffnen k\xc3\xbchl lagern und innerhalb weniger Tage verbrauchen.Information: unter Schutzatmosph\xc3\xa4re verpackt.ArtikeldetailsMarke: MilramEigenschaften: LaktosefreiUrsprungsland: DeutschlandKontaktKontaktname: DMK GmbHKontaktadresse: 27400 ZevenMaximale Bestellmenge: 15 St\xc3\xbcckF\xc3\xbcr die vorstehenden Angaben wird keine Haftung \xc3\xbcbernommen. Bitte pr\xc3\xbcfen Sie im Einzelfall die Angaben auf der jeweiligen Produktverpackung, nur diese sind verbindlich.Das Produktdesign kann von der Abbildung abweichen.'",Furtwanglerstr. 15,Rewe,Kühlung,2023-07-09,"Gültig ab morgen bis Samstag, 15.07.2023"
"Rama zum Streichen, Backen & Kochen",https://img.rewe-static.de/KLEIN28_2023/8826343/36666364-10_digital-image.png?impolicy=s-offers&imwidth=200&output-format=image/webp,,https://shop.rewe.de/productList?search=7686361,,"je 400-g-Becher , (1 kg = 2.98)",Knaller,"1,19 €","b'ProduktbeschreibungArtikelnummer 8826343100% nat\xc3\xbcrliche Zutaten, 100% Pflanzlich, \nGern k\xc3\xbchl lagern. Mit 100% nat\xc3\xbcrlichen Zutaten ist Rama auch k\xc3\xbchlschrankkalt immer einsatzbereit.Zutaten & AllergeneZutaten: pflanzliche \xc3\x96le und Fette (Raps, Palm, Sonnenblumen in ver\xc3\xa4nderlichen Gewichtsanteilen), Trinkwasser, Speisesalz (0.5%), Emulgatoren (Lecithine, Mono- und Diglyceride von Speisefetts\xc3\xa4uren), nat\xc3\xbcrliche Aromen, S\xc3\xa4uerungsmittel (Citronens\xc3\xa4ure), Vitamine (A, D, E), Farbstoff (Carotin).N\xc3\xa4hrwerteDurchschnittliche N\xc3\xa4hrwerteUnzubereitet pro 100 gEnergie2.235 kJEnergie536 kcalFett60 gFett, davon ges\xc3\xa4ttigte Fetts\xc3\xa4uren21 gKohlenhydrate< 0,5 gKohlenhydrate, davon Zucker< 0,5 gEiwei\xc3\x9f< 0,5 gSalz0,5 gVitamin A800 \xc2\xb5gVitamin D7,5 \xc2\xb5gVitamin E9,2 mgHinweiseAufbewahrungs- und Verwendungshinweis: Beste Lagerung zwischen +2\xc2\xb0C und +15 \xc2\xb0C.ArtikeldetailsMarke: RamaUrsprungsland: DeutschlandKontaktKontaktname: Upfield Deutschland GmbHKontaktadresse: Postfach 10 25 27 20017 HamburgMaximale Bestellmenge: 15 St\xc3\xbcckF\xc3\xbcr die vorstehenden Angaben wird keine Haftung \xc3\xbcbernommen. Bitte pr\xc3\xbcfen Sie im Einzelfall die Angaben auf der jeweiligen Produktverpackung, nur diese sind verbindlich.Das Produktdesign kann von der Abbildung abweichen.'",Furtwanglerstr. 15,Rewe,Kühlung,2023-07-09,"Gültig ab morgen bis Samstag, 15.07.2023"
Ehrmann Almighurt,https://img.rewe-static.de/KLEIN28_2023/7659300/9176090-16_digital-image.png?impolicy=s-offers&imwidth=200&output-format=image/webp,,https://shop.rewe.de/productList?search=7686361,,"versch. Sorten , je 150-g-Becher , (1 kg = 2.20)",Knaller,"0,33 €","b'ProduktbeschreibungArtikelnummer 7659300Erlesene Fruchtzubereitung aus Deutschland.Gute Allg\xc3\xa4uer Milch von Familienh\xc3\xb6fen.Zutaten & AllergeneZutaten: JOGHURT mild, Zucker, Heidelbeeren 6,8%, modifizierte St\xc3\xa4rke, f\xc3\xa4rbendes Pflanzenkonzentrat (Karotte), Verdickungsmittel (Pektine, Guarkernmehl), Aroma. Ohne Konservierungsstoffe.Allergenhinweise: Enth\xc3\xa4lt: JoghurtEnth\xc3\xa4lt: Milch und Milcherzeugnisse (einschlie\xc3\x9flich Lactose). Milchzucker (Laktose).N\xc3\xa4hrwerteDurchschnittliche N\xc3\xa4hrwerteUnzubereitet pro 100 gEnergie389 kJEnergie92 kcalFett2,7 gFett, davon ges\xc3\xa4ttigte Fetts\xc3\xa4uren1,8 gKohlenhydrate14 gKohlenhydrate, davon Zucker13 gEiwei\xc3\x9f3 gSalz0,1 gHinweiseAufbewahrungs- und Verwendungshinweis: Bei max. +8 \xc2\xb0C mindestens haltbar bis: siehe DeckelArtikeldetailsMarke: EhrmannUrsprungsland: DeutschlandSorte: HeidelbeereKontaktKontaktname: Ehrmann GmbHKontaktadresse: A.-Ehrmann-Stra\xc3\x9fe 2, 87770 Obersch\xc3\xb6neggMaximale Bestellmenge: 15 St\xc3\xbcckF\xc3\xbcr die vorstehenden Angaben wird keine Haftung \xc3\xbcbernommen. Bitte pr\xc3\xbcfen Sie im Einzelfall die Angaben auf der jeweiligen Produktverpackung, nur diese sind verbindlich.Das Produktdesign kann von der Abbildung abweichen.'",Furtwanglerstr. 15,Rewe,Kühlung,2023-07-09,"Gültig ab morgen bis Samstag, 15.07.2023"
Mövenpick Caffè Macchiato,https://img.rewe-static.de/KLEIN28_2023/2807955/969690-46_digital-image.png?impolicy=s-offers&imwidth=200&output-format=image/webp,,https://shop.rewe.de/productList?search=7686361,,"koffeinhaltig , je 190-ml-Becher , (1 l = 4.68)",Aktion,"0,89 €","b'ProduktbeschreibungArtikelnummer 2807955F\xc3\xbcr alle, die es gerne mild und cremig m\xc3\xb6gen, ist unser ""Iced Coffee Macchiato"" genau das Richtige. Hier treffen feinste Hochland-Arabica-Bohnen auf Robusta-Bohnen und einen Schuss Vollmilch und kreieren so einen einzigartigen runden und harmonischen Milchkaffee.Zutaten & AllergeneZutaten: 79 % VOLLMILCH, 16% Kaffee (fl\xc3\xbcssiger Kaffee-Extrakt, Wasser), Zucker, Verdickungsmittel: Carrageen. Koffeingehalt: ca. 34 mg/100 mlAllergenhinweise: Enth\xc3\xa4lt: Milch und Milcherzeugnisse (einschlie\xc3\x9flich Lactose).N\xc3\xa4hrwerteDurchschnittliche N\xc3\xa4hrwerteUnzubereitet pro 100 gEnergie351 kJEnergie82 kcalFett3,7 gFett, davon ges\xc3\xa4ttigte Fetts\xc3\xa4uren2,6 gKohlenhydrate9,2 gKohlenhydrate, davon Zucker8,8 gEiwei\xc3\x9f3,4 gSalz0,1 gHinweiseAufbewahrungs- und Verwendungshinweis: Bei +8\xc2\xb0C mindestens haltbar bis: siehe DeckelArtikeldetailsMarke: M\xc3\xb6venpickUrsprungsland: DeutschlandSorte: MacchiatoKontaktKontaktname: Privatmolkerei BauerKontaktadresse: 83512 Wasserburg/InnMaximale Bestellmenge: 15 St\xc3\xbcckF\xc3\xbcr die vorstehenden Angaben wird keine Haftung \xc3\xbcbernommen. Bitte pr\xc3\xbcfen Sie im Einzelfall die Angaben auf der jeweiligen Produktverpackung, nur diese sind verbindlich.Das Produktdesign kann von der Abbildung abweichen.'",Furtwanglerstr. 15,Rewe,Kühlung,2023-07-09,"Gültig ab morgen bis Samstag, 15.07.2023"
Mövenpick Caffè Cappuccino,https://img.rewe-static.de/KLEIN28_2023/0021685/21145285-37_digital-image.png?impolicy=s-offers&imwidth=200&output-format=image/webp,,https://shop.rewe.de/productList?search=7686361,,"koffeinhaltig , je 189-ml-Becher , (1 l = 4.71)",Aktion,"0,89 €","b'ProduktbeschreibungArtikelnummer 21685F\xc3\xbcr alle, die es gerne mild und schokoladig m\xc3\xb6gen, ist unser ""Iced Coffee Cappuccino"" genau das Richtige. Hier treffen feinste Hochland-Arabica-Bohnen auf Robusta-Bohnen, beste Milch und feinsten Kakao. Ein cremig-schokoladiger Eiskaffee - f\xc3\xbcr echte Cappuccino-Freunde.Zutaten & AllergeneZutaten: 79% fettarme MILCH, 16% Kaffee (fl\xc3\xbcssiger Kaffee-Extrakt, Wasser), Zucker, 0,5% Kakaopulver, Verdickungsmittel Carrageen. Koffeingehalt: ca. 37 mg/100 mlAllergenhinweise: Enth\xc3\xa4lt: Milch und Milcherzeugnisse (einschlie\xc3\x9flich Lactose).N\xc3\xa4hrwerteDurchschnittliche N\xc3\xa4hrwerteUnzubereitet pro 100 gEnergie277 kJEnergie66 kcalFett1,5 gFett, davon ges\xc3\xa4ttigte Fetts\xc3\xa4uren1 gKohlenhydrate9,4 gKohlenhydrate, davon Zucker8,9 gEiwei\xc3\x9f3,6 gSalz0,1 gHinweiseAufbewahrungs- und Verwendungshinweis: Bei +8\xc2\xb0C mindestens haltbar: siehe DeckelArtikeldetailsMarke: M\xc3\xb6venpickUrsprungsland: DeutschlandSorte: CappuccinoKontaktKontaktname: Privatmolkerei BauerKontaktadresse: 83512 WasserburgMaximale Bestellmenge: 15 St\xc3\xbcckF\xc3\xbcr die vorstehenden Angaben wird keine Haftung \xc3\xbcbernommen. Bitte pr\xc3\xbcfen Sie im Einzelfall die Angaben auf der jeweiligen Produktverpackung, nur diese sind verbindlich.Das Produktdesign kann von der Abbildung abweichen.'",Furtwanglerstr. 15,Rewe,Kühlung,2023-07-09,"Gültig ab morgen bis Samstag, 15.07.2023"
Weihenstephan Butter oder die Streichzarte,https://img.rewe-static.de/KLEIN28_2023/5005051/24074982-44_digital-image.png?impolicy=s-offers&imwidth=200&output-format=image/webp,,https://shop.rewe.de/productList?search=7686361,,"versch. Sorten , je 250-g-Pckg , (1 kg = 6.36)",Aktion,"1,59 €","b'ProduktbeschreibungArtikelnummer 5005051Zutaten & AllergeneAllergenhinweise: Enth\xc3\xa4lt: Milch und Milcherzeugnisse (einschlie\xc3\x9flich Lactose).N\xc3\xa4hrwerteDurchschnittliche N\xc3\xa4hrwerteUnzubereitet pro 100 gEnergie3.074 kJEnergie747 kcalFett82 gFett, davon ges\xc3\xa4ttigte Fetts\xc3\xa4uren55 gKohlenhydrate1 gKohlenhydrate, davon Zucker1 gEiwei\xc3\x9f0,6 gSalz0,04 gHinweiseAufbewahrungs- und Verwendungshinweis: Bei maximal +8 \xc2\xb0C mindestens haltbar bis: siehe Verpackungsaufdruck.ArtikeldetailsMarke: WeihenstephanUrsprungsland: DeutschlandKontaktKontaktname: Molkerei Weihenstephan GmbH & Co. KGKontaktadresse: Milchstr. 1, D-85354 FreisingMaximale Bestellmenge: 15 St\xc3\xbcckF\xc3\xbcr die vorstehenden Angaben wird keine Haftung \xc3\xbcbernommen. Bitte pr\xc3\xbcfen Sie im Einzelfall die Angaben auf der jeweiligen Produktverpackung, nur diese sind verbindlich.Das Produktdesign kann von der Abbildung abweichen.'",Furtwanglerstr. 15,Rewe,Kühlung,2023-07-09,"Gültig ab morgen bis Samstag, 15.07.2023"
Brunch Brotaufstrich,https://img.rewe-static.de/KLEIN28_2023/8864032/37520400-10_digital-image.png?impolicy=s-offers&imwidth=200&output-format=image/webp,,https://shop.rewe.de/productList?search=7686361,,"versch. Sorten , je 185-g-Becher , (1 kg = 6.43)",Aktion,"1,19 €","b'ProduktbeschreibungArtikelnummer 8864032Brunch Natur. Genuss durch den unverwechselbaren Geschmack und die besonders cremige Textur. Ideal nicht nur zum Streichen sondern auch zum Kochen, Dippen und Backen.\nHergestellt mit Milch aus der Bodensee - Region.Zutaten & AllergeneZutaten: 66% RAHM, 28% MAGERMILCHJOGHURT, MILCHEIWEI\xc3\x9f, St\xc3\xa4rke, Speisesalz, Verdickungsmittel: Agar-Agar, Pektin.Allergenhinweise: MilchEnth\xc3\xa4lt: Milch und Milcherzeugnisse (einschlie\xc3\x9flich Lactose).N\xc3\xa4hrwerteDurchschnittliche N\xc3\xa4hrwerteUnzubereitet pro 100 gEnergie907 kJEnergie219 kcalFett20 gFett, davon ges\xc3\xa4ttigte Fetts\xc3\xa4uren13 gKohlenhydrate4,5 gKohlenhydrate, davon Zucker3,3 gEiwei\xc3\x9f5,3 gSalz0,7 gHinweiseAufbewahrungs- und Verwendungshinweis: D+A: Bei +2 bis +10\xc2\xb0C mindestens haltbar bis: siehe Verpackungsaufdruck CH: Zu verbrauchen bis: siehe VerpackungsaufdruckArtikeldetailsMarke: BrunchUrsprungsland: DeutschlandKontaktKontaktname: Edelweiss GmbH & Co.KGKontaktadresse: D-87435 KemptenMaximale Bestellmenge: 15 St\xc3\xbcckF\xc3\xbcr die vorstehenden Angaben wird keine Haftung \xc3\xbcbernommen. Bitte pr\xc3\xbcfen Sie im Einzelfall die Angaben auf der jeweiligen Produktverpackung, nur diese sind verbindlich.Das Produktdesign kann von der Abbildung abweichen.'",Furtwanglerstr. 15,Rewe,Kühlung,2023-07-09,"Gültig ab morgen bis Samstag, 15.07.2023"
Müller Kalinka Kefir oder Ayran,https://img.rewe-static.de/KLEIN28_2023/2464084/36823096-10_digital-image.png?impolicy=s-offers&imwidth=200&output-format=image/webp,,https://shop.rewe.de/productList?search=7686361,,"je 500-g-Fl , (1 kg = 1.78)",Aktion,"0,89 €","b'ProduktbeschreibungArtikelnummer 2464084Zutaten & AllergeneAllergenhinweise: Enth\xc3\xa4lt: Milch und Milcherzeugnisse (einschlie\xc3\x9flich Lactose).N\xc3\xa4hrwerteDurchschnittliche N\xc3\xa4hrwerteUnzubereitet pro 100 gEnergie193 kJEnergie46 kcalFett1,5 gFett, davon ges\xc3\xa4ttigte Fetts\xc3\xa4uren1 gKohlenhydrate4,1 gKohlenhydrate, davon Zucker4,1 gEiwei\xc3\x9f3,4 gSalz0,12 gRiboflavin0,15 mgCalcium133 mgHinweiseAufbewahrungs- und Verwendungshinweis: Bei unter +8\xc2\xb0C mindestens haltbar bis: siehe Deckelaufdruck.Information: Neben einer abwechslungsreichen und ausgewogenen Ern\xc3\xa4hrung ist eine gesunde Lebensweise f\xc3\xbcr Ihr Wohlbefinden wichtig.ArtikeldetailsMarke: M\xc3\xbcllerUrsprungsland: DeutschlandKontaktKontaktname: Molkerei Alois M\xc3\xbcller GmbH & Co. KGKontaktadresse: Zollerstra\xc3\x9fe 7, DE-86850 AretsriedMaximale Bestellmenge: 15 St\xc3\xbcckF\xc3\xbcr die vorstehenden Angaben wird keine Haftung \xc3\xbcbernommen. Bitte pr\xc3\xbcfen Sie im Einzelfall die Angaben auf der jeweiligen Produktverpackung, nur diese sind verbindlich.Das Produktdesign kann von der Abbildung abweichen.'",Furtwanglerstr. 15,Rewe,Kühlung,2023-07-09,"Gültig ab morgen bis Samstag, 15.07.2023"
Bertolli Brotaufstrich,https://img.rewe-static.de/KLEIN28_2023/4942531/3398660-52_digital-image.png?impolicy=s-offers&imwidth=200&output-format=image/webp,,https://shop.rewe.de/productList?search=7686361,,"mit mildem Olivenöl , je 250-g-Becher , (1 kg = 5.56)",Aktion,"1,39 €","b'ProduktbeschreibungArtikelnummer 4942531- Das Gute des Olivenbaums \n- Enth\xc3\xa4lt viele einfach unges\xc3\xa4ttigte Fetts\xc3\xa4uren \n- F\xc3\xbcr eine gesunde, ausgewogene Ern\xc3\xa4hrung. \n- Passt hervorragend zu herzhafen Brotbel\xc3\xa4gen \n- Aber auch zu S\xc3\xbc\xc3\x9fem, wie Marmelade oder Honig \n \nDas \xe2\x80\x9eGute des Olivenbaums\xe2\x80\x9c t\xc3\xa4glich aufs Brot! \nDer BERTOLLI Brotaufstrich enth\xc3\xa4lt viele einfach unges\xc3\xa4ttigte Fetts\xc3\xa4uren, die einen wichtigen Bestandteil der traditionellen mediterranen Ern\xc3\xa4hrung darstellen. \nDer BERTOLLI Brotaufstrich tr\xc3\xa4gt somit dem Trend nach einer gesunden und ausgewogenen Ern\xc3\xa4hrung Rechnung. \nEr passt hervorragend sowohl zu herzhaften Brotbel\xc3\xa4gen als auch zu S\xc3\xbc\xc3\x9fem, wie Marmelade oder Honig. Zu den beliebtesten Brotsorten geh\xc3\xb6ren Focaccia, Tramezzino, Ciabatta und Bruschetta. Die mediterranen Brotspezialit\xc3\xa4ten werden oft zusammen mit Tomaten, Oliven und anderen Leckereien als kleiner Imbiss f\xc3\xbcr zwischendurch gereicht. \nDie K\xc3\xbcche Italiens geh\xc3\xb6rt zu den bekanntesten und beliebtesten K\xc3\xbcchen der Welt. Vollkommen zu Recht, denn sie besticht durch ihre frischen Zutaten, ihren Abwechslungsreichtum und gilt zudem als gesund. Hier finden Sie typisch italienische K\xc3\xb6stlichkeiten, mit denen Sie sich \xe2\x80\x9ela Dolce Vita\xe2\x80\x9c in Ihr eigenes Zuhause holen k\xc3\xb6nnen. \n \nBERTOLLI Brotaufstrich ist in 250g und 500g Packungen erh\xc3\xa4ltlich.... mehr anzeigenDas Gute des OlivenbaumsZutaten & AllergeneZutaten: Trinkwasser, pflanzliche \xc3\x96le und Fette (Raps, Palm, Palm ganz geh\xc3\xa4rtet), 7,5% Oliven\xc3\xb6l, BUTTERMILCH, modifizierte St\xc3\xa4rke, Speisesalz (0,4%), Emulgatoren (Mono- und Diglyceride von Speisefetts\xc3\xa4uren, Lecithine), Konservierungsstoff (Kaliumsorbat), S\xc3\xa4uerungsmittel (Citronens\xc3\xa4ure), Aroma, Vitamine (A, D), Farbstoff (Carotin).Allergenhinweise: Enth\xc3\xa4lt: Milch und Milcherzeugnisse (einschlie\xc3\x9flich Lactose).N\xc3\xa4hrwerteDurchschnittliche N\xc3\xa4hrwerteUnzubereitet pro 100 gEnergie1.445 kJEnergie339 kcalFett38 gFett, davon ges\xc3\xa4ttigte Fetts\xc3\xa4uren9 gKohlenhydrate1,7 gKohlenhydrate, davon Zucker< 0,5 gEiwei\xc3\x9f< 0,5 gSalz0,4 gVitamin A800 \xc2\xb5gVitamin D7,5 \xc2\xb5gHinweiseAufbewahrungs- und Verwendungshinweis: Beste Lagerung zwischen +2\xc2\xb0C und +15\xc2\xb0CArtikeldetailsMarke: BertolliUrsprungsland: NiederlandePackungsgr\xc3\xb6\xc3\x9fe: 250gKontaktKontaktname: Upfield Deutschland GmbHKontaktadresse: Valentinskamp 88-90, 20355 HamburgMaximale Bestellmenge: 15 St\xc3\xbcckF\xc3\xbcr die vorstehenden Angaben wird keine Haftung \xc3\xbcbernommen. Bitte pr\xc3\xbcfen Sie im Einzelfall die Angaben auf der jeweiligen Produktverpackung, nur diese sind verbindlich.Das Produktdesign kann von der Abbildung abweichen.'",Furtwanglerstr. 15,Rewe,Kühlung,2023-07-09,"Gültig ab morgen bis Samstag, 15.07.2023"
Dr. Oetker Sahne Pudding oder Rote Grütze,https://img.rewe-static.de/KLEIN28_2023/5905362/30785463-12_digital-image.png?impolicy=s-offers&imwidth=200&output-format=image/webp,,https://shop.rewe.de/productList?search=7686361,,"je 500-g-Becher , (1 kg = 3.98)",Aktion,"1,99 €","b'ProduktbeschreibungArtikelnummer 5905362Unser Dr. Oetker L\xc3\xb6ffelgl\xc3\xbcck Sahne Pudding Vollmilch-Schokolade ist ein beliebter Klassiker aus vollmundiger Sahne und echter Vollmilch-Schokolade. Seine sahnig-cremige Konsistenz und sein nat\xc3\xbcrlicher, schokoladiger Geschmack machen ihn zum Lieblingsdessert, welches perfekt zu Fr\xc3\xbcchten und Vanille-So\xc3\x9fe kombiniert oder einfach pur genossen werden kann. Mit dem L\xc3\xb6ffelgl\xc3\xbcck Sahne Pudding Vollmilch-Schokolade schenkst du dir oder deinen Liebsten einen Moment voll Genuss und ein Gef\xc3\xbchl von Zuhause und Geborgenheit. Der Dr. Oetker L\xc3\xb6ffelgl\xc3\xbcck Sahne Pudding Vollmilch-Schokolade im 500g Becher aus dem K\xc3\xbchlregal ist ideal f\xc3\xbcr den gro\xc3\x9fen Genussmoment und zum Teilen. Es gibt ihn auch im praktischen 200g Becher f\xc3\xbcr zwischendurch oder als Nachtisch.Zutaten & AllergeneZutaten: 85% SAHNE, Zucker, modifizierte St\xc3\xa4rke (Mais), 2,2% fettarmer Kakao, 1,5% VOLLMILCHSCHOKOLADE (Zucker, Kakaobutter, VOLLMILCHPULVER, Kakaomasse, MAGERMILCHPULVER, Emulgator (SOJALECITHINE), Aroma), Maisst\xc3\xa4rke, Verdickungsmittel (Carrageen).Allergenhinweise: Enth\xc3\xa4lt: Soja und Sojaerzeugnisse. Milch und Milcherzeugnisse (einschlie\xc3\x9flich Lactose).N\xc3\xa4hrwerteDurchschnittliche N\xc3\xa4hrwerteUnzubereitet pro 100 gEnergie671 kJEnergie161 kcalFett9,3 gFett, davon ges\xc3\xa4ttigte Fetts\xc3\xa4uren5,9 gKohlenhydrate15 gKohlenhydrate, davon Zucker13 gEiwei\xc3\x9f3,3 gSalz0,11 gHinweiseAufbewahrungs- und Verwendungshinweis: Nach dem \xc3\x96ffnen z\xc3\xbcgig genie\xc3\x9fen. Bei +8 \xc2\xb0C lagern.ArtikeldetailsMarke: Dr. OetkerUrsprungsland: DeutschlandSorte: Vollmilch-SchokoKontaktKontaktname: DR. AUGUST OETKER NAHRUNGSMITTEL KGKontaktadresse: 33547 BielefeldMaximale Bestellmenge: 15 St\xc3\xbcckF\xc3\xbcr die vorstehenden Angaben wird keine Haftung \xc3\xbcbernommen. Bitte pr\xc3\xbcfen Sie im Einzelfall die Angaben auf der jeweiligen Produktverpackung, nur diese sind verbindlich.Das Produktdesign kann von der Abbildung abweichen.'",Furtwanglerstr. 15,Rewe,Kühlung,2023-07-09,"Gültig ab morgen bis Samstag, 15.07.2023"
Mövenpick Stracciatella Classico,https://img.rewe-static.de/KLEIN28_2023/8725654/35463369-11_digital-image.png?impolicy=s-offers&imwidth=200&output-format=image/webp,,https://shop.rewe.de/productList?search=7686361,,"je 900-ml-Becher , (1 l = 2.21)",Aktion,"1,99 €","b'ProduktbeschreibungArtikelnummer 8725654Cremiges Eis mit Stracciatellageschmack mit Schokoladenst\xc3\xbcckchen und einer Schokoladensauce.Zutaten & AllergeneZutaten: Entrahmte MILCH, MOLKENERZEUGNIS, Glukosesirup, Zucker, Kokosfett, Soja\xc3\xb6l, VOLLMILCHPULVER, fettarmer Kakao** (1,3 %), Kakaobutter**, Kakaomasse**, Emulgatoren (Mono- und Diglyceride von Speisefetts\xc3\xa4uren, Lecithine (SOJA)), Verdickungsmittel (Johannisbrotkernmehl, Guarkernmehl), nat\xc3\xbcrliche Aromen (enthalten MILCH), Aroma. **Rainforest Alliance-zertifiziert. Mehr Informationen unter ra.org. KANN SCHALENFR\xc3\x9cCHTE, GLUTENHALTIGE GETREIDE UND EIER ENTHALTEN. Wichtig: Kleinkinder (unter 4 Jahren) verf\xc3\xbcgen \xc3\xbcber eine verminderte Kauf\xc3\xa4higkeit und k\xc3\xb6nnten sich an kleinen St\xc3\xbcckchen verschlucken.Allergenhinweise: Milch, Molkenerzeugnis, Schlagsahne, SojaEnth\xc3\xa4lt: Milch und Milcherzeugnisse (einschlie\xc3\x9flich Lactose). Soja und Sojaerzeugnisse. Kann enthalten: Eier und Eierzeugnisse. N\xc3\xbcsse und Nusserzeugnisse. Glutenhaltiges Getreide und glutenhaltige Getreideerzeugnisse.N\xc3\xa4hrwerteDurchschnittliche N\xc3\xa4hrwerteUnzubereitet pro 100 gEnergie1.079 kJEnergie258 kcalFett15 gFett, davon ges\xc3\xa4ttigte Fetts\xc3\xa4uren9,9 gKohlenhydrate28 gKohlenhydrate, davon Zucker23 gBallaststoffe0,7 gEiwei\xc3\x9f2,9 gSalz0,09 gHinweiseAufbewahrungs- und Verwendungshinweis: Bei -18 \xc2\xb0C mindestens haltbar bis Ende: siehe VerpackungsaufdruckInformation: Wichtig: Kleinkinder (unter 4 Jahren) verf\xc3\xbcgen \xc3\xbcber eine verminderte Kauf\xc3\xa4higkeit und k\xc3\xb6nnten sich an kleinen St\xc3\xbcckchen verschlucken. Packung enth\xc3\xa4lt 9 Portionen. Portionen sollten f\xc3\xbcr Kinder entsprechend ihrem Alter angepasst werden.ArtikeldetailsMarke: M\xc3\xb6venpickUrsprungsland: DeutschlandKontaktKontaktname: FRONERI Sch\xc3\xb6ller GmbHKontaktadresse: D-90419 N\xc3\xbcrnbergMaximale Bestellmenge: 15 St\xc3\xbcckF\xc3\xbcr die vorstehenden Angaben wird keine Haftung \xc3\xbcbernommen. Bitte pr\xc3\xbcfen Sie im Einzelfall die Angaben auf der jeweiligen Produktverpackung, nur diese sind verbindlich.Das Produktdesign kann von der Abbildung abweichen.'",Furtwanglerstr. 15,Rewe,Tiefkühl,2023-07-09,"Gültig ab morgen bis Samstag, 15.07.2023"
Mövenpick Salted Caramel,https://img.rewe-static.de/KLEIN28_2023/7713567/38472507-14_digital-image.png?impolicy=s-offers&imwidth=200&output-format=image/webp,,https://shop.rewe.de/productList?search=7686361,,"je 800-ml-Becher , (1 l = 2.49)",Aktion,"1,99 €","b'ProduktbeschreibungArtikelnummer 7713567Eis mit Vanillegeschmack, mit gesalzener Karamellsauce, Karamellst\xc3\xbcckchen und kakaobutterhaltigen Konfektst\xc3\xbcckchen mit KaramellgeschmackZutaten & AllergeneZutaten: Entrahmte MILCH, MOLKENERZEUGNIS, Glukosesirup, Zucker,pflanzliche Fette (Kokos, Shea), gezuckerte KONDENSMILCH (eingedickte VOLLMILCH, Zucker, MILCHZUCKER), gezuckerte KONDENSMAGERMILCH (eingedickte entrahmte MILCH, Zucker), Emulgatoren (Mono- und Diglyceride von Speisefetts\xc3\xa4uren, Lecithine), Verdickungsmittel (Johannisbrotkernmehl, Guarkernmehl), Kakaobutter*, Salz, VOLLMILCHPULVER, BUTTERFETT, Feuchthaltemittel (Glycerin), f\xc3\xa4rbende Frucht- und Gem\xc3\xbcsekonzentrate (schwarze Johannisbeere, Apfel, Zitrone, Karotte, Rettich), f\xc3\xa4rbendes Saflorkonzentrat, nat\xc3\xbcrliche Vanillearomen, Kakaomasse*, MILCHZUCKER, nat\xc3\xbcrliche Aromen. *Rainforest Alliance-zertifiziert. Mehr Informationen unter ra.org.KANN SCHALENFR\xc3\x9cCHTE, GLUTENHALTIGE GETREIDE, SOJA UND EIER ENTHALTEN. Wichtig: Kleinkinder (unter 4 Jahren) verf\xc3\xbcgen\xc3\xbcber eine verminderte Kauf\xc3\xa4higkeit und k\xc3\xb6nnten sich an kleinen St\xc3\xbcckchen verschlucken.Allergenhinweise: MILCH, MOLKENERZEUGNIS, KONDENSMILCH, VOLLMILCH, MILCHZUCKER, KONDENSMAGERMILCH, VOLLMILCHPULVER, BUTTERFETT.Enth\xc3\xa4lt: Milch und Milcherzeugnisse (einschlie\xc3\x9flich Lactose). Kann enthalten: Glutenhaltiges Getreide und glutenhaltige Getreideerzeugnisse. Eier und Eierzeugnisse. N\xc3\xbcsse und Nusserzeugnisse. Soja und Sojaerzeugnisse.N\xc3\xa4hrwerteDurchschnittliche N\xc3\xa4hrwerteUnzubereitet pro 100 gEnergie1.009 kJEnergie240 kcalFett9,5 gFett, davon ges\xc3\xa4ttigte Fetts\xc3\xa4uren8,2 gKohlenhydrate37 gKohlenhydrate, davon Zucker29 gBallaststoffe< 0,5 gEiwei\xc3\x9f2 gSalz0,29 gHinweiseAufbewahrungs- und Verwendungshinweis: Bei -18 \xc2\xb0C mindestens haltbar bis Ende: siehe VerpackungsaufdruckInformation: Wichtig: Kleinkinder (unter 4 Jahren) verf\xc3\xbcgen\xc3\xbcber eine verminderte Kauf\xc3\xa4higkeit und k\xc3\xb6nnten sich an kleinen St\xc3\xbcckchen verschlucken.ArtikeldetailsMarke: M\xc3\xb6venpickUrsprungsland: DeutschlandKontaktKontaktname: FRONERI Sch\xc3\xb6ller GmbHKontaktadresse: D-90419 N\xc3\xbcrnbergMaximale Bestellmenge: 15 St\xc3\xbcckF\xc3\xbcr die vorstehenden Angaben wird keine Haftung \xc3\xbcbernommen. Bitte pr\xc3\xbcfen Sie im Einzelfall die Angaben auf der jeweiligen Produktverpackung, nur diese sind verbindlich.Das Produktdesign kann von der Abbildung abweichen.'",Furtwanglerstr. 15,Rewe,Tiefkühl,2023-07-09,"Gültig ab morgen bis Samstag, 15.07.2023"
Dr. Oetker Ristorante Pizza Salame,https://img.rewe-static.de/KLEIN28_2023/8704774/34878457-20_digital-image.png?impolicy=s-offers&imwidth=200&output-format=image/webp,,https://shop.rewe.de/productList?search=7686361,,"tiefgefroren , je 320-g-Pckg , (1 kg = 6.22)",Aktion,"1,99 €","b'ProduktbeschreibungArtikelnummer 8704774Dr. Oetker Ristorante Pizza Salame ist belegt mit sonnengereiften Tomaten, K\xc3\xa4se, herzhafter Salami, ausgesuchten Kr\xc3\xa4utern und Gew\xc3\xbcrzen.Zubereitung:Bis zur Zubereitung gefroren aufbewahren.Backofen vorheizen: Ober-/Unterhitze: 220\xc2\xb0C, Hei\xc3\x9fluft: 200\xc2\xb0C, Gas: 4Folie entfernen, Pizza auf den Rost legen und auf mittlerer Einschubleiste 10-12 Minuten backen.Stelle sicher, dass das Produkt vor dem Verzehr vollst\xc3\xa4ndig durcherhitzt ist. Man kann die ""Ristorante Pizza Salame"" genie\xc3\x9fen, sobald der K\xc3\xa4se geschmolzen ist.Zutaten & AllergeneZutaten: WEIZENMEHL, 14% passierte Tomaten, 12% schnittfester MOZZARELLA K\xc3\x84SE, 12% Salami (Schweinefleisch, Speck, Salz, Gew\xc3\xbcrze, Dextrose, Zwiebelpulver, Knoblauchpulver, Gew\xc3\xbcrzextrakte, Stabilisator (Natriumnitrit), Antioxidationsmittel (Extrakt aus Rosmarin), Rauch), Wasser, 7,3% Tomatenkonzentrat, 4,6% EDAMER K\xc3\x84SE, Raps\xc3\xb6l, Backhefe, Salz, Zucker, Oliven\xc3\xb6l nativ extra, Oregano, Basilikum, Pfeffer, Paprika, Petersilie. Kann enthalten: SOJA, SENF.Allergenhinweise: Enth\xc3\xa4lt: Milch und Milcherzeugnisse (einschlie\xc3\x9flich Lactose). Glutenhaltiges Getreide und glutenhaltige Getreideerzeugnisse. Weizen und Weizenerzeugnisse (glutenhaltiges Getreide). Kann enthalten: Soja und Sojaerzeugnisse. Gerste und Gerstenerzeugnisse (glutenhaltiges Getreide). Roggen und Roggenerzeugnisse (glutenhaltiges Getreide). Dinkel und Dinkelerzeugnisse (glutenhaltiges Getreide). Hafer und Hafererzeugnisse (glutenhaltiges Getreide). Senf- und Senferzeugnisse.N\xc3\xa4hrwerteDurchschnittliche N\xc3\xa4hrwerteUnzubereitet pro 100 gEnergie1.093 kJEnergie261 kcalFett13 gFett, davon ges\xc3\xa4ttigte Fetts\xc3\xa4uren4,6 gKohlenhydrate25 gKohlenhydrate, davon Zucker2,9 gBallaststoffe2,3 gEiwei\xc3\x9f10 gSalz1,3 gHinweiseAufbewahrungs- und Verwendungshinweis: Nach dem Auftauen nicht wieder einfrieren. Bei -18 \xc2\xb0C lagern (***-Fach oder Tiefk\xc3\xbchltruhe).ArtikeldetailsMarke: Dr. OetkerUrsprungsland: DeutschlandKontaktKontaktname: DR. AUGUST OETKER NAHRUNGSMITTEL KGKontaktadresse: Lutterstra\xc3\x9fe 14 - 33617 BielefeldMaximale Bestellmenge: 15 St\xc3\xbcckF\xc3\xbcr die vorstehenden Angaben wird keine Haftung \xc3\xbcbernommen. Bitte pr\xc3\xbcfen Sie im Einzelfall die Angaben auf der jeweiligen Produktverpackung, nur diese sind verbindlich.Das Produktdesign kann von der Abbildung abweichen.'",Furtwanglerstr. 15,Rewe,Tiefkühl,2023-07-09,"Gültig ab morgen bis Samstag, 15.07.2023"
Dr. Oetker Bistro Flammkuchen Elsässer Art,https://img.rewe-static.de/KLEIN28_2023/8703784/34878422-11_digital-image.png?impolicy=s-offers&imwidth=200&output-format=image/webp,,https://shop.rewe.de/productList?search=7686361,,"tiefgefroren , je 265-g-Pckg , (1 kg = 7.51)",Aktion,"1,99 €","b'ProduktbeschreibungArtikelnummer 8703784Zutaten & AllergeneZutaten: WEIZENMEHL, 27% CR\xc3\x88ME FRA\xc3\x8eCHE, 15% Rohschinken (Schweinefleisch, Salz, Maltodextrin, Dextrose, Zucker, Gew\xc3\xbcrze, Gew\xc3\xbcrzextrakte, Stabilisator (Natriumnitrit), Rauch), Wasser, 5,4% Zwiebeln, Raps\xc3\xb6l, Oliven\xc3\xb6l nativ extra, Salz, Backhefe, Raucharoma, Aroma (enth\xc3\xa4lt WEIZEN), Pfeffer, Verdickungsmittel (Johannisbrotkernmehl, Xanthan), Muskatnuss. Kann enthalten: SOJA, SENF.Allergenhinweise: Enth\xc3\xa4lt: Milch und Milcherzeugnisse (einschlie\xc3\x9flich Lactose). Weizen und Weizenerzeugnisse (glutenhaltiges Getreide). Glutenhaltiges Getreide und glutenhaltige Getreideerzeugnisse. Kann enthalten: Dinkel und Dinkelerzeugnisse (glutenhaltiges Getreide). Roggen und Roggenerzeugnisse (glutenhaltiges Getreide). Senf- und Senferzeugnisse. Soja und Sojaerzeugnisse.N\xc3\xa4hrwerteDurchschnittliche N\xc3\xa4hrwerteUnzubereitet pro 100 gEnergie1.094 kJEnergie262 kcalFett14 gFett, davon ges\xc3\xa4ttigte Fetts\xc3\xa4uren6 gKohlenhydrate25 gKohlenhydrate, davon Zucker2,3 gBallaststoffe1,4 gEiwei\xc3\x9f7,9 gSalz1,2 gHinweiseAufbewahrungs- und Verwendungshinweis: Nach dem Auftauen nicht wieder einfrieren. Bei -18 \xc2\xb0C lagern (***-Fach oder Tiefk\xc3\xbchltruhe).ArtikeldetailsMarke: Dr. OetkerUrsprungsland: DeutschlandKontaktKontaktname: DR. AUGUST OETKER NAHRUNGSMITTEL KGKontaktadresse: Lutterstra\xc3\x9fe 14 - 33617 BielefeldMaximale Bestellmenge: 15 St\xc3\xbcckF\xc3\xbcr die vorstehenden Angaben wird keine Haftung \xc3\xbcbernommen. Bitte pr\xc3\xbcfen Sie im Einzelfall die Angaben auf der jeweiligen Produktverpackung, nur diese sind verbindlich.Das Produktdesign kann von der Abbildung abweichen.'",Furtwanglerstr. 15,Rewe,Tiefkühl,2023-07-09,"Gültig ab morgen bis Samstag, 15.07.2023"
Iglo Schlemmerfilet Bordelaise Classic,https://img.rewe-static.de/KLEIN28_2023/8030937/30477207-17_digital-image.png?impolicy=s-offers&imwidth=200&output-format=image/webp,,https://shop.rewe.de/productList?search=7686361,,"tiefgefroren , je 380-g-Pckg , (1 kg = 7.87)",Aktion,"2,99 €","b'ProduktbeschreibungArtikelnummer 8030937Zutaten & AllergeneZutaten: ALASKA SEELACHS-FILET (71%), Wasser, Raps\xc3\xb6l, Paniermehl (WEIZENMEHL, Wasser, Gew\xc3\xbcrze (Paprikapulver, Kurkuma), Salz, Hefe), Zwiebeln, Zitronensaft aus Zitronensaftkonzentrat, Petersilie, Salz, EIPULVER, St\xc3\xa4rke, Gew\xc3\xbcrze (Paprikapulver, Zwiebelpulver, Knoblauchpulver)N\xc3\xa4hrwerteDurchschnittliche N\xc3\xa4hrwerteUnzubereitet pro 100 gEnergie628 kJEnergie150 kcalFett8,7 gFett, davon ges\xc3\xa4ttigte Fetts\xc3\xa4uren0,7 gKohlenhydrate5 gKohlenhydrate, davon Zucker0,5 gBallaststoffe0,5 gEiwei\xc3\x9f13 gSalz1,2 gHinweiseAufbewahrungs- und Verwendungshinweis: Aufbewahrung zu Hause: Bei minus 18\xc2\xb0C (Tiefk\xc3\xbchltruhe oder ***-Fach) mindestens haltbar bis Ende: siehe Verpackungsaufdruck.ArtikeldetailsMarke: IgloUrsprungsland: DeutschlandKontaktKontaktname: iglo GmbHKontaktadresse: Postfach 570 521, 22774 HamburgMaximale Bestellmenge: 15 St\xc3\xbcckF\xc3\xbcr die vorstehenden Angaben wird keine Haftung \xc3\xbcbernommen. Bitte pr\xc3\xbcfen Sie im Einzelfall die Angaben auf der jeweiligen Produktverpackung, nur diese sind verbindlich.Das Produktdesign kann von der Abbildung abweichen.'",Furtwanglerstr. 15,Rewe,Tiefkühl,2023-07-09,"Gültig ab morgen bis Samstag, 15.07.2023"
Iglo Filegro Ofen-Backfisch,https://img.rewe-static.de/KLEIN28_2023/1148717/19141120-88_digital-image.png?impolicy=s-offers&imwidth=200&output-format=image/webp,,https://shop.rewe.de/productList?search=7686361,,"tiefgefroren , je 240-g-Pckg , (1 kg = 12.46)",Aktion,"2,99 €","b'ProduktbeschreibungArtikelnummer 1148717Das iglo Filegro Traditioneller Ofen-Backfisch enth\xc3\xa4lt 100% saftiges Alaska Seelachsfilet und ist umh\xc3\xbcllt von einem lecker-knusprigen Backteig, der speziell f\xc3\xbcr die Zubereitung im Ofen entwickelt wurde. \nIglo setzt ausschlie\xc3\x9flich auf den Einsatz von MSC zertifiziertem Fisch. Daher wird der Alaska Seelachs zu 100% aus verantwortungsbewussten Quellen bezogen und durch den Einsatz modernster Produktionsmethoden wird absolute Frische und Qualit\xc3\xa4t garantiert. \n- 100% Fischfilet\n- Umh\xc3\xbcllt mit lecker-knusprigen Backteig\n- Ohne Zusatz von k\xc3\xbcnstlichen Aromen, Farbstoffen und Geschmacksverst\xc3\xa4rkern\n- Nat\xc3\xbcrliche Quelle von Omega 3\n- Tiefgefroren... mehr anzeigenZutaten & AllergeneZutaten: ALASKA SEELACHS-FILET (54%), pflanzliches \xc3\x96l, WEIZENMEHL, Paniermehl (WEIZENMEHL, Salz, Traubenzucker), Wasser, Kartoffelst\xc3\xa4rke, WEIZENST\xc3\x84RKE, Salz, Backtriebmittel: Diphosphate und Natriumcarbonate, Maismehl, Traubenzucker, MAGERMILCHPULVER.N\xc3\xa4hrwerteDurchschnittliche N\xc3\xa4hrwerteUnzubereitet pro 100 gEnergie1.046 kJEnergie251 kcalFett14,5 gFett, davon ges\xc3\xa4ttigte Fetts\xc3\xa4uren1,3 gKohlenhydrate18,1 gKohlenhydrate, davon Zucker0,4 gBallaststoffe0,6 gEiwei\xc3\x9f11,6 gSalz1,25 gHinweiseAufbewahrungs- und Verwendungshinweis:  Aufbewahrung zu Hause: *** - Fach oder Tiefk\xc3\xbchltruhe (bei minus 18\xc2\xb0 C) mindestens haltbar bis Ende: sie Packungsseite, Aufbewahrung zu Hause: ** - Fach 2 Wochen, Aufbewahrung zu Hause: * - Fach einige Tage.ArtikeldetailsMarke: IgloUrsprungsland: DeutschlandKontaktKontaktname: iglo GmbHKontaktadresse: Postfach 570 521, 22774 HamburgMaximale Bestellmenge: 15 St\xc3\xbcckF\xc3\xbcr die vorstehenden Angaben wird keine Haftung \xc3\xbcbernommen. Bitte pr\xc3\xbcfen Sie im Einzelfall die Angaben auf der jeweiligen Produktverpackung, nur diese sind verbindlich.Das Produktdesign kann von der Abbildung abweichen.'",Furtwanglerstr. 15,Rewe,Tiefkühl,2023-07-09,"Gültig ab morgen bis Samstag, 15.07.2023"
Langnese Family Mix Multipackung,https://img.rewe-static.de/KLEIN28_2023/8900513/38330307-12_digital-image.png?impolicy=s-offers&imwidth=200&output-format=image/webp,,https://shop.rewe.de/productList?search=7686361,,"je 462-ml-Pckg , (1 l = 6.47)",Aktion,"2,99 €","b'ProduktbeschreibungArtikelnummer 8900513Ein Mix, der das Beste von Langnese zusammen bringt und f\xc3\xbcr jeden in der Familie etwas bietet. Der Family Mix besteht aus Flutschfinger (1x), Capri (2x), Magnum Mini Classic (2x), Cuja Mara Split (1x) und Nogger (1x).Zutaten & AllergeneZutaten: Langnese Family Mix - Capri Zutaten: Orangensaft aus Orangensaftkonzentrat (53%), Trinkwasser, Zucker, Glukose-Fruktose-Sirup, S\xc3\xa4ureregulator (Citronens\xc3\xa4ure), Stabilisatoren (Guarkernmehl, Tarakernmehl, Johannisbrotkernmehl), Farbstoff (Carotin), nat\xc3\xbcrliche Orangenaromen. Kann Milch und Soja enthalten. Langnese Family Mix - Cuja Mara Split Zutaten: Orangensaft aus Orangensaftkonzentrat (24%), entrahmte MILCH (21%), Passionsfruchtsaft aus Passionsfruchtsaftkonzentrat (15%), Trinkwasser, Zucker, Kokosfett, Glukosesirup, Glukose-Fruktose-Sirup, MOLKENERZEUGNIS, Fruktose, Stabilisatoren (Guarkernmehl, Johannisbrotkernmehl, Tarakernmehl), Farbstoff (Carotin), Emulgator (Mono- und Diglyceride von Speisefetts\xc3\xa4uren), nat\xc3\xbcrliches Vanillearoma\xc2\xb9, S\xc3\xa4ureregulator (Citronens\xc3\xa4ure). Kann Mandel, Ei, Haselnuss, Soja und Weizen enthalten. \xc2\xb9Rainforest Alliance-zertifiziert. Langnese Family Mix - Flutschfinger Zutaten: Trinkwasser, Zucker, Orangensaft aus Orangensaftkonzentrat (10%), Glukose-Fruktose-Sirup, Erdbeersaft aus Erdbeersaftkonzentrat (4,5%), Glukosesirup, Fruktose, Zitronensaft aus Zitronensaftkonzentrat (0,6%), S\xc3\xa4ureregulator (Citronens\xc3\xa4ure), Stabilisatoren (Johannisbrotkernmehl, Tarakernmehl, Guarkernmehl), Schwarze-Karotte-Konzentrat, F\xc3\xa4rberdistelkonzentrat, Farbstoffe (Paprikaextrakt, Kurkumin, Chlorophylle), Aromen. Kann Haselnuss, Milch, Soja und Weizen enthalten. Langnese Family Mix - Magnum Mini Classic Zutaten: Entrahmte MILCH, Zucker, Kakaobutter\xc2\xb9, Kakaomasse\xc2\xb9, Trinkwasser, Kokosfett, Glukosesirup, VOLLMILCHPULVER, Glukose-Fruktose-Sirup, MOLKENERZEUGNIS, BUTTERFETT, Emulgatoren (E471, Lecithine (SOJA), E476), vermahlene Vanilleschoten, Stabilisatoren (Johannisbrotkernmehl, Guarkernmehl, Carrageen), nat\xc3\xbcrliches Vanillearoma\xc2\xb9 (mit MILCH), Aroma, Farbstoff (Carotin). Kann Mandeln enthalten.\xc2\xb9Rainforest Alliance-zertifiziert. Langnese Family Mix - Nogger Zutaten: entrahmte MILCH, Kokosfett, Zucker, Glukose-Fruktose-Sirup, Trinkwasser, Glukosesirup, HASELNUSS-St\xc3\xbcckchen, fettarmer Kakao\xc2\xb9 (3%), WEIZENMEHL, MOLKENERZEUGNIS, MAGERMILCH-Pulver oder -Konzentrat, Stabilisatoren (Guarkernmehl, Johannisbrotkernmehl, Tarakernmehl), Emulgatoren (Mono- und Diglyceride von Speisefetts\xc3\xa4uren, Ammoniumphosphatide), Speisesalz, Backtriebmittel (Ammoniumcarbonate), nat\xc3\xbcrliches Vanillearoma\xc2\xb9. Kann Pistazie und Soja enthalten. \xc2\xb9Rainforest Alliance-zertifiziert.Allergenhinweise: Enth\xc3\xa4lt: Milch und Milcherzeugnisse (einschlie\xc3\x9flich Lactose). N\xc3\xbcsse und Nusserzeugnisse. Soja und Sojaerzeugnisse. Haselnuss und Haselnusserzeugnisse. Weizen und Weizenerzeugnisse (glutenhaltiges Getreide). Kann enthalten: Eier und Eierzeugnisse. Glutenhaltiges Getreide und glutenhaltige Getreideerzeugnisse.N\xc3\xa4hrwerteDurchschnittliche N\xc3\xa4hrwerteUnzubereitet pro 100 mlEnergie413 kJEnergie98 kcalFett< 0,5 gFett, davon ges\xc3\xa4ttigte Fetts\xc3\xa4uren< 0,1 gKohlenhydrate23 gKohlenhydrate, davon Zucker22 gEiwei\xc3\x9f< 0,5 gSalz< 0,01 gHinweiseAufbewahrungs- und Verwendungshinweis: Bei -18\xc2\xb0C mindestens haltbar bis Ende: siehe PackungsaufdruckArtikeldetailsMarke: LangneseUrsprungsland: UngarnKontaktKontaktname: Unilever DeutschlandKontaktadresse: Postfach 570 385, 22772 HamburgMaximale Bestellmenge: 15 St\xc3\xbcckF\xc3\xbcr die vorstehenden Angaben wird keine Haftung \xc3\xbcbernommen. Bitte pr\xc3\xbcfen Sie im Einzelfall die Angaben auf der jeweiligen Produktverpackung, nur diese sind verbindlich.Das Produktdesign kann von der Abbildung abweichen.'",Furtwanglerstr. 15,Rewe,Tiefkühl,2023-07-09,"Gültig ab morgen bis Samstag, 15.07.2023"
Leicht & Cross Knusper Rustica,https://img.rewe-static.de/KLEIN28_2023/8186660/28377819-16_digital-image.png?impolicy=s-offers&imwidth=200&output-format=image/webp,,https://shop.rewe.de/productList?search=7686361,,"versch. Sorten , je 130-g-Pckg , (1 kg = 7.62)",Aktion,"0,99 €","b'ProduktbeschreibungArtikelnummer 8186660Mein KnusperRustica Dreikorn: \xc3\x9cberzeugt mit einem besonders kr\xc3\xa4ftigen Geschmack von Roggen, Dinkel und Buchweizen \xe2\x80\x93 eine Kombination mit Biss.Zutaten & AllergeneZutaten: ROGGENVOLLKORNMEHL, ROGGENMEHL, DINKELWEIZENMEHL, Reismehl, ROGGENMALZMEHL, Zucker, Sonnenblumen\xc3\xb6l, Salz. Zur Herstellung von 100g des Produktes werden 40,5g Roggenvollkornmehl, 40g Roggenmehl, 11g Dinkelweizenmehl, 6g Reismehl und 5g Roggenmalzmehl verwendet. Kann Spuren enthalten von: SOJA, MILCH, EI, SESAM.Allergenhinweise: Enth\xc3\xa4lt: Roggen und Roggenerzeugnisse (glutenhaltiges Getreide). Dinkel und Dinkelerzeugnisse (glutenhaltiges Getreide). Kann enthalten: Soja und Sojaerzeugnisse. Milch und Milcherzeugnisse (einschlie\xc3\x9flich Lactose). Eier und Eierzeugnisse. Sesamsamen und Sesamsamenerzeugnisse.N\xc3\xa4hrwerteDurchschnittliche N\xc3\xa4hrwerteUnzubereitet pro 100 gEnergie1.554 kJEnergie367 kcalFett3 gFett, davon ges\xc3\xa4ttigte Fetts\xc3\xa4uren0,4 gKohlenhydrate72 gKohlenhydrate, davon Zucker3,7 gBallaststoffe8 gEiwei\xc3\x9f9,1 gSalz1,2 gHinweiseAufbewahrungs- und Verwendungshinweis: Nach dem \xc3\x96ffnen LEICHT&CROSS-Knusperbrot trocken aufbewahren und innerhalb weniger Tage verzehren. Vor W\xc3\xa4rme sch\xc3\xbctzen. Trocken lagern.Mindestens haltbar bis: siehe BodenArtikeldetailsMarke: Leicht & CrossEigenschaften: Vegan, Vegetarisch, LaktosefreiUrsprungsland: DeutschlandKontaktKontaktname: Griesson - de BeukelaerKontaktadresse: D-56751 PolchMaximale Bestellmenge: 15 St\xc3\xbcckF\xc3\xbcr die vorstehenden Angaben wird keine Haftung \xc3\xbcbernommen. Bitte pr\xc3\xbcfen Sie im Einzelfall die Angaben auf der jeweiligen Produktverpackung, nur diese sind verbindlich.Das Produktdesign kann von der Abbildung abweichen.'",Furtwanglerstr. 15,Rewe,Frühstück,2023-07-09,"Gültig ab morgen bis Samstag, 15.07.2023"
Lavazza Espresso Kaffeekapseln,https://img.rewe-static.de/KLEIN28_2023/8810470/35732285-9_digital-image.png?impolicy=s-offers&imwidth=200&output-format=image/webp,,https://shop.rewe.de/productList?search=7686361,,"je 57-g-Pckg , (1 kg = 43.68)",Aktion,"2,49 €","b'ProduktbeschreibungArtikelnummer 8810470ArtikeldetailsMarke: LavazzaUrsprungsland: ItalienKontaktKontaktname: Luigi Lavazza Deutschland GmbHKontaktadresse: Platz der Einheit 260327 Frankfurt/M.F\xc3\xbcr die vorstehenden Angaben wird keine Haftung \xc3\xbcbernommen. Bitte pr\xc3\xbcfen Sie im Einzelfall die Angaben auf der jeweiligen Produktverpackung, nur diese sind verbindlich.Das Produktdesign kann von der Abbildung abweichen.'",Furtwanglerstr. 15,Rewe,Frühstück,2023-07-09,"Gültig ab morgen bis Samstag, 15.07.2023"
Lavazza Tierra Kaffeekapseln,https://img.rewe-static.de/KLEIN28_2023/8751427/35732387-9_digital-image.png?impolicy=s-offers&imwidth=200&output-format=image/webp,,https://shop.rewe.de/productList?search=7686361,,"je 55-g-Pckg , (1 kg = 45.27)",Aktion,"2,49 €","b'ProduktbeschreibungArtikelnummer 8751427ArtikeldetailsMarke: LavazzaEigenschaften: BioUrsprungsland: Italien\xc3\x96ko Kontrollstelle: IT-BIO-009Ort der Erzeugung: EU-LandwirtschaftKontaktKontaktname: Luigi Lavazza Deutschland GmbHKontaktadresse: Platz der Einheit 2, 60327 Frankfurt/M.F\xc3\xbcr die vorstehenden Angaben wird keine Haftung \xc3\xbcbernommen. Bitte pr\xc3\xbcfen Sie im Einzelfall die Angaben auf der jeweiligen Produktverpackung, nur diese sind verbindlich.Das Produktdesign kann von der Abbildung abweichen.'",Furtwanglerstr. 15,Rewe,Frühstück,2023-07-09,"Gültig ab morgen bis Samstag, 15.07.2023"
Corny Müsliriegel Milch Classic,https://img.rewe-static.de/KLEIN28_2023/0544828/22736757-25_digital-image.png?impolicy=s-offers&imwidth=200&output-format=image/webp,,https://shop.rewe.de/productList?search=7686361,,"je 4 x 30-g-Riegel-Pckg , (1 kg = 10.75)",Knaller,"1,29 €","b'ProduktbeschreibungArtikelnummer 544828Ohne Zusatz von Konservierungsstoffen.* *lt. Gesetz\r\nOhne Farbstoffe\r\nCremig Lecker\r\nCream up your crunchZutaten & AllergeneZutaten: Kakaohaltige Getreidecrispies 17% (Reismehl, WEIZENMEHL, fettarmes Kakaopulver, VOLLMILCHPULVER 2%, Zucker, Maismehl, Salz), Cornflakes 15% (Mais, Zucker, Salz, GERSTENMALZEXTRAKT), Kokosfett, Glukosesirup, Glukose-Fruktose-Sirup, Oligofruktose, Traubenzucker, VOLLKORNHAFERFLOCKEN 5%, Honig 5%, Zucker, Palm\xc3\xb6l, VOLLMILCHPULVER 3%, MAGERMILCHPULVER 3%, Stabilisator Glycerin, Karamellzuckersirup, Salz, Emulgator Lecithine, nat\xc3\xbcrliche Aromen.Allergenhinweise: Enth\xc3\xa4lt: Glutenhaltiges Getreide und glutenhaltige Getreideerzeugnisse. Milch und Milcherzeugnisse (einschlie\xc3\x9flich Lactose). Kann enthalten: N\xc3\xbcsse und Nusserzeugnisse. Erdn\xc3\xbcsse und Erdnusserzeugnisse.N\xc3\xa4hrwerteDurchschnittliche N\xc3\xa4hrwerteUnzubereitet pro 100 gEnergie1.882 kJEnergie449 kcalFett19,1 gFett, davon ges\xc3\xa4ttigte Fetts\xc3\xa4uren16,1 gKohlenhydrate60,5 gKohlenhydrate, davon Zucker30,3 gBallaststoffe6,4 gEiwei\xc3\x9f5,8 gSalz0,74 gHinweiseAufbewahrungs- und Verwendungshinweis: Vor W\xc3\xa4rme sch\xc3\xbctzen. K\xc3\xbchl und trocken lagern.ArtikeldetailsMarke: CORNYUrsprungsland: DeutschlandKontaktKontaktname: Schwartauer Werke GmbH & Co. KGaAKontaktadresse: 23608 Bad SchwartauMaximale Bestellmenge: 15 St\xc3\xbcckF\xc3\xbcr die vorstehenden Angaben wird keine Haftung \xc3\xbcbernommen. Bitte pr\xc3\xbcfen Sie im Einzelfall die Angaben auf der jeweiligen Produktverpackung, nur diese sind verbindlich.Das Produktdesign kann von der Abbildung abweichen.'",Furtwanglerstr. 15,Rewe,Frühstück,2023-07-09,"Gültig ab morgen bis Samstag, 15.07.2023"
Corny Müsliriegel Schoko,https://img.rewe-static.de/KLEIN28_2023/0544800/1238460-61_digital-image.png?impolicy=s-offers&imwidth=200&output-format=image/webp,,https://shop.rewe.de/productList?search=7686361,,"je 6 x 25-g-Riegel-Pckg , (1 kg = 8.60)",Knaller,"1,29 €","b'ProduktbeschreibungArtikelnummer 544800Ohne Farbstoffe\r\nOhne Zusatz von Konservierungsstoffen*. *lt. Gesetz\r\nMit 10% Vollkorn\r\n24% MilchschokoladeZutaten & AllergeneZutaten: MILCHSCHOKOLADE 24% (Zucker, Kakaomasse, Kakaobutter, MAGERMILCHPULVER, BUTTERFETT, Emulgator Lecithine), Getreidecrispies (WEIZENMEHL, Zucker, Reismehl, Maismehl, GERSTENMALZEXTRAKT, Salz, Karamellzuckersirup), Glukosesirup, Glukose-Fruktose-Sirup, Vollkorngetreideflocken 10% (HAFER-, WEIZEN-, GERSTEN-), ger\xc3\xb6stete ERDN\xc3\x9cSSE, Zucker, Kokosfett, Cornflakes (Mais, Salz, GERSTENMALZEXTRAKT), Honig 1%, nat\xc3\xbcrliches Aroma, Salz, Karamellzuckersirup, Emulgator LecithineAllergenhinweise: Enth\xc3\xa4lt: Glutenhaltiges Getreide und glutenhaltige Getreideerzeugnisse. Erdn\xc3\xbcsse und Erdnusserzeugnisse. Milch und Milcherzeugnisse (einschlie\xc3\x9flich Lactose). Kann enthalten: Haselnuss und Haselnusserzeugnisse. Mandeln und Mandelerzeugnisse.N\xc3\xa4hrwerteDurchschnittliche N\xc3\xa4hrwerteUnzubereitet pro 100 gEnergie1.914 kJEnergie456 kcalFett17,5 gFett, davon ges\xc3\xa4ttigte Fetts\xc3\xa4uren10,2 gKohlenhydrate66,6 gKohlenhydrate, davon Zucker34,1 gBallaststoffe3,3 gEiwei\xc3\x9f6,3 gSalz0,51 gHinweiseAufbewahrungs- und Verwendungshinweis: Vor W\xc3\xa4rme sch\xc3\xbctzen. K\xc3\xbchl und trocken lagern.ArtikeldetailsMarke: CORNYUrsprungsland: DeutschlandSorte: SchokoKontaktKontaktname: Schwartauer Werke GmbH & Co. KGaAKontaktadresse: 23608 Bad SchwartauMaximale Bestellmenge: 15 St\xc3\xbcckF\xc3\xbcr die vorstehenden Angaben wird keine Haftung \xc3\xbcbernommen. Bitte pr\xc3\xbcfen Sie im Einzelfall die Angaben auf der jeweiligen Produktverpackung, nur diese sind verbindlich.Das Produktdesign kann von der Abbildung abweichen.'",Furtwanglerstr. 15,Rewe,Frühstück,2023-07-09,"Gültig ab morgen bis Samstag, 15.07.2023"
Lavazza Caffè Crema Classico oder Crema e Aroma,https://img.rewe-static.de/KLEIN28_2023/0293182/30798874-10_digital-image.png?impolicy=s-offers&imwidth=200&output-format=image/webp,,https://shop.rewe.de/productList?search=7686361,,"ganze Bohnen , je 1000-g-Btl",Knaller,"9,99 €","b'ProduktbeschreibungArtikelnummer 293182Eine sehr vielseitige Mischung aus Arabica und Robusta Bohnen. HinweiseAufbewahrungs- und Verwendungshinweis: trocken lagern.ArtikeldetailsMarke: LavazzaUrsprungsland: ItalienKontaktKontaktname: LUIGI LAVAZZA S.p.A.Kontaktadresse: C. SO NOVARA, 59- 10154 TORINO - ITALIAMaximale Bestellmenge: 15 St\xc3\xbcckF\xc3\xbcr die vorstehenden Angaben wird keine Haftung \xc3\xbcbernommen. Bitte pr\xc3\xbcfen Sie im Einzelfall die Angaben auf der jeweiligen Produktverpackung, nur diese sind verbindlich.Das Produktdesign kann von der Abbildung abweichen.'",Furtwanglerstr. 15,Rewe,Frühstück,2023-07-09,"Gültig ab morgen bis Samstag, 15.07.2023"
Jacobs Tassimokapseln Cappuccino,https://img.rewe-static.de/KLEIN28_2023/1398796/20366868-22_digital-image.png?impolicy=s-offers&imwidth=200&output-format=image/webp,,https://shop.rewe.de/productList?search=7686361,,"je 260-g-Pckg , (1 kg = 15.35)",Aktion,"3,99 €","b'ProduktbeschreibungArtikelnummer 1398796K\xc3\xb6stlich cremiger Cappuccino von Tassimo mit dem Jacobs Verw\xc3\xb6hnaroma. Eine Kombination aus intensivem Espresso mit feinem Schaum. \nIhr Lieblingsgetr\xc3\xa4nk - vollautomatisch mit nur einem Knopfdruck zubereitet. \n1 Getr\xc3\xa4nk = 190 ml. Der Tassimo Cappuccino Classico von Jacobs ist eine Kombination aus intensivem Espresso und einer Milchschaumschicht. Eine speziell hergestellte Mischung aus perfekt ger\xc3\xb6steten Espressobohnen, um den authentischen Cappuccino-Geschmack zu kreieren. Genie\xc3\x9fe die Kombination aus intensivem Espresso und feinem Schaum mit dem k\xc3\xb6stlichen Jacobs Cappuccino.Zutaten & AllergeneZutaten: Ultrafiltriertes VOLLMILCHKONZENTRAT (60%), gemahlener R\xc3\xb6stkaffee (20%), Zucker (11%), Wasser, Salz, S\xc3\xa4ureregulator (E339).Allergenhinweise: VOLLMILCHKONZENTRATEnth\xc3\xa4lt: Milch und Milcherzeugnisse (einschlie\xc3\x9flich Lactose).N\xc3\xa4hrwerteDurchschnittliche N\xc3\xa4hrwerteZubereitet pro 100 mlEnergie105 kJEnergie25 kcalFett1,3 gFett, davon ges\xc3\xa4ttigte Fetts\xc3\xa4uren0,9 gKohlenhydrate2,2 gKohlenhydrate, davon Zucker2,2 gBallaststoffe0 gEiwei\xc3\x9f1,1 gSalz0,1 gHinweiseAufbewahrungs- und Verwendungshinweis: Trocken, dunkel lagern und vor W\xc3\xa4rme sch\xc3\xbctzen.Information: unter Schutzatmosph\xc3\xa4re verpacktArtikeldetailsMarke: TassimoUrsprungsland: DeutschlandKontaktKontaktname: JACOBS DOUWE EGBERTSKontaktadresse: Oosterdoksstraat 80, 1011 DK Amsterdam, The NetherlandsMaximale Bestellmenge: 15 St\xc3\xbcckF\xc3\xbcr die vorstehenden Angaben wird keine Haftung \xc3\xbcbernommen. Bitte pr\xc3\xbcfen Sie im Einzelfall die Angaben auf der jeweiligen Produktverpackung, nur diese sind verbindlich.Das Produktdesign kann von der Abbildung abweichen.'",Furtwanglerstr. 15,Rewe,Frühstück,2023-07-09,"Gültig ab morgen bis Samstag, 15.07.2023"
Jacobs Tassimokapseln Caffè Crema XL,https://img.rewe-static.de/KLEIN28_2023/1398793/20366870-34_digital-image.png?impolicy=s-offers&imwidth=200&output-format=image/webp,,https://shop.rewe.de/productList?search=7686361,,"je 132,8-g-Pckg , (1 kg = 30.05)",Aktion,"3,99 €","b'ProduktbeschreibungArtikelnummer 1398793Mit der praktischen XL-Becherportion h\xc3\xa4lt der Kaffeegenuss des Tassimo Jacobs Caff\xc3\xa8 Crema Classico XL noch l\xc3\xa4nger an. Erleben Sie den vollmundigen Geschmack des Jacobs Verw\xc3\xb6hnaromas und die samtige, goldene Crema. \nIhr Lieblingsgetr\xc3\xa4nk - vollautomatisch mit nur einem Knopfdruck zubereitet. \n1 Getr\xc3\xa4nk = 215 ml. Mit der praktischen XL-Becherportion h\xc3\xa4lt der Kaffeegenuss des TASSIMO Jacobs Caff\xc3\xa8 Crema classico XL noch l\xc3\xa4nger an. Erleben Sie den vollmundigen Geschmack des Jacobs Verw\xc3\xb6hnaromas und die samtige, goldene Crema. \nIhr Lieblingsgetr\xc3\xa4nk - vollautomatisch mit nur einem Knopfdruck zubereitet. \n1 Getr\xc3\xa4nk = 215 mlZutaten & AllergeneAllergenhinweise: Enth\xc3\xa4lt: Keine deklarationspflichtigen Allergene enthalten.HinweiseAufbewahrungs- und Verwendungshinweis: Trocken lagern und vor W\xc3\xa4rme sch\xc3\xbctzen.Information: unter Schutzatmosph\xc3\xa4re verpacktArtikeldetailsMarke: TassimoUrsprungsland: DeutschlandSorte: ClassicoKontaktKontaktname: JACOBS DOUWE EGBERTSKontaktadresse: Oosterdoksstraat 80, 1011 DK Amsterdam, The NetherlandsMaximale Bestellmenge: 15 St\xc3\xbcckF\xc3\xbcr die vorstehenden Angaben wird keine Haftung \xc3\xbcbernommen. Bitte pr\xc3\xbcfen Sie im Einzelfall die Angaben auf der jeweiligen Produktverpackung, nur diese sind verbindlich.Das Produktdesign kann von der Abbildung abweichen.'",Furtwanglerstr. 15,Rewe,Frühstück,2023-07-09,"Gültig ab morgen bis Samstag, 15.07.2023"
Mestemacher Wraps,https://img.rewe-static.de/KLEIN28_2023/8722477/35581003-6_digital-image.png?impolicy=s-offers&imwidth=200&output-format=image/webp,,https://shop.rewe.de/productList?search=7686361,,"versch. Sorten , je 300-g-Pckg , (1 kg = 7.30)",Aktion,"2,19 €","b'ProduktbeschreibungArtikelnummer 8722477Man nehme italienisches Temperament, ein Originalrezept und kaltgepresstes Oliven\xc3\xb6l. Diese Zutaten machen unsere Wraps zu etwas ganz Besonderem!Zutaten & AllergeneZutaten: DINKELMEHL*1), Wasser, natives Oliven\xc3\xb6l extra* (5 %), Sonnenblumen\xc3\xb6l*, Meersalz, nat\xc3\xbcrliches Rosmarinaroma. * aus biologischem Landbau 1)Mit Dinkelmehl aus der EU. Kann Spuren von SOJA und SENF enthalten.Allergenhinweise: Enth\xc3\xa4lt: Glutenhaltiges Getreide und glutenhaltige Getreideerzeugnisse. Dinkel und Dinkelerzeugnisse (glutenhaltiges Getreide). Kann enthalten: Soja und Sojaerzeugnisse. Senf- und Senferzeugnisse.N\xc3\xa4hrwerteDurchschnittliche N\xc3\xa4hrwerteUnzubereitet pro 100 gEnergie1.280 kJEnergie304 kcalFett8,6 gFett, davon ges\xc3\xa4ttigte Fetts\xc3\xa4uren1,1 gKohlenhydrate45,7 gKohlenhydrate, davon Zucker1 gBallaststoffe3,1 gEiwei\xc3\x9f9,5 gSalz1,1 gHinweiseAufbewahrungs- und Verwendungshinweis: K\xc3\xbchl und trocken lagern.ArtikeldetailsMarkeMestemacherEigenschaftenVegan, BioUrsprungslandItalienServiervorschlagNach Belieben f\xc3\xbcllen, z.B. mit Salat oder Geschnetzeltem.\xc3\x96ko KontrollstelleIT-BIO-007Ort der ErzeugungEU-LandwirtschaftKontaktKontaktname: Mestemacher GmbHKontaktadresse: Postfach 2451 - 33254 G\xc3\xbcterslohF\xc3\xbcr die vorstehenden Angaben wird keine Haftung \xc3\xbcbernommen. Bitte pr\xc3\xbcfen Sie im Einzelfall die Angaben auf der jeweiligen Produktverpackung, nur diese sind verbindlich.Das Produktdesign kann von der Abbildung abweichen.'",Furtwanglerstr. 15,Rewe,Frühstück,2023-07-09,"Gültig ab morgen bis Samstag, 15.07.2023"
Wasa Milch & Joghurtknäcke,https://img.rewe-static.de/KLEIN28_2023/7909062/33278373-9_digital-image.png?impolicy=s-offers&imwidth=200&output-format=image/webp,,https://shop.rewe.de/productList?search=7686361,,"je 230-g-Pckg , (1 kg = 8.65)",Aktion,"1,99 €","b'ProduktbeschreibungArtikelnummer 7909062Zutaten & AllergeneZutaten: ROGGENVOLLKORNMEHL (105 g**), entrahmte MILCH (16 g**), JOGHURTPULVER, MOLKENPULVER, Salz. Kann Spuren von SESAMSAMEN enthalten. Die hervorgehobenen Zutaten k\xc3\xb6nnen bei Personen mit Allergien und Unvertr\xc3\xa4glichkeiten Reaktionen verursachen. . **in g pro 100 g ProduktAllergenhinweise: Enth\xc3\xa4lt: Glutenhaltiges Getreide und glutenhaltige Getreideerzeugnisse. Roggen und Roggenerzeugnisse (glutenhaltiges Getreide). Milch und Milcherzeugnisse (einschlie\xc3\x9flich Lactose). Kann enthalten: Sesamsamen und Sesamsamenerzeugnisse.N\xc3\xa4hrwerteDurchschnittliche N\xc3\xa4hrwerteUnzubereitet pro 100 gEnergie1.424 kJEnergie338 kcalFett2 gFett, davon ges\xc3\xa4ttigte Fetts\xc3\xa4uren0,3 gKohlenhydrate60,5 gKohlenhydrate, davon Zucker3,5 gBallaststoffe20 gEiwei\xc3\x9f9,5 gSalz1,15 gHinweiseAufbewahrungs- und Verwendungshinweis: Trocken und vor Licht gesch\xc3\xbctzt aufbewahren.ArtikeldetailsMarke: WasaUrsprungsland: DeutschlandKontaktKontaktname: Barilla Deutschland GmbH, Bereich WasaKontaktadresse: Wasastra\xc3\x9fe 10, D-29229 CelleMaximale Bestellmenge: 15 St\xc3\xbcckF\xc3\xbcr die vorstehenden Angaben wird keine Haftung \xc3\xbcbernommen. Bitte pr\xc3\xbcfen Sie im Einzelfall die Angaben auf der jeweiligen Produktverpackung, nur diese sind verbindlich.Das Produktdesign kann von der Abbildung abweichen.'",Furtwanglerstr. 15,Rewe,Frühstück,2023-07-09,"Gültig ab morgen bis Samstag, 15.07.2023"
Lavazza Crema e Gusto oder Espresso,https://img.rewe-static.de/KLEIN28_2023/7713584/29141056-8_digital-image.png?impolicy=s-offers&imwidth=200&output-format=image/webp,,https://shop.rewe.de/productList?search=7686361,,"versch. Sorten , je 250-g-Pckg , (1 kg = 13.96)",Aktion,"3,49 €","b'ProduktbeschreibungArtikelnummer 7713584Die Mischung besteht aus einer Auswahl hochwertiger, rassiger Arabicas (30 %) und Robustas (70 %) und ist ideal f\xc3\xbcr all diejenigen geeignet, die jeden Augenblick des Tages ein intensives Geschmackserlebnis genie\xce\xb2en m\xc3\xb6chten. HinweiseAufbewahrungs- und Verwendungshinweis: trocken lagern.ArtikeldetailsMarke: LavazzaUrsprungsland: ItalienSorte: Crema e GustoKontaktKontaktname: LUIGI LAVAZZA S.p.A.Kontaktadresse: C. SO NOVARA, 59- 10154 TORINO - ITALIAMaximale Bestellmenge: 15 St\xc3\xbcckF\xc3\xbcr die vorstehenden Angaben wird keine Haftung \xc3\xbcbernommen. Bitte pr\xc3\xbcfen Sie im Einzelfall die Angaben auf der jeweiligen Produktverpackung, nur diese sind verbindlich.Das Produktdesign kann von der Abbildung abweichen.'",Furtwanglerstr. 15,Rewe,Frühstück,2023-07-09,"Gültig ab morgen bis Samstag, 15.07.2023"
Wasa Knäckebrot Rustikal,https://img.rewe-static.de/KLEIN28_2023/1995073/674470-38_digital-image.png?impolicy=s-offers&imwidth=200&output-format=image/webp,,https://shop.rewe.de/productList?search=7686361,,"je 275-g-Pckg , (1 kg = 7.24)",Aktion,"1,99 €","b'ProduktbeschreibungArtikelnummer 1995073Zutaten & AllergeneZutaten: ROGGENVOLLKORNMEHL, ROGGENKLEIE, Salz, Hefe. DIE HERVORGEHOBENEN ZUTATEN K\xc3\x96NNEN BEI PERSONEN MIT ALLERGIEN UND UNVERTR\xc3\x84GLICHKEITEN REAKTIONEN VERURSACHEN.Allergenhinweise: Enth\xc3\xa4lt: Glutenhaltiges Getreide und glutenhaltige Getreideerzeugnisse. Roggen und Roggenerzeugnisse (glutenhaltiges Getreide).N\xc3\xa4hrwerteDurchschnittliche N\xc3\xa4hrwerteUnzubereitet pro 100 gEnergie1.377 kJEnergie327 kcalFett1,5 gFett, davon ges\xc3\xa4ttigte Fetts\xc3\xa4uren0,4 gKohlenhydrate59,3 gKohlenhydrate, davon Zucker1,5 gBallaststoffe20 gEiwei\xc3\x9f9 gSalz1,25 gHinweiseAufbewahrungs- und Verwendungshinweis: Trocken und vor Licht gesch\xc3\xbctzt aufbewahrenArtikeldetailsMarke: WasaUrsprungsland: SchwedenKontaktKontaktname: Barilla Deutschland GmbH, Bereich WasaKontaktadresse: Wasastra\xc3\x9fe 10, D-29229 CelleMaximale Bestellmenge: 15 St\xc3\xbcckF\xc3\xbcr die vorstehenden Angaben wird keine Haftung \xc3\xbcbernommen. Bitte pr\xc3\xbcfen Sie im Einzelfall die Angaben auf der jeweiligen Produktverpackung, nur diese sind verbindlich.Das Produktdesign kann von der Abbildung abweichen.'",Furtwanglerstr. 15,Rewe,Frühstück,2023-07-09,"Gültig ab morgen bis Samstag, 15.07.2023"
Barilla Pasta,https://img.rewe-static.de/KLEIN28_2023/6653839/20768970-25_digital-image.png?impolicy=s-offers&imwidth=200&output-format=image/webp,,https://shop.rewe.de/productList?search=7686361,,"versch. Ausformungen , je 500-g-Pckg , (1 kg = 1.90)",Knaller,"0,95 €","b'ProduktbeschreibungArtikelnummer 6653839Fusilli erschienen in ihrer heutigen Form zuerst in S\xc3\xbcditalien und sind urspr\xc3\xbcnglich der Idee entsprungen, Spaghetti auf einer Stricknadel aufzuwickeln. Erst sp\xc3\xa4ter, bedingt durch die unterschiedlichen geschmacklichen Gewohnheiten in den verschiedenen italienischen Regionen, entstanden Fusilli als eigenst\xc3\xa4ndige Sorte. Im Rahmen des Sortiments von Barilla - Italiens beliebtester Pasta - wurde die Pastasorte Fusilli neu interpretiert und erhielt ihre charakteristische Spiralform, die f\xc3\xbcr die Tradition von Mittel- und Norditalien typisch ist.... mehr anzeigenZutaten & AllergeneZutaten: HARTWEIZENGRIESS, Wasser. Kann Spuren von Sojabohnen enthalten.Allergenhinweise: Enth\xc3\xa4lt: Weizen und Weizenerzeugnisse (glutenhaltiges Getreide). Glutenhaltiges Getreide und glutenhaltige Getreideerzeugnisse. Kann enthalten: Soja und Sojaerzeugnisse.N\xc3\xa4hrwerteDurchschnittliche N\xc3\xa4hrwerteUnzubereitet pro 100 gEnergie1.521 kJEnergie359 kcalFett2 gFett, davon ges\xc3\xa4ttigte Fetts\xc3\xa4uren0,5 gKohlenhydrate71,2 gKohlenhydrate, davon Zucker3,5 gBallaststoffe3 gEiwei\xc3\x9f12,5 gSalz0,013 gHinweiseAufbewahrungs- und Verwendungshinweis: Trocken und vor W\xc3\xa4rme gesch\xc3\xbctzt lagern.ArtikeldetailsMarke: BarillaUrsprungsland: ItalienKontaktKontaktname: Barilla G. e R. Fratelli - Societ\xc3\xa0 per AzioniKontaktadresse: Via Mantova 166, Parma - ItalyF\xc3\xbcr die vorstehenden Angaben wird keine Haftung \xc3\xbcbernommen. Bitte pr\xc3\xbcfen Sie im Einzelfall die Angaben auf der jeweiligen Produktverpackung, nur diese sind verbindlich.Das Produktdesign kann von der Abbildung abweichen.'",Furtwanglerstr. 15,Rewe,Kochen & Backen,2023-07-09,"Gültig ab morgen bis Samstag, 15.07.2023"
Knorr Salat Krönung,https://img.rewe-static.de/KLEIN28_2023/7177137/27325102-22_digital-image.png?impolicy=s-offers&imwidth=200&output-format=image/webp,,https://shop.rewe.de/productList?search=7686361,,"versch. Sorten , je 5er-Pckg",Aktion,"0,69 €","b""ProduktbeschreibungArtikelnummer 7177137- Mit Knorr Salatkr\xc3\xb6nung Vinaigrette Dill-Kr\xc3\xa4uter einfach und schnell ein leckeres Salatdressing zaubern \n - Mit Kr\xc3\xa4utern aus nachhaltigem Anbau \n - Raffinierter und fein abgestimmmter Dill-Geschmack \n - Ohne Farbstoffe und geschmacksverst\xc3\xa4rkende Zusatzstoffe \n - Einfache Zubereitung: Etwas Wasser und \xc3\x96l mit Knorr Salatkr\xc3\xb6nung verr\xc3\xbchren, fertig! \n - Gelingt im Handumdrehen Knorr Salatkr\xc3\xb6nung Dill-Kr\xc3\xa4uter ist f\xc3\xbcr alle Fans des w\xc3\xbcrzigen Dill-Geschmacks die richtige Wahl. Die Mischung aus Dill und aromatischen Gew\xc3\xbcrzen eignet sich besonders gut f\xc3\xbcr jede Art von Gurkensalat. \n\nZubereitung \xe2\x80\x93 so einfach geht's: 3 EL Wasser und 3 EL Oliven\xc3\xb6l mit Knorr Salatkr\xc3\xb6nung verr\xc3\xbchren. Das Salatdressing zum Lieblingssalat geben. Fertig!\n\nMit den vielen Variationen der Knorr Salatkr\xc3\xb6nung das perfekte Zusammenspiel von Kr\xc3\xa4utern erleben. Die w\xc3\xbcrzigen Gartenkr\xc3\xa4uter verleihen Salaten mit wenigen Handgriffen einen feinen, aromatischen Geschmack. Knorr Salatdressings und Vinaigrettes bereitet man ganz einfach zu: Entweder selbst anr\xc3\xbchren oder \xe2\x80\x93 f\xc3\xbcr einen noch schnelleren Salatgenuss \xe2\x80\x93 zu servierfertigen Salatkr\xc3\xb6nungen in der Flasche greifen. Anschlie\xc3\x9fend nur noch das Dressing zum Lieblingssalat geben \xe2\x80\x93 und die Salatkr\xc3\xb6nung genie\xc3\x9fen!\n\nSind schon die vielen weiteren Produkte von Knorr bekannt? Dank der Fix-Produkte, So\xc3\x9fen, Fertiggerichten, Suppen, Salatdressings, Br\xc3\xbchen und Bouillons gelingt jedes Gericht garantiert mit wenigen Handgriffen. Schnell und einfach erhalten so authentische Mahlzeiten ihren typischen Geschmack \xe2\x80\x93 egal, ob abwechslungsreiche vegetarische oder vegane K\xc3\xbcche, herzhafte Fleischgerichte oder leckere Gem\xc3\xbcsevariationen. Dabei ist es die Komposition ausgew\xc3\xa4hlter hochwertiger Zutaten, die jedes Knorr Produkt besonders macht. Knorr verarbeitet nur sorgf\xc3\xa4ltig schonend getrocknete Zutaten, denn das Trocknen ist eine der \xc3\xa4ltesten Methoden, um Lebensmittel nat\xc3\xbcrlich haltbar zu machen. Da der Geschmack und die Hauptn\xc3\xa4hrstoffe der frischen Zutaten weitgehend erhalten bleiben, passen Lebensmittel aus getrockneten Zutaten perfekt in unseren stressigen Alltag. Essen mit Knorr ist unkompliziert und sorgt dar\xc3\xbcber hinaus f\xc3\xbcr ein gutes Gef\xc3\xbchl: 95 Prozent unserer Gem\xc3\xbcse und Kr\xc3\xa4uter stammen heute schon aus nachhaltigem Anbau. Denn wir bei Knorr glauben, dass die Verwendung nachhaltig angebauter und beschaffter Zutaten einen gro\xc3\x9fen Unterschied f\xc3\xbcr den Geschmack unserer Produkte, das Wohlbefinden der Landwirte und die Zukunft des Planeten macht. Knorr. Gutes, einfach lecker!\n\n*Nat\xc3\xbcrliche Zutaten sind mit einem Sternchen in der Zutatenliste gekennzeichnetZutaten & AllergeneZutaten: Zucker\xc2\xb9, jodiertes Speisesalz, St\xc3\xa4rke\xc2\xb9, 8,3% Kr\xc3\xa4uter (5% Dill\xc2\xb9\xc2\xb2, Petersilie\xc2\xb9\xc2\xb2, Schnittlauch\xc2\xb9\xc2\xb2), S\xc3\xa4ureregulator Natriumdiacetat3, S\xc3\xa4uerungsmittel Citronens\xc3\xa4ure, Zitrusfaser\xc2\xb9, MILCHZUCKER, Maiskeim\xc3\xb6l\xc2\xb9, 1,6% gemahlene SENFK\xc3\x96RNER\xc2\xb9, 0,9% Zwiebeln, Pfeffer\xc2\xb9, Zitronensaftpulver\xc2\xb9, Speisesalz, Aromen. Kann Ei, Sellerie, Soja, glutenhaltige Getreide enthalten. \xc2\xb9Nat\xc3\xbcrliche Zutaten sind mit einem Sternchen gekennzeichnet. \xc2\xb2aus nachhaltigem Anbau. 3Salz der Essigs\xc3\xa4ure.Allergenhinweise: Enth\xc3\xa4lt: Milchzucker (Laktose).N\xc3\xa4hrwerteDurchschnittliche N\xc3\xa4hrwerteZubereitet pro 100 mlEnergie1.775 kJEnergie424 kcalFett45 gFett, davon ges\xc3\xa4ttigte Fetts\xc3\xa4uren4,1 gKohlenhydrate4,9 gKohlenhydrate, davon Zucker3,7 gBallaststoffe0,7 gEiwei\xc3\x9f< 0,5 gSalz2,1 gArtikeldetailsMarke: KnorrUrsprungsland: DeutschlandKontaktKontaktname: Unilever DeutschlandKontaktadresse: Postfach 570 550, 22774 HamburgMaximale Bestellmenge: 15 St\xc3\xbcckF\xc3\xbcr die vorstehenden Angaben wird keine Haftung \xc3\xbcbernommen. Bitte pr\xc3\xbcfen Sie im Einzelfall die Angaben auf der jeweiligen Produktverpackung, nur diese sind verbindlich.Das Produktdesign kann von der Abbildung abweichen.""",Furtwanglerstr. 15,Rewe,Kochen & Backen,2023-07-09,"Gültig ab morgen bis Samstag, 15.07.2023"
Ben’s Original Express Reis,https://img.rewe-static.de/KLEIN28_2023/8922362/38852794-8_digital-image.png?impolicy=s-offers&imwidth=200&output-format=image/webp,,https://shop.rewe.de/productList?search=7686361,,"versch. Sorten , je 220-g-Pckg , (1 kg = 5.41)",Aktion,"1,19 €","b""ProduktbeschreibungArtikelnummer 8922362Schonend dampfgegarter Spitzen-Langkornreis mit Tomaten und Kr\xc3\xa4utern im 220g Beutel f\xc3\xbcr 1 bis 2 Personen. BEN'S ORIGINAL\xe2\x84\xa2 Reis kann im Frischebeutel, ohne weiteres Gef\xc3\xa4\xc3\x9f, einfach und bequem in 2 Minuten in der Mikrowelle erhitzt werden.Zutaten & AllergeneZutaten: dampfgegarter, parboiled Langkornreis (86%), doppelt konzentriertes Tomatenmark (5.9%), Sonnenblumen\xc3\xb6l, Tomatenpulver (2.5%), Basilikum, nat\xc3\xbcrliches Aroma, Salz, Zucker, Hefeextrakt, Zwiebelpulver, Kr\xc3\xa4uter, S\xc3\xa4uerungsmittel (Citronens\xc3\xa4ure), Knoblauchpulver, Gew\xc3\xbcrze.Allergenhinweise: Enth\xc3\xa4lt: Keine deklarationspflichtigen Allergene enthalten.N\xc3\xa4hrwerteDurchschnittliche N\xc3\xa4hrwerteUnzubereitet pro 100 gEnergie713 kJEnergie169 kcalFett3,3 gFett, davon ges\xc3\xa4ttigte Fetts\xc3\xa4uren0,2 gKohlenhydrate30 gKohlenhydrate, davon Zucker2,5 gBallaststoffe1,4 gEiwei\xc3\x9f3,8 gSalz0,55 gHinweiseAufbewahrungs- und Verwendungshinweis: Trocken und bei Zimmertemperatur lagern. Ge\xc3\xb6ffnet 3 Tage im K\xc3\xbchlschrank haltbar.Information: Unter Schutzatmosph\xc3\xa4re verpackt.ArtikeldetailsMarke: Ben's OriginalUrsprungsland: GrossbritannienKontaktKontaktname: Mars GmbHKontaktadresse: Postfach 1280, 27281 Verden (Aller)Maximale Bestellmenge: 15 St\xc3\xbcckF\xc3\xbcr die vorstehenden Angaben wird keine Haftung \xc3\xbcbernommen. Bitte pr\xc3\xbcfen Sie im Einzelfall die Angaben auf der jeweiligen Produktverpackung, nur diese sind verbindlich.Das Produktdesign kann von der Abbildung abweichen.""",Furtwanglerstr. 15,Rewe,Kochen & Backen,2023-07-09,"Gültig ab morgen bis Samstag, 15.07.2023"
Knorr Feinschmecker Suppe,https://img.rewe-static.de/KLEIN28_2023/8184772/28407667-16_digital-image.png?impolicy=s-offers&imwidth=200&output-format=image/webp,,https://shop.rewe.de/productList?search=7686361,,"versch. Sorten, ausreichend für 500 ml , je Btl",Aktion,"0,79 €","b'ProduktbeschreibungArtikelnummer 8184772- Knorr Feinschmecker Spargel Cremesuppe aus wei\xc3\x9fem Spargel - das schmeckt nach Fr\xc3\xbchling \n - Besonders cremig und mit vielen leckeren Spargelst\xc3\xbcckchen \n - Mit nachhaltig angebautem Spargel \n - Schnelle und einfache Zubereitung \n - Nat\xc3\xbcrlich ohne geschmacksverst\xc3\xa4rkende Zusatzstoffe, Konservierungsstoffe und Farbstoffe \n - Inhalt reicht f\xc3\xbcr 500 ml (2 Teller) Probieren Sie die Knorr Feinschmecker Spargel Cremesuppe: besonders cremige Spargelsuppe aus wei\xc3\x9fem Spargel - das schmeckt nach Fr\xc3\xbchling! Mit nachhaltig angebautem Spargel.\n\nZubereitung:\nBeutelinhalt mit einem Schneebesen in 0,5 l (500 ml) kochendes Wasser einr\xc3\xbchren. 5Minuten k\xc3\xb6cheln lassen. Ab und zu umr\xc3\xbchren.\n\nSuppen f\xc3\xbcr Feinschmecker: Die Knorr Feinschmecker Suppen bieten f\xc3\xbcr jeden Geschmack das passende Gericht und sind im Handumdrehen angerichtet. Sanft getrocknetes Gem\xc3\xbcse, Kr\xc3\xa4uter und Gew\xc3\xbcrze zeichnen die schnell zubereiteten Suppen aus. Die besonders cremigen Feinschmecker Suppen gelingen garantiert und begeistern die ganze Familie.\n\nKennen Sie schon die vielen weiteren Produkte von Knorr? Dank unserer Fix-Produkte, Br\xc3\xbchen, Saucen, Fertiggerichten, Suppen und Salatdressings gelingt jedes Gericht garantiert mit wenigen Handgriffen. Schnell und einfach erhalten so authentische Mahlzeiten ihren typischen Geschmack \xe2\x80\x93 egal, ob abwechslungsreiche vegetarische oder vegane K\xc3\xbcche, herzhafte Fleischgerichte oder leckere Gem\xc3\xbcsevariationen. Dabei ist es die Komposition ausgew\xc3\xa4hlter hochwertiger Zutaten, die jedes Knorr Produkt besonders macht. Knorr verarbeitet nur sorgf\xc3\xa4ltig schonend getrocknete Zutaten, denn das Trocknen ist eine der \xc3\xa4ltesten Methoden, um Lebensmittel nat\xc3\xbcrlich haltbar zu machen. Da der Geschmack und die N\xc3\xa4hrstoffe der frischen Zutaten weitgehend erhalten bleiben, passen Lebensmittel aus getrockneten Zutaten perfekt in unseren stressigen Alltag. Essen mit Knorr ist unkompliziert und sorgt dar\xc3\xbcber hinaus f\xc3\xbcr ein gutes Gef\xc3\xbchl: \xc3\x9cber 90 Prozent der Zutaten kommen heute schon aus nachhaltigem Anbau. Denn wir bei Knorr glauben, dass die Verwendung nachhaltig angebauter und beschaffter Zutaten einen gro\xc3\x9fen Unterschied f\xc3\xbcr den Geschmack unserer Produkte, das Wohlbefinden der Landwirte und die Zukunft des Planeten macht. Knorr \xe2\x80\x93 Geschmack mit gutem Gef\xc3\xbchl.Zutaten & AllergeneZutaten: Mehl (WEIZEN, Reis), Palm\xc3\xb6l, St\xc3\xa4rke, 10% wei\xc3\x9fer Spargel\xc2\xb2 (Pulver, St\xc3\xbccke), jodiertes Speisesalz, Hefeextrakt, Zucker, Speisesalz, Glukosesirup, MILCHEIWEISS, Zitronensaftpulver, Aromen, Kurkuma, Petersilienwurzel\xc2\xb2, Lorbeerbl\xc3\xa4tter. Kann Ei, Sellerie, Senf, Soja, andere glutenhaltige Getreide enthalten. \xc2\xb2 Aus nachhaltigem Anbau.Allergenhinweise: Enth\xc3\xa4lt: Weizen und Weizenerzeugnisse (glutenhaltiges Getreide).N\xc3\xa4hrwerteDurchschnittliche N\xc3\xa4hrwerteZubereitet pro 100 mlEnergie182 kJEnergie44 kcalFett2,2 gFett, davon ges\xc3\xa4ttigte Fetts\xc3\xa4uren1,4 gKohlenhydrate4,6 gKohlenhydrate, davon Zucker0,7 gBallaststoffe< 0,5 gEiwei\xc3\x9f1,1 gSalz0,81 gArtikeldetailsMarke: KnorrEigenschaften: VegetarischUrsprungsland: PolenKontaktKontaktname: Unilever DeutschlandKontaktadresse: Postfach 570 550, 22774 HamburgMaximale Bestellmenge: 15 St\xc3\xbcckF\xc3\xbcr die vorstehenden Angaben wird keine Haftung \xc3\xbcbernommen. Bitte pr\xc3\xbcfen Sie im Einzelfall die Angaben auf der jeweiligen Produktverpackung, nur diese sind verbindlich.Das Produktdesign kann von der Abbildung abweichen.'",Furtwanglerstr. 15,Rewe,Kochen & Backen,2023-07-09,"Gültig ab morgen bis Samstag, 15.07.2023"
Barilla Pesto Basilico Vegan,https://img.rewe-static.de/KLEIN28_2023/3263361/26586190-10_digital-image.png?impolicy=s-offers&imwidth=200&output-format=image/webp,,https://shop.rewe.de/productList?search=7686361,,"je 195-g-Glas , (1 kg = 10.21)",Aktion,"1,99 €","b'ProduktbeschreibungArtikelnummer 3263361Zutaten & AllergeneZutaten: Basilikum 35,6%, pflanzliche \xc3\x96le (Olive, Sonnenblume), CASHEWKERNE, Glukosesirup, Wasser, modifizierte Maisst\xc3\xa4rke, Salz, nat\xc3\xbcrliche Aromen, natives Oliven\xc3\xb6l extra, Zucker, S\xc3\xa4ureregulator Milchs\xc3\xa4ure. Kann Spuren von anderen Schalenfr\xc3\xbcchten (Hartschalenobst) enthalten.Allergenhinweise: Enth\xc3\xa4lt: Kaschunuss und Kaschunusserzeugnisse. Kann enthalten: N\xc3\xbcsse und Nusserzeugnisse.N\xc3\xa4hrwerteDurchschnittliche N\xc3\xa4hrwerteUnzubereitet pro 100 gEnergie1.780 kJEnergie431 kcalFett41 gFett, davon ges\xc3\xa4ttigte Fetts\xc3\xa4uren5,5 gKohlenhydrate12 gKohlenhydrate, davon Zucker3,3 gBallaststoffe2 gEiwei\xc3\x9f2,5 gSalz3 gHinweiseAufbewahrungs- und Verwendungshinweis: Nach dem \xc3\x96ffnen gek\xc3\xbchlt 5 Tage haltbar.ArtikeldetailsMarke: BarillaEigenschaften: Vegan, Vegetarisch, LaktosefreiUrsprungsland: ItalienKontaktKontaktname: Barilla G. e R. Fratelli - Societ\xc3\xa0 per AzioniKontaktadresse: Via Mantova 166, Parma - ItalyMaximale Bestellmenge: 15 St\xc3\xbcckF\xc3\xbcr die vorstehenden Angaben wird keine Haftung \xc3\xbcbernommen. Bitte pr\xc3\xbcfen Sie im Einzelfall die Angaben auf der jeweiligen Produktverpackung, nur diese sind verbindlich.Das Produktdesign kann von der Abbildung abweichen.'",Furtwanglerstr. 15,Rewe,Kochen & Backen,2023-07-09,"Gültig ab morgen bis Samstag, 15.07.2023"
Barilla Pesto alla Genovese,https://img.rewe-static.de/KLEIN28_2023/4840313/35802412-11_digital-image.png?impolicy=s-offers&imwidth=200&output-format=image/webp,,https://shop.rewe.de/productList?search=7686361,,"je 190-g-Glas , (1 kg = 10.47)",Aktion,"1,99 €","b'ProduktbeschreibungArtikelnummer 4840313Zutaten & AllergeneZutaten: pflanzliche \xc3\x96le (Olive, Sonnenblume), frisches Basilikum 30%, CASHEWKERNE, Parmigiano Reggiano g.U. K\xc3\xa4se 5% (MILCH), Maisfaser, Molkepulver (MILCH), Salz, MILCHeiweiss, natives Oliven\xc3\xb6l extra, Zucker, Basilikumextrakt, nat\xc3\xbcrliche Aromen (MILCH), S\xc3\xa4ureregulator: Milchs\xc3\xa4ure, Knoblauch. Kann Spuren von anderen Schalenfr\xc3\xbcchten (Hartschalenobst) enthalten.Allergenhinweise: Enth\xc3\xa4lt: Milch und Milcherzeugnisse (einschlie\xc3\x9flich Lactose). N\xc3\xbcsse und Nusserzeugnisse. Kaschunuss und Kaschunusserzeugnisse.N\xc3\xa4hrwerteDurchschnittliche N\xc3\xa4hrwerteUnzubereitet pro 100 gEnergie1.989 kJEnergie482 kcalFett46 gFett, davon ges\xc3\xa4ttigte Fetts\xc3\xa4uren7,1 gKohlenhydrate9,8 gKohlenhydrate, davon Zucker5,5 gBallaststoffe5 gEiwei\xc3\x9f4,7 gSalz3,25 gHinweiseAufbewahrungs- und Verwendungshinweis: Nach dem \xc3\x96ffnen gek\xc3\xbchlt 5 Tage haltbar.ArtikeldetailsMarke: BarillaUrsprungsland: ItalienKontaktKontaktname: Barilla G. e R. Fratelli S.p.A.Kontaktadresse: Via Mantova 166, Parma - ItalyMaximale Bestellmenge: 15 St\xc3\xbcckF\xc3\xbcr die vorstehenden Angaben wird keine Haftung \xc3\xbcbernommen. Bitte pr\xc3\xbcfen Sie im Einzelfall die Angaben auf der jeweiligen Produktverpackung, nur diese sind verbindlich.Das Produktdesign kann von der Abbildung abweichen.'",Furtwanglerstr. 15,Rewe,Kochen & Backen,2023-07-09,"Gültig ab morgen bis Samstag, 15.07.2023"
Knorr Feinschmecker Sauce Hollandaise Klassisch,https://img.rewe-static.de/KLEIN28_2023/4615263/14092570-53_digital-image.png?impolicy=s-offers&imwidth=200&output-format=image/webp,,https://shop.rewe.de/productList?search=7686361,,"je 35-g-Btl , (1 kg = 19.71)",Aktion,"0,69 €","b'ProduktbeschreibungArtikelnummer 4615263- wird mit feiner Butter zum besonderen Genuss f\xc3\xbcr jeden Feinschmecker \n - klassische Saucen-Rezeptur \n - nat\xc3\xbcrlich ohne geschmacksverst\xc3\xa4rkende Zusatzstoffe und Farbstoffe \n - ohne Konservierungsstoffe (lt. Gesetz) \n - schnelle und einfache Zubereitung Mit der Knorr Feinschmecker Sauce Hollandaise klassisch wird das Spargelessen zum unvergesslichen Erlebnis. Der beliebte Klassiker zur Spargelsaison ist ein zart-cremiger Saucengenuss mit feinem Geschmack und passt neben Spargel hervorragend zu Brokkoli und Fisch. Durch die Zugabe von Butter wird die helle Sauce zu einem besonderen Genuss f\xc3\xbcr jeden Feinschmecker. Die So\xc3\x9fe ist vegetarisch und nat\xc3\xbcrlich ohne geschmacksverst\xc3\xa4rkende Zusatzstoffe und ohne Farbstoffe.\n\nZubereitung:\n1) Beutelinhalt mit dem Schneebesen in 125 ml kaltes Wasser einr\xc3\xbchren. Unter R\xc3\xbchren aufkochen.\n2) Bei schwacher Hitze 125 g gew\xc3\xbcrfelte Butter darunter schlagen, bis sie geschmolzen ist.\nMit Sahne verfeinern f\xc3\xbcr einen noch cremigeren Geschmack - Genuss pur!\n\nSaucen f\xc3\xbcr Feinschmecker: Die Knorr Feinschmecker Saucen bieten f\xc3\xbcr jeden Geschmack die passende Variante: Sauce Hollandaise zu Spargel oder Gem\xc3\xbcse, Pfeffersauce zu Steak und Kurzgebratenem oder Dillsauce f\xc3\xbcr Fischgerichte. Im Handumdrehen zubereitet verfeinern die Saucen jedes Gericht und begeistern somit die ganze Familie. Mmmhh, lecker!\n\nSind schon die vielen weiteren Produkte von Knorr bekannt? Dank der Fix-Produkte, Saucen, Fertiggerichte, Suppen, Salatdressings, Br\xc3\xbchen und Bouillons gelingt jedes Gericht garantiert mit wenigen Handgriffen. Schnell und einfach erhalten authentische Mahlzeiten so ihren typischen Geschmack \xe2\x80\x93 egal, ob abwechslungsreiche vegetarische oder vegane K\xc3\xbcche, herzhafte Fleischgerichte oder leckere Gem\xc3\xbcsevariationen. Dabei ist es die Komposition ausgew\xc3\xa4hlter hochwertiger Zutaten, die jedes Knorr Produkt besonders macht. Knorr verarbeitet nur sorgf\xc3\xa4ltig schonend getrocknete Zutaten, denn das Trocknen ist eine der \xc3\xa4ltesten Methoden, um Lebensmittel nat\xc3\xbcrlich haltbar zu machen. Da der Geschmack und die Hauptn\xc3\xa4hrstoffe der frischen Zutaten weitgehend erhalten bleiben, passen Lebensmittel aus getrockneten Zutaten perfekt in unseren stressigen Alltag. Essen mit Knorr ist unkompliziert und sorgt dar\xc3\xbcber hinaus f\xc3\xbcr ein gutes Gef\xc3\xbchl: 95 Prozent unserer Gem\xc3\xbcse und Kr\xc3\xa4uter stammen heute schon aus nachhaltigem Anbau. Denn wir bei Knorr glauben, dass die Verwendung nachhaltig angebauter und beschaffter Zutaten einen gro\xc3\x9fen Unterschied f\xc3\xbcr den Geschmack unserer Produkte, das Wohlbefinden der Landwirte und die Zukunft des Planeten macht. \nKnorr. Gutes, einfach lecker.Zutaten & AllergeneZutaten: St\xc3\xa4rke, Palm\xc3\xb6l, Maltodextrin, 12% EIGELBPULVER, jodiertes Speisesalz, MILCHEIWEISS, Hefeextrakt, Glukosesirup, Zucker, Zitronensaftpulver, MILCHZUCKER, WEIZENMEHL, Kochsalzersatz\xc2\xb2, Speisesalz, Wei\xc3\x9fweinextrakt, nat\xc3\xbcrliches Aroma, Kurkuma. Kann Sellerie, Senf, andere glutenhaltige Getreide, Soja enthalten. \xc2\xb2gewonnen aus nat\xc3\xbcrlichen Kaliummineralien.Allergenhinweise: Enth\xc3\xa4lt: Milchzucker (Laktose). Weizen und Weizenerzeugnisse (glutenhaltiges Getreide).N\xc3\xa4hrwerteDurchschnittliche N\xc3\xa4hrwerteZubereitet pro 100 mlEnergie1.784 kJEnergie427 kcalFett44 gFett, davon ges\xc3\xa4ttigte Fetts\xc3\xa4uren28 gKohlenhydrate7 gKohlenhydrate, davon Zucker1,3 gBallaststoffe< 0,5 gEiwei\xc3\x9f1,6 gSalz0,95 gArtikeldetailsMarke: KnorrEigenschaften: VegetarischUrsprungsland: DeutschlandSorte: KlassischKontaktKontaktname: Unilever DeutschlandKontaktadresse: Postfach 570 550, 22774 HamburgMaximale Bestellmenge: 15 St\xc3\xbcckF\xc3\xbcr die vorstehenden Angaben wird keine Haftung \xc3\xbcbernommen. Bitte pr\xc3\xbcfen Sie im Einzelfall die Angaben auf der jeweiligen Produktverpackung, nur diese sind verbindlich.Das Produktdesign kann von der Abbildung abweichen.'",Furtwanglerstr. 15,Rewe,Kochen & Backen,2023-07-09,"Gültig ab morgen bis Samstag, 15.07.2023"
Knorr Feinschmecker 3 Pfeffer Sauce,https://img.rewe-static.de/KLEIN28_2023/3665399/1159810-80_digital-image.png?impolicy=s-offers&imwidth=200&output-format=image/webp,,https://shop.rewe.de/productList?search=7686361,,"je 40-g-Btl , (1 kg = 17.25)",Aktion,"0,69 €","b'ProduktbeschreibungArtikelnummer 3665399- wunderbar cremig mit feiner Pfeffernote \n - mit gr\xc3\xbcnen, schwarzen und wei\xc3\x9fen Pfefferk\xc3\xb6rnern \n - nat\xc3\xbcrlich ohne geschmacksverst\xc3\xa4rkende Zusatzstoffe und Farbstoffe \n - ohne Konservierungsstoffe (lt. Gesetz) \n - schnelle und einfache Zubereitung Knorr Feinschmecker 3 Pfeffer Sauce ist eine fein abgestimmte Saucenkomposition mit einem angenehm w\xc3\xbcrzigen Geschmack und gr\xc3\xbcnem, schwarzen und rosa Pfeffer. Diese w\xc3\xbcrzige Pfeffersauce passt ideal zu allem Kurzgebratenem und auch perfekt z.B. zu Gerichten mit Pilzen und Blumenkohl. Die Sauce ist nat\xc3\xbcrlich ohne geschmacksverst\xc3\xa4rkende Zusatzstoffe, ohne Farbstoffe und ohne Konservierungsstoffe lt. Gesetz. \n\nKnorr Feinschmecker 3 Pfeffer Sauce:\n1) Beutelinhalt mit dem Schneebesen in 250 ml kaltes Wasser einr\xc3\xbchren. Unter R\xc3\xbchren aufkochen.\n2) Bei schwacher Hitze 1 Minute kochen. Gelegentlich umr\xc3\xbchren.\nMit Sahne verfeinern f\xc3\xbcr einen noch cremigeren Geschmack - Genuss pur!\n\nSaucen f\xc3\xbcr Feinschmecker: Die Knorr Feinschmecker Saucen bieten f\xc3\xbcr jeden Geschmack die passende Variante: Sauce Hollandaise zu Spargel oder Gem\xc3\xbcse, Bratensauce f\xc3\xbcr Bratengerichte, 3 Pfeffer Sauce zu Steak und Kurzgebratenem, Pfefferso\xc3\x9fe oder Dillsauce f\xc3\xbcr Fischgerichte. Im Handumdrehen zubereitet verfeinern die Saucen jedes Gericht und begeistern somit die ganze Familie.\n\nSind schon die vielen weiteren Produkte von Knorr bekannt? Dank der Fix-Produkte, So\xc3\x9fen, Fertiggerichten, Suppen, Salatdressings, Br\xc3\xbchen und Bouillons gelingt jedes Gericht garantiert mit wenigen Handgriffen. Schnell und einfach erhalten so authentische Mahlzeiten ihren typischen Geschmack \xe2\x80\x93 egal, ob abwechslungsreiche vegetarische oder vegane K\xc3\xbcche, herzhafte Fleischgerichte oder leckere Gem\xc3\xbcsevariationen. Dabei ist es die Komposition ausgew\xc3\xa4hlter hochwertiger Zutaten, die jedes Knorr Produkt besonders macht. Knorr verarbeitet nur sorgf\xc3\xa4ltig schonend getrocknete Zutaten, denn das Trocknen ist eine der \xc3\xa4ltesten Methoden, um Lebensmittel nat\xc3\xbcrlich haltbar zu machen. Da der Geschmack und die Hauptn\xc3\xa4hrstoffe der frischen Zutaten weitgehend erhalten bleiben, passen Lebensmittel aus getrockneten Zutaten perfekt in unseren stressigen Alltag. Essen mit Knorr ist unkompliziert und sorgt dar\xc3\xbcber hinaus f\xc3\xbcr ein gutes Gef\xc3\xbchl: 95 Prozent unserer Gem\xc3\xbcse und Kr\xc3\xa4uter stammen heute schon aus nachhaltigem Anbau. Denn wir bei Knorr glauben, dass die Verwendung nachhaltig angebauter und beschaffter Zutaten einen gro\xc3\x9fen Unterschied f\xc3\xbcr den Geschmack unserer Produkte, das Wohlbefinden der Landwirte und die Zukunft des Planeten macht. Knorr. Gutes, nat\xc3\xbcrlich lecker.Zutaten & AllergeneZutaten: Palm\xc3\xb6l, St\xc3\xa4rke, WEIZENMEHL, Maltodextrin, Aromen, Glukosesirup, jodiertes Speisesalz, 3% Pfeffermischung (gr\xc3\xbcner Pfeffer, schwarzer Pfeffer, rosa Pfeffer) Kochsalzersatz3, MILCHEIWEISS, Zucker, Karamellzuckersirup, W\xc3\xbcrze, Hefeextrakt, Speisesalz, Schnittlauch2. Kann Sellerie, Ei, Senf, andere glutenhaltige Getreide, Soja enthalten. 2aus nachhaltigem Anbau. 3gewonnen aus nat\xc3\xbcrlichen Kaliummineralien.Allergenhinweise: Enth\xc3\xa4lt: Weizen und Weizenerzeugnisse (glutenhaltiges Getreide).N\xc3\xa4hrwerteDurchschnittliche N\xc3\xa4hrwerteZubereitet pro 100 mlEnergie325 kJEnergie78 kcalFett4,5 gFett, davon ges\xc3\xa4ttigte Fetts\xc3\xa4uren2,8 gKohlenhydrate8,3 gKohlenhydrate, davon Zucker0,6 gBallaststoffe< 0,5 gEiwei\xc3\x9f0,9 gSalz0,99 gArtikeldetailsMarke: KnorrUrsprungsland: DeutschlandKontaktKontaktname: Unilever DeutschlandKontaktadresse: Postfach 570 550, 22774 HamburgMaximale Bestellmenge: 15 St\xc3\xbcckF\xc3\xbcr die vorstehenden Angaben wird keine Haftung \xc3\xbcbernommen. Bitte pr\xc3\xbcfen Sie im Einzelfall die Angaben auf der jeweiligen Produktverpackung, nur diese sind verbindlich.Das Produktdesign kann von der Abbildung abweichen.'",Furtwanglerstr. 15,Rewe,Kochen & Backen,2023-07-09,"Gültig ab morgen bis Samstag, 15.07.2023"
Pfanni Kartoffel Püree,https://img.rewe-static.de/KLEIN28_2023/0184764/20324257-50_digital-image.png?impolicy=s-offers&imwidth=200&output-format=image/webp,,https://shop.rewe.de/productList?search=7686361,,"das Lockere , je 240-g-Pckg , (1 kg = 4.13)",Aktion,"0,99 €","b'ProduktbeschreibungArtikelnummer 184764- 3 x 3 Portionen Pfanni Kartoffelp\xc3\xbcree der Klassiker besonders locker im praktischen Portionsbeutel. \n - Besonders lockeres P\xc3\xbcree mit Vollmilch und Rama. \n - Schnelle und einfache Zubereitung. \n - Aus 100% deutschen, nachhaltig angebauten, Kartoffeln. \n - Ideal zu Fisch, Fleisch und Gem\xc3\xbcse. Ein P\xc3\xbcree, das auf der Zunge zergeht. So fein sind die Flocken, die f\xc3\xbcr dieses P\xc3\xbcree verwendet werden. Da ist schon die Zubereitung ein wahres Gedicht: Flocken in hei\xc3\x9fes Wasser rieseln lassen, Milch zugeben, umr\xc3\xbchren und ein St\xc3\xbcck Rama auf der cremig-lockeren Decke zerflie\xc3\x9fen lassen. Fast zu sch\xc3\xb6n, um wahr zu sein!\nDie Pfanni Kartoffelp\xc3\xbcrees gelingen immer ausgezeichnet und schmecken wie handgemacht. Dies liegt insbesondere an den deutschen Kartoffeln, die von unseren Vertragsbauern nachhaltig angebaut und schonend zu P\xc3\xbcree verarbeitet werden. Das ist Qualit\xc3\xa4t die man schmeckt!\nDas Kartoffelp\xc3\xbcree \xe2\x80\x9eDAS LOCKERE\xe2\x80\x9c zeichnet sich durch seine zarten Kartoffelflocken aus, die mit Hilfe von 150 ml Vollmilch und etwas Rama zu einem cremigen Kartoffelp\xc3\xbcree verschmelzen. Das lockere P\xc3\xbcree ist bei den Kleinen besonders beliebt, l\xc3\xa4sst aber auch die Gro\xc3\x9fen in Kindheitserinnerungen schwelgen. \nEinfache und schnelle Zubereitung: 1.Aufkochen: 350 ml Wasser mit einem halben Teel\xc3\xb6ffel Salz (2 g) und 10 g Rama aufkochen. 2. Abk\xc3\xbchlen: Topf vom Herd nehmen und 150 ml kalte Vollmilch dazugeben. 3.Anr\xc3\xbchren: Die P\xc3\xbcreeflocken mit einem Kochl\xc3\xb6ffel kurz einr\xc3\xbchren. 4.Anrichten: Das P\xc3\xbcree 1 \xe2\x80\x93 2 Minuten ruhen lassen und vor dem Servieren noch kurz umr\xc3\xbchren. Guten Appetit!\nUnser Beitrag f\xc3\xbcr Nachhaltigkeit: Pfanni Kartoffeln werden von unseren Vertragsbauern nachhaltig angebaut und f\xc3\xbcr den optimalen N\xc3\xa4hrstoffgehalt und Geschmack nur saisongerecht geerntet. 100% deutsche Kartoffeln aus nachhaltiger Landwirtschaft \xe2\x80\x93 f\xc3\xbcr den besonders leckeren Pfanni Geschmack.Zutaten & AllergeneZutaten: 99% Kartoffeln\xc2\xb2, Emulgator Mono- und Diglyceride von Speisefetts\xc3\xa4uren, Stabilisator Diphosphat, Aromen, Antioxidationsmittel NATRIUMMETABISULFIT. Kann Spuren von Milch enthalten. \xc2\xb2aus nachhaltigem AnbauN\xc3\xa4hrwerteDurchschnittliche N\xc3\xa4hrwerteZubereitet pro 100 gEnergie257 kJEnergie61 kcalFett1,2 gFett, davon ges\xc3\xa4ttigte Fetts\xc3\xa4uren0,6 gKohlenhydrate10 gKohlenhydrate, davon Zucker1,7 gBallaststoffe1,4 gEiwei\xc3\x9f2,1 gSalz0,4 gHinweiseAufbewahrungs- und Verwendungshinweis: Nach \xc3\x96ffnung ist der Packungsinhalt im wieder verschlossenen Beutel k\xc3\xbchl und trocken mindestens 3 Wochen haltbar.Information: Unter Schutzatmosph\xc3\xa4re verpackt.ArtikeldetailsMarke: PfanniUrsprungsland: DeutschlandKontaktKontaktname: Unilever DeutschlandKontaktadresse: Postfach 570 307, 22772 HamburgMaximale Bestellmenge: 15 St\xc3\xbcckF\xc3\xbcr die vorstehenden Angaben wird keine Haftung \xc3\xbcbernommen. Bitte pr\xc3\xbcfen Sie im Einzelfall die Angaben auf der jeweiligen Produktverpackung, nur diese sind verbindlich.Das Produktdesign kann von der Abbildung abweichen.'",Furtwanglerstr. 15,Rewe,Kochen & Backen,2023-07-09,"Gültig ab morgen bis Samstag, 15.07.2023"
Pfanni Kartoffel Püree,https://img.rewe-static.de/KLEIN28_2023/8004013/1775000-84_digital-image.png?impolicy=s-offers&imwidth=200&output-format=image/webp,,https://shop.rewe.de/productList?search=7686361,,"das Komplette , je 283,5-g-Pckg , (1 kg = 3.49)",Aktion,"0,99 €","b'ProduktbeschreibungArtikelnummer 8004013- 3 x 3 Portionen Pfanni Kartoffelp\xc3\xbcree mit entrahmter Milch Komplett im praktischen Portionsbeutel. \n - Kartoffelp\xc3\xbcree mit entrahmter Milch einfach mit Wasser mischen \xe2\x80\x93 fertig ist der Genuss! \n - Schnelle und einfache Zubereitung. \n - Aus 100% deutschen, nachhaltig angebauten, Kartoffeln. \n - Ideal zu Fisch, Fleisch und Gem\xc3\xbcse. Das Kartoffel P\xc3\xbcree Das Komplette mit entrahmter Milch zeichnet sich durch seine schnelle Zubereitung aus. Einfach T\xc3\xbcte aufrei\xc3\x9fen und die feinen Kartoffelflocken in hei\xc3\x9fes Wasser einr\xc3\xbchren. Die Milch ist da schon drin \xe2\x80\x93 und der gute Geschmack sowieso. Das Kartoffelp\xc3\xbcree mit entrahmter Milch ist bei den Kleinen besonders beliebt, l\xc3\xa4sst aber auch die Gro\xc3\x9fen in Kindheitserinnerungen schwelgen. Denn wer mag den allseits beliebten Kartoffelbrei nicht? Es ist ein zeitloses Kartoffelgericht, das einfach jedem schmeckt \xe2\x80\x93 egal wann.                                                     \n\nDie Pfanni Kartoffelp\xc3\xbcrees gelingen immer ausgezeichnet und schmecken wie handgemacht. Dies liegt insbesondere daran, dass jede einzelne Kartoffel f\xc3\xbcr dieses Kartoffelp\xc3\xbcree aus Deutschland kommt und nachhaltig angebaut ist. Das ist Qualit\xc3\xa4t, die man schmeckt!  \n                                                                                                                                                                                                                                                                                                             \nBesonders genial ist die einfache und schnelle Zubereitung, mit der man in Windeseile ein leckeres Kartoffelp\xc3\xbcree zaubern kann: 1. Aufkochen: 400 ml Wasser aufkochen. 2. Abk\xc3\xbchlen: Den Topf vom Herd nehmen und 100 ml kaltes Wasser einr\xc3\xbchren. 3. Anr\xc3\xbchren: Die P\xc3\xbcreeflocken mit einem Kochl\xc3\xb6ffel einr\xc3\xbchren. 4. Anrichten: Nach 1 - 2 Minuten noch mal durchr\xc3\xbchren und servieren. Guten Appetit!\n                                                                                                                                                                                                                                                                                                  Unser Beitrag f\xc3\xbcr Nachhaltigkeit: Pfanni Kartoffeln werden von unseren Vertragsbauern nachhaltig angebaut und f\xc3\xbcr den optimalen N\xc3\xa4hrstoffgehalt und Geschmack nur saisongerecht geerntet. 100% deutsche Kartoffeln aus nachhaltiger Landwirtschaft \xe2\x80\x93 f\xc3\xbcr den besonders leckeren Pfanni Geschmack.Zutaten & AllergeneZutaten: 85% Kartoffeln\xc2\xb2, Palm\xc3\xb6l, 4,3% MAGERMILCHPULVER, Speisesalz, Glukosesirup, Emulgator Mono- und Diglyceride von Speisefetts\xc3\xa4uren, MILCHEIWEISS, Aromen. \xc2\xb2aus nachhaltigem AnbauN\xc3\xa4hrwerteDurchschnittliche N\xc3\xa4hrwerteZubereitet pro 100 gEnergie238 kJEnergie57 kcalFett1 gFett, davon ges\xc3\xa4ttigte Fetts\xc3\xa4uren0,6 gKohlenhydrate11 gKohlenhydrate, davon Zucker0,8 gBallaststoffe1,4 gEiwei\xc3\x9f1,5 gSalz0,53 gHinweiseAufbewahrungs- und Verwendungshinweis: Nach \xc3\x96ffnung ist der Packungsinhalt im wieder verschlossenen Beutel k\xc3\xbchl und trocken mindestens 3 Wochen haltbar.Information: Unter Schutzatmosph\xc3\xa4re verpackt.ArtikeldetailsMarke: PfanniEigenschaften: VegetarischUrsprungsland: DeutschlandKontaktKontaktname: Unilever DeutschlandKontaktadresse: Postfach 570 307, 22772 HamburgMaximale Bestellmenge: 15 St\xc3\xbcckF\xc3\xbcr die vorstehenden Angaben wird keine Haftung \xc3\xbcbernommen. Bitte pr\xc3\xbcfen Sie im Einzelfall die Angaben auf der jeweiligen Produktverpackung, nur diese sind verbindlich.Das Produktdesign kann von der Abbildung abweichen.'",Furtwanglerstr. 15,Rewe,Kochen & Backen,2023-07-09,"Gültig ab morgen bis Samstag, 15.07.2023"
Knorr Tomaten Ketchup,https://img.rewe-static.de/KLEIN28_2023/2360602/23631618-17_digital-image.png?impolicy=s-offers&imwidth=200&output-format=image/webp,,https://shop.rewe.de/productList?search=7686361,,"je 430-ml-Fl , (1 l = 3.47)",Aktion,"1,49 €","b'ProduktbeschreibungArtikelnummer 2360602\xe2\x80\xa2 Knorr Tomaten Ketchup mit 100% nat\xc3\xbcrlichen Zutaten \n\xe2\x80\xa2 Ketchup aus nachhaltig angebauten Tomaten \n\xe2\x80\xa2 Ketchup ohne Konservierungsstoffe und ohne Geschmacksverst\xc3\xa4rker \n\xe2\x80\xa2 Das Knorr Tomaten Ketchup ist f\xc3\xbcr Veganer geeignet \n\xe2\x80\xa2 Tomaten-Ketchup ohne Farbstoffe (lt. Gesetz) \n\xe2\x80\xa2 Grillsauce in der praktischen 430 ml Squeeze-Flasche von Knorr f\xc3\xbcr besonders einfaches Dosieren Der Knorr Tomaten Ketchup mit 100% nat\xc3\xbcrlichen Zutaten erh\xc3\xa4lt seinen besonderen fruchtigen Geschmack von sonnengereiften Tomaten und schmeckt als Grillsauce einfach lecker zu Fleisch, W\xc3\xbcrstchen, Pommes Frites, Hotdogs, Reis-, Nudel- sowie Eiergerichten und ist auch f\xc3\xbcr die vegane oder vegetarische Ern\xc3\xa4hrung geeignet. In der praktischen Squeezer-Flasche l\xc3\xa4sst sich der Tomatenketchup auch besonders einfach dosieren und ist besonders lecker. \n\nDank unserer Fix-Produkte, Br\xc3\xbchen, So\xc3\x9fen, Fertiggerichten, Suppen und Salatdressings gelingt jedes Gericht garantiert mit wenigen Handgriffen. Schnell und einfach erhalten so authentische Mahlzeiten ihren typischen Geschmack \xe2\x80\x93 egal, ob abwechslungsreiche vegetarische oder vegane K\xc3\xbcche, herzhafte Fleischgerichte oder leckere Gem\xc3\xbcsevariationen. Dabei ist es die Komposition ausgew\xc3\xa4hlter hochwertiger Zutaten, die jedes Knorr Produkt besonders macht. \n\nKnorr verarbeitet nur sorgf\xc3\xa4ltig schonend getrocknete Zutaten, denn das Trocknen ist eine der \xc3\xa4ltesten Methoden, um Lebensmittel nat\xc3\xbcrlich haltbar zu machen. Da der Geschmack und die N\xc3\xa4hrstoffe der frischen Zutaten weitgehend erhalten bleiben, passen Lebensmittel aus getrockneten Zutaten perfekt in unseren stressigen Alltag. Essen mit Knorr ist unkompliziert und sorgt dar\xc3\xbcber hinaus f\xc3\xbcr ein gutes Gef\xc3\xbchl: \xc3\x9cber 90 Prozent der Zutaten kommen heute schon aus nachhaltigem Anbau. Denn wir bei Knorr glauben, dass die Verwendung nachhaltig angebauter und beschaffter Zutaten einen gro\xc3\x9fen Unterschied f\xc3\xbcr den Geschmack unserer Produkte, das Wohlbefinden der Landwirte und die Zukunft des Planeten macht. Knorr \xe2\x80\x93 Geschmack mit gutem Gef\xc3\xbchl.Zutaten & AllergeneZutaten: 72% Tomatenmark1, Zucker, Branntweinessig, Speisesalz, nat\xc3\xbcrliche Aromen. 1 aus nachhaltig angebauten TomatenN\xc3\xa4hrwerteDurchschnittliche N\xc3\xa4hrwerteUnzubereitet pro 100 mlEnergie399 kJEnergie94 kcalFett0,5 gFett, davon ges\xc3\xa4ttigte Fetts\xc3\xa4uren< 0,1 gKohlenhydrate21 gKohlenhydrate, davon Zucker20 gBallaststoffe0,7 gEiwei\xc3\x9f1,4 gSalz1,9 gHinweiseAufbewahrungs- und Verwendungshinweis: Nach dem \xc3\x96ffnen im K\xc3\xbchlschrank aufbewahren.ArtikeldetailsMarke: KnorrUrsprungsland: PolenSorte: Tomaten-KetchupKontaktKontaktname: Unilever DeutschlandKontaktadresse: Postfach 570 550, 22774 HamburgMaximale Bestellmenge: 15 St\xc3\xbcckF\xc3\xbcr die vorstehenden Angaben wird keine Haftung \xc3\xbcbernommen. Bitte pr\xc3\xbcfen Sie im Einzelfall die Angaben auf der jeweiligen Produktverpackung, nur diese sind verbindlich.Das Produktdesign kann von der Abbildung abweichen.'",Furtwanglerstr. 15,Rewe,Kochen & Backen,2023-07-09,"Gültig ab morgen bis Samstag, 15.07.2023"
Barilla Collezione Farfalle,https://img.rewe-static.de/KLEIN28_2023/7905005/32879874-15_digital-image.png?impolicy=s-offers&imwidth=200&output-format=image/webp,,https://shop.rewe.de/productList?search=7686361,,"je 500-g-Pckg , (1 kg = 3.58)",Aktion,"1,79 €","b'ProduktbeschreibungArtikelnummer 7905005Zutaten & AllergeneZutaten: HARTWEIZENGRIESS, Wasser. Kann Spuren von Sojabohnen enthalten.Allergenhinweise: Enth\xc3\xa4lt: Weizen und Weizenerzeugnisse (glutenhaltiges Getreide). Glutenhaltiges Getreide und glutenhaltige Getreideerzeugnisse. Kann enthalten: Soja und Sojaerzeugnisse.N\xc3\xa4hrwerteDurchschnittliche N\xc3\xa4hrwerteUnzubereitet pro 100 gEnergie1.521 kJEnergie359 kcalFett2 gFett, davon ges\xc3\xa4ttigte Fetts\xc3\xa4uren0,5 gKohlenhydrate71,2 gKohlenhydrate, davon Zucker3,5 gBallaststoffe3 gEiwei\xc3\x9f12,5 gSalz0,013 gHinweiseAufbewahrungs- und Verwendungshinweis: Trocken, vor Licht und W\xc3\xa4rme gesch\xc3\xbctzt lagern.ArtikeldetailsMarke: BarillaUrsprungsland: ItalienKontaktKontaktname: Barilla G. e R. Fratelli S.p.A.Kontaktadresse: Via Mantova 166, Parma - ItalyMaximale Bestellmenge: 15 St\xc3\xbcckF\xc3\xbcr die vorstehenden Angaben wird keine Haftung \xc3\xbcbernommen. Bitte pr\xc3\xbcfen Sie im Einzelfall die Angaben auf der jeweiligen Produktverpackung, nur diese sind verbindlich.Das Produktdesign kann von der Abbildung abweichen.'",Furtwanglerstr. 15,Rewe,Kochen & Backen,2023-07-09,"Gültig ab morgen bis Samstag, 15.07.2023"
Ben’s Original Süß-Sauer Sauce,https://img.rewe-static.de/KLEIN28_2023/2675781/2505550-79_digital-image.png?impolicy=s-offers&imwidth=200&output-format=image/webp,,https://shop.rewe.de/productList?search=7686361,,"versch. Sorten , je 400-g-Glas , (1 kg = 3.73)",Aktion,"1,49 €","b""ProduktbeschreibungArtikelnummer 2675781BEN'S ORIGINAL\xe2\x84\xa2 S\xc3\xbc\xc3\x9f-Sauer: Eine Sauce, die nur sorgf\xc3\xa4ltig ausgew\xc3\xa4hlte Zutaten und keine k\xc3\xbcnstlichen Farb-, Konservierungs- und Aromastoffe enth\xc3\xa4lt.Zutaten & AllergeneZutaten: Wasser, Tomaten (13%), Zucker, Zwiebeln (10%), Ananas (9.3%), Karotten (8.2%), Branntweinessig, Modifizierte Maisst\xc3\xa4rke, Gr\xc3\xbcner Paprika (2.6%), Roter Paprika (2.6%), Salz, Farbstoff (Paprikaextrakt), Gew\xc3\xbcrze.Allergenhinweise: Enth\xc3\xa4lt: Keine deklarationspflichtigen Allergene enthalten.N\xc3\xa4hrwerteDurchschnittliche N\xc3\xa4hrwerteUnzubereitet pro 100 gEnergie310 kJEnergie73 kcalFett< 0,5 gFett, davon ges\xc3\xa4ttigte Fetts\xc3\xa4uren< 0,1 gKohlenhydrate17 gKohlenhydrate, davon Zucker13 gBallaststoffe0,8 gEiwei\xc3\x9f< 0,5 gSalz0,42 gHinweiseAufbewahrungs- und Verwendungshinweis: Nach dem \xc3\x96ffnen im K\xc3\xbchlschrank 3 Tage haltbar.ArtikeldetailsMarke: Ben's OriginalUrsprungsland: NiederlandeSorte: Extra AnanasKontaktKontaktname: Mars GmbHKontaktadresse: Postfach 1280, 27281 Verden (Aller)Maximale Bestellmenge: 15 St\xc3\xbcckF\xc3\xbcr die vorstehenden Angaben wird keine Haftung \xc3\xbcbernommen. Bitte pr\xc3\xbcfen Sie im Einzelfall die Angaben auf der jeweiligen Produktverpackung, nur diese sind verbindlich.Das Produktdesign kann von der Abbildung abweichen.""",Furtwanglerstr. 15,Rewe,Kochen & Backen,2023-07-09,"Gültig ab morgen bis Samstag, 15.07.2023"
REWE Beste Wahl Balsamico Creme,https://img.rewe-static.de/KLEIN28_2023/0888363/23928271-32_digital-image.png?impolicy=s-offers&imwidth=200&output-format=image/webp,,https://shop.rewe.de/productList?search=7686361,,"je 250-ml-Fl , (1 l = 7.16)",Aktion,"1,79 €","b'ProduktbeschreibungArtikelnummer 888363Ihr au\xc3\x9fergew\xc3\xb6hnlicher Geschmack ist ideal zur Verfeinerung von Salaten, Gem\xc3\xbcse und Fleisch geeinigt.\n\nHergestellt f\xc3\xbcr: REWE Markt GmbH, D-50603 K\xc3\xb6ln. Zutaten & AllergeneZutaten: Traubenmostkonzentrat, Aceto Balsamico di Modena IGP 39% (Traubenmostkonzentrat, Weinessig, Farbstoff Ammonsulfit-Zuckerkul\xc3\xb6r, Antioxidationsmittel KALIUMMETABISULFIT), Weinessig, Verdickungsmittel (Guarkernmehl, Xanthan). Zusatzstoffe: E 150d, E 224, E 412, E 415Allergenhinweise: Schwefeldioxid und Sulfite in einer Konzentration von mehr als 10 mg/kg oder 10 mg/l, als SO2 angegebenN\xc3\xa4hrwerteDurchschnittliche N\xc3\xa4hrwertepro 100 mlEnergie938 kJEnergie220 kcalFett0 gFett, davon ges\xc3\xa4ttigte Fetts\xc3\xa4uren0 gKohlenhydrate52,5 gKohlenhydrate, davon Zucker43,5 gEiwei\xc3\x9f0,5 gSalz1,14 gHinweiseAufbewahrungshinweise: Nach dem \xc3\x96ffnen im K\xc3\xbchlschrank aufbewahren.Verwendungshinweise: Trocken lagern. Vor W\xc3\xa4rme sch\xc3\xbctzen.ArtikeldetailsMarke: REWE Beste WahlUrsprungsland: ItalienKontaktKontaktname: Drogheria e Alimentari Deutschland GmbHKontaktadresse: H\xc3\xbcttenstrasse 87, 87600 Kaufbeuren, DeutschlandMaximale Bestellmenge: 15 St\xc3\xbcckF\xc3\xbcr die vorstehenden Angaben wird keine Haftung \xc3\xbcbernommen. Bitte pr\xc3\xbcfen Sie im Einzelfall die Angaben auf der jeweiligen Produktverpackung, nur diese sind verbindlich.Das Produktdesign kann von der Abbildung abweichen.'",Furtwanglerstr. 15,Rewe,Kochen & Backen,2023-07-09,"Gültig ab morgen bis Samstag, 15.07.2023"
Knorr Schlemmersauce,https://img.rewe-static.de/KLEIN28_2023/4584171/9206200-73_digital-image.png?impolicy=s-offers&imwidth=200&output-format=image/webp,,https://shop.rewe.de/productList?search=7686361,,"versch. Sorten , je 250-ml-Fl , (1 l = 3.96)",Aktion,"0,99 €","b'ProduktbeschreibungArtikelnummer 4584171- feine Knoblauchsauce \n - mit Zwiebelst\xc3\xbcckchen und Joghurt verfeinert \n - ideale Erg\xc3\xa4nzung zu Scampi, Salaten und verschiedenen Grillgerichten \n - ohne k\xc3\xbcnstliche Farbstoffe \n - ohne Geschmacksverst\xc3\xa4rker und Konservierungsstoffe \n \n Die herrlich cremige Knorr Knoblauch Sauce ist mit Zwiebelst\xc3\xbcckchen und Joghurt verfeinert und geh\xc3\xb6rt f\xc3\xbcr Liebhaber der herzhaften Knolle zu einem geselligen Grillabend dazu. Diese Sauce ist die ideale Erg\xc3\xa4nzung zu Scampi, Salaten, Folienkartoffeln, Maiskolben und verschiedenen Grillgerichten. Die Knorr Grillsauce in der Glasflasche passt au\xc3\x9ferdem als Dip hervorragend zu Fondue oder Raclette. Zubereitung: Vor Gebrauch sch\xc3\xbctteln. Knorr Grillsaucen sind Deutschlands beliebteste Grillsaucen (auf Basis verkaufter Saucen): Ganz gleich, ob zu saftigen Steaks, W\xc3\xbcrstchen, Fisch oder Gem\xc3\xbcse \xe2\x80\x93 mit den unterschiedlichsten Varianten von Knoblauch bis Curry hat Knorr die passende Grillsauce immer servierfertig und griffbereit. Die abwechslungsreichen Grillsaucen in der charakteristischen Knorr-Glasflasche schmecken der ganzen Familie. Auch die Knorr Grillsaucen im praktischen Squeezer bieten au\xc3\x9fergew\xc3\xb6hnliche Geschmacksrichtungen und sind ein besonderer Genuss bei jeder Grillparty. In der praktischen und leichten Kopfsteherflasche aus Kunststoff sind die Grillsaucen besonders gut und sauber zu dosieren und somit ideal f\xc3\xbcr unterwegs und sofort einsetzbar. So einfach bringt man Abwechslung auf\xe2\x80\x98s Grillgut! Kennen Sie schon die vielen weiteren Produkte von Knorr? Dank unserer Fix-Produkte, Br\xc3\xbchen, Saucen, Fertiggerichten, Suppen und Salatdressings gelingt jedes Gericht garantiert mit wenigen Handgriffen. Schnell und einfach erhalten so authentische Mahlzeiten ihren typischen Geschmack \xe2\x80\x93 egal, ob abwechslungsreiche vegetarische oder vegane K\xc3\xbcche, herzhafte Fleischgerichte oder leckere Gem\xc3\xbcsevariationen. Dabei ist es die Komposition ausgew\xc3\xa4hlter hochwertiger Zutaten, die jedes Knorr Produkt besonders macht. Knorr verarbeitet nur sorgf\xc3\xa4ltig schonend getrocknete Zutaten, denn das Trocknen ist eine der \xc3\xa4ltesten Methoden, um Lebensmittel nat\xc3\xbcrlich haltbar zu machen. Da der Geschmack und die N\xc3\xa4hrstoffe der frischen Zutaten weitgehend erhalten bleiben, passen Lebensmittel aus getrockneten Zutaten perfekt in unseren stressigen Alltag. Essen mit Knorr ist unkompliziert und sorgt dar\xc3\xbcber hinaus f\xc3\xbcr ein gutes Gef\xc3\xbchl: \xc3\x9cber 90 Prozent der Zutaten kommen heute schon aus nachhaltigem Anbau. Denn wir bei Knorr glauben, dass die Verwendung nachhaltig angebauter und beschaffter Zutaten einen gro\xc3\x9fen Unterschied f\xc3\xbcr den Geschmack unserer Produkte, das WohlbeFinden der Landwirte und die Zukunft des Planeten macht. Knorr \xe2\x80\x93 Geschmack mit gutem Gef\xc3\xbchl.... mehr anzeigenDie cremige Knorr Knoblauch Sauce mit mildem Geschmack schmeckt ausgezeichnet zu Scampi, Salaten und verschiedenen Grillgerichten. Eine herrlich cremige Knoblauch Sauce von Knorr, verfeinert mit Zwiebelst\xc3\xbcckchen und Joghurt. Mit dieser leckeren W\xc3\xbcrzsauce kann die Grillparty beginnen. Der Knorr Grillsaucen-Klassiker in der Glasflasche ist ein unverzichtbarer Begleiter in der Grillsaison. \n\nKnorr Saucen inspirieren sowohl Kochk\xc3\xbcnstler als auch alle, die gerne Neues entdecken und in die Welt der exotischen Gen\xc3\xbcsse eintauchen m\xc3\xb6chten. Das Sortiment an Knorr Grillsaucen bietet etwas f\xc3\xbcr jeden Geschmack und jede Gelegenheit. Etwa eine Grillparty mit Familie und Freuden \xe2\x80\x93 doch ohne Grillsaucen keine richtige Grillparty. \n\nDie Knorr Saucen sind ideal f\xc3\xbcr allerlei gebratene oder gegrillte Fleischsorten, verschiedene Fische oder diverse Meeresfr\xc3\xbcchte. Die Devise lautet: selbst ausprobieren und jedes Gericht zu einem kulinarischen Fest mit guter Stimmung verwandeln. Millionen zufriedener Verbraucher vertrauen bereits auf Knorr und greifen immer \xc3\xb6fter nach dem Produkt. Die handliche Flasche der Grillsauce ist leicht dosierbar und daher perfekt f\xc3\xbcr unterwegs. Dank gesunder Zutaten und einer hohen Qualit\xc3\xa4t werden Knorr Saucen zunehmend auch f\xc3\xbcr die abwechslungsreiche vegetarische und vegane K\xc3\xbcche empfohlen. \n\nAufbewahrungs- und Verwendungshinweise: Vor Gebrauch sch\xc3\xbctteln. Nach dem \xc3\x96ffnen im K\xc3\xbchlschrank aufbewahren. \n\nSind schon die vielen weiteren Produkte von Knorr bekannt? Dank der Fix-Produkte, So\xc3\x9fen, Fertiggerichte, Suppen, Salatdressings, Br\xc3\xbchen und Bouillons gelingt jedes Gericht garantiert mit wenigen Handgriffen. Schnell und einfach erhalten authentische Mahlzeiten so ihren typischen Geschmack \xe2\x80\x93 egal, ob abwechslungsreiche vegetarische oder vegane K\xc3\xbcche, herzhafte Fleischgerichte oder leckere Gem\xc3\xbcsevariationen. Dabei ist es die Komposition ausgew\xc3\xa4hlter hochwertiger Zutaten, die jedes Knorr Produkt besonders macht. Knorr verarbeitet nur sorgf\xc3\xa4ltig schonend getrocknete Zutaten, denn das Trocknen ist eine der \xc3\xa4ltesten Methoden, um Lebensmittel nat\xc3\xbcrlich haltbar zu machen. Da der Geschmack und die Hauptn\xc3\xa4hrstoffe der frischen Zutaten weitgehend erhalten bleiben, passen Lebensmittel aus getrockneten Zutaten perfekt in unseren stressigen Alltag. Essen mit Knorr ist unkompliziert und sorgt dar\xc3\xbcber hinaus f\xc3\xbcr ein gutes Gef\xc3\xbchl: 95 Prozent unserer Gem\xc3\xbcse und Kr\xc3\xa4uter stammen heute schon aus nachhaltigem Anbau. Denn wir bei Knorr glauben, dass die Verwendung nachhaltig angebauter und beschaffter Zutaten einen gro\xc3\x9fen Unterschied f\xc3\xbcr den Geschmack unserer Produkte, das Wohlbefinden der Landwirte und die Zukunft des Planeten macht. Knorr. Gutes, nat\xc3\xbcrlich lecker!Zutaten & AllergeneZutaten: Trinkwasser, Raps\xc3\xb6l, MAGERMILCHJOGHURT, Zucker, modifizierte St\xc3\xa4rke, Branntweinessig, Zwiebeln, SELLERIE, EIGELB, Speisesalz, 1,2 % Knoblauch, Gew\xc3\xbcrze (mit SENFSAAT), Zitronensaftkonzentrat, Aromen, Petersilie.N\xc3\xa4hrwerteDurchschnittliche N\xc3\xa4hrwerteUnzubereitet pro 100 mlEnergie1.044 kJEnergie249 kcalFett21 gFett, davon ges\xc3\xa4ttigte Fetts\xc3\xa4uren1,9 gKohlenhydrate12 gKohlenhydrate, davon Zucker9,1 gBallaststoffe< 0,5 gEiwei\xc3\x9f1 gSalz1,6 gHinweiseAufbewahrungs- und Verwendungshinweis: Nach dem \xc3\x96ffnen im K\xc3\xbchlschrank aufbewahren.ArtikeldetailsMarke: KnorrUrsprungsland: DeutschlandKontaktKontaktname: Unilever DeutschlandKontaktadresse: Postfach 570 550, 22774 HamburgMaximale Bestellmenge: 15 St\xc3\xbcckF\xc3\xbcr die vorstehenden Angaben wird keine Haftung \xc3\xbcbernommen. Bitte pr\xc3\xbcfen Sie im Einzelfall die Angaben auf der jeweiligen Produktverpackung, nur diese sind verbindlich.Das Produktdesign kann von der Abbildung abweichen.'",Furtwanglerstr. 15,Rewe,Kochen & Backen,2023-07-09,"Gültig ab morgen bis Samstag, 15.07.2023"
Hela Gewürzketchup Curry,https://img.rewe-static.de/KLEIN28_2023/4908848/630290-90_digital-image.png?impolicy=s-offers&imwidth=200&output-format=image/webp,,https://shop.rewe.de/productList?search=7686361,,"versch. Sorten , je 800-ml-Fl , (1 l = 2.86)",Aktion,"2,29 €","b'ProduktbeschreibungArtikelnummer 4908848Mit der originalen Hela W\xc3\xbcrzung\r\nUnser scharf-s\xc3\xbc\xc3\x9flicher Gew\xc3\xbcrz Ketchup Curry scharf ist die ideale Erg\xc3\xa4nzung f\xc3\xbcr all unsere Fans, die es gern etwas pikanter m\xc3\xb6gen.Zutaten & AllergeneZutaten: Tomatensaft, Zucker, Dextrose, Kochsalz, Curry (SENFMEHL, Pfeffer, Paprika, Chili, Nelken, Gew\xc3\xbcrze), Branntweinessig, modifizierte Maisst\xc3\xa4rke, S\xc3\xa4uerungsmittel: Citronens\xc3\xa4ure, Verdickungsmittel: (Guarkernmehl, Johannisbrotkernmehl), Kr\xc3\xa4uter (enth\xc3\xa4lt SELLERIE), S\xc3\xa4ureregulator: Natriumlactat, Geschmacksverst\xc3\xa4rker: Mononatriumglutamat.Allergenhinweise: Enth\xc3\xa4lt: Senf- und Senferzeugnisse. Sellerie und Sellerieerzeugnisse.N\xc3\xa4hrwerteDurchschnittliche N\xc3\xa4hrwerteUnzubereitet pro 100 gEnergie573 kJEnergie137 kcalFett0,3 gFett, davon ges\xc3\xa4ttigte Fetts\xc3\xa4uren0,1 gKohlenhydrate30,8 gKohlenhydrate, davon Zucker29,4 gEiwei\xc3\x9f0,8 gSalz2,2 gHinweiseAufbewahrungs- und Verwendungshinweis: Nach erster \xc3\x96ffnung bitte im K\xc3\xbchlschrank lagern und kurzfristig verzehren!ArtikeldetailsMarke: HelaUrsprungsland: DeutschlandPackungsgr\xc3\xb6\xc3\x9fe: 800mlKontaktKontaktname: Hela Gew\xc3\xbcrzwerk Hermann Laue GmbHKontaktadresse: D-22923 AhrensburgMaximale Bestellmenge: 15 St\xc3\xbcckF\xc3\xbcr die vorstehenden Angaben wird keine Haftung \xc3\xbcbernommen. Bitte pr\xc3\xbcfen Sie im Einzelfall die Angaben auf der jeweiligen Produktverpackung, nur diese sind verbindlich.Das Produktdesign kann von der Abbildung abweichen.'",Furtwanglerstr. 15,Rewe,Kochen & Backen,2023-07-09,"Gültig ab morgen bis Samstag, 15.07.2023"
Barilla Spaghetti Al Bronzo,https://img.rewe-static.de/KLEIN28_2023/8745035/37803714-8_digital-image.png?impolicy=s-offers&imwidth=200&output-format=image/webp,,https://shop.rewe.de/productList?search=7686361,,"je 400-g-Pckg , (1 kg = 4.48)",Aktion,"1,79 €","b'ProduktbeschreibungArtikelnummer 8745035Zutaten & AllergeneZutaten: HARTWEIZENGRIESS, Wasser. Kann Spuren von Sojabohnen und Senf enthalten.Allergenhinweise: Enth\xc3\xa4lt: Weizen und Weizenerzeugnisse (glutenhaltiges Getreide). Glutenhaltiges Getreide und glutenhaltige Getreideerzeugnisse. Kann enthalten: Soja und Sojaerzeugnisse. Senf- und Senferzeugnisse.N\xc3\xa4hrwerteDurchschnittliche N\xc3\xa4hrwerteUnzubereitet pro 100 gEnergie1.521 kJEnergie359 kcalFett2 gFett, davon ges\xc3\xa4ttigte Fetts\xc3\xa4uren0,4 gKohlenhydrate69,7 gKohlenhydrate, davon Zucker3,5 gBallaststoffe3 gEiwei\xc3\x9f14 gSalz0,013 gHinweiseAufbewahrungs- und Verwendungshinweis: Trocken, vor Licht und W\xc3\xa4rme gesch\xc3\xbctzt lagern.ArtikeldetailsMarke: BarillaUrsprungsland: ItalienKontaktKontaktname: Barilla G. e R. Fratelli S.p.A.Kontaktadresse: Via Mantova 166, Parma - ItalyMaximale Bestellmenge: 15 St\xc3\xbcckF\xc3\xbcr die vorstehenden Angaben wird keine Haftung \xc3\xbcbernommen. Bitte pr\xc3\xbcfen Sie im Einzelfall die Angaben auf der jeweiligen Produktverpackung, nur diese sind verbindlich.Das Produktdesign kann von der Abbildung abweichen.'",Furtwanglerstr. 15,Rewe,Kochen & Backen,2023-07-09,"Gültig ab morgen bis Samstag, 15.07.2023"
Fabbri Amarenakirschen,https://img.rewe-static.de/KLEIN28_2023/3797015/1603730-43_digital-image.png?impolicy=s-offers&imwidth=200&output-format=image/webp,,https://shop.rewe.de/productList?search=7686361,,"Frucht in Sirup , je 230-g-Glas , (1 kg = 39.90) , 100-g-Abtropfgew.",Aktion,"3,99 €","b'ProduktbeschreibungArtikelnummer 3797015Zutaten & AllergeneZutaten: Zucker, Sauerkirschen (43%), Glukose Sirup, Wasser, Sauerkirschen saft (4%), S\xc3\xa4uerungsmittel Zitronens\xc3\xa4ure, Aromen, Farbstoff Anthocyane aus Pflanzenextrakt.N\xc3\xa4hrwerteDurchschnittliche N\xc3\xa4hrwerteUnzubereitet pro 100 gEnergie1.160 kJEnergie273 kcalFett0 gFett, davon ges\xc3\xa4ttigte Fetts\xc3\xa4uren0 gKohlenhydrate67 gKohlenhydrate, davon Zucker61 gEiwei\xc3\x9f0 gSalz0,03 gArtikeldetailsMarke: FabbriNettof\xc3\xbcllmenge: 230 GUrsprungsland: ItalienAbtropfgewicht: 100 gKontaktKontaktname: G. Fabbri Deutschland GmbHKontaktadresse: Witneystr. 1 - 82008 UnterhachingMaximale Bestellmenge: 15 St\xc3\xbcckF\xc3\xbcr die vorstehenden Angaben wird keine Haftung \xc3\xbcbernommen. Bitte pr\xc3\xbcfen Sie im Einzelfall die Angaben auf der jeweiligen Produktverpackung, nur diese sind verbindlich.Das Produktdesign kann von der Abbildung abweichen.'",Furtwanglerstr. 15,Rewe,Kochen & Backen,2023-07-09,"Gültig ab morgen bis Samstag, 15.07.2023"
REWE Beste Wahl Bolognese Pasta Sauce,https://img.rewe-static.de/KLEIN28_2023/7123786/27851232-24_digital-image.png?impolicy=s-offers&imwidth=200&output-format=image/webp,,https://shop.rewe.de/productList?search=7686361,,"je 380-ml-Glas , (1 l = 4.18)",Aktion,"1,59 €","b'ProduktbeschreibungArtikelnummer 7123786Zutaten & AllergeneZutaten: Passierte Tomaten 61%, Rindfleisch 28%, Gem\xc3\xbcse 6% (Karotten, Zwiebeln, Knoblauch), Zucker, Salz, S\xc3\xa4uerungsmittel Milchs\xc3\xa4ure, Sonnenblumen\xc3\xb6l, Kr\xc3\xa4uter, Gew\xc3\xbcrze.    Zusatzstoffe: E 270N\xc3\xa4hrwerteDurchschnittliche N\xc3\xa4hrwertepro 100 mlEnergie392 kJEnergie94 kcalFett4,6 gFett, davon ges\xc3\xa4ttigte Fetts\xc3\xa4uren2,3 gKohlenhydrate6,1 gKohlenhydrate, davon Zucker5 gEiwei\xc3\x9f5,9 gSalz1,4 gHinweiseAufbewahrungshinweise: Nach dem \xc3\x96ffnen im K\xc3\xbchlschrank aufbewahren und innerhalb von 3-4 Tagen verbrauchen.Verwendungshinweise: Trocken lagern. Vor W\xc3\xa4rme sch\xc3\xbctzen.ArtikeldetailsMarke: REWE Beste WahlUrsprungsland: ItalienKontaktKontaktname: LA DORIA S.P.A.Kontaktadresse: Via Nazionale, 320, Angri, 84012, ItalienMaximale Bestellmenge: 15 St\xc3\xbcckF\xc3\xbcr die vorstehenden Angaben wird keine Haftung \xc3\xbcbernommen. Bitte pr\xc3\xbcfen Sie im Einzelfall die Angaben auf der jeweiligen Produktverpackung, nur diese sind verbindlich.Das Produktdesign kann von der Abbildung abweichen.'",Furtwanglerstr. 15,Rewe,Kochen & Backen,2023-07-09,"Gültig ab morgen bis Samstag, 15.07.2023"
Saupiquet Thunfisch,https://img.rewe-static.de/KLEIN28_2023/2071371/2519210-44_digital-image.png?impolicy=s-offers&imwidth=200&output-format=image/webp,,https://shop.rewe.de/productList?search=7686361,,"Naturale ohne Öl oder in Sonnenblumenöl , je 185-g-Dose , (1 kg = 17.79) , 140-g-Abtropfgew.",Aktion,"2,49 €","b'ProduktbeschreibungArtikelnummer 2071371Zutaten & AllergeneZutaten: THUNFISCH (Skipjack, Katsuwonus pelamis), Wasser, Salz.Allergenhinweise: Enth\xc3\xa4lt: Fisch und Fischerzeugnisse.N\xc3\xa4hrwerteDurchschnittliche N\xc3\xa4hrwerteUnzubereitet pro 100 gEnergie410 kJEnergie97 kcalFett0,5 gFett, davon ges\xc3\xa4ttigte Fetts\xc3\xa4uren0,2 gKohlenhydrate0 gKohlenhydrate, davon Zucker0 gBallaststoffe0 gEiwei\xc3\x9f23 gSalz1,3 gHinweiseAufbewahrungs- und Verwendungshinweis: Mindestens haltbar bis: siehe VerpackungsaufdruckArtikeldetailsMarke: SaupiquetNettof\xc3\xbcllmenge: 185 GUrsprungsland: EcuadorAbtropfgewicht: 140 gSorte: Naturale ohne \xc3\x96lKontaktKontaktname: Saupiquet D GmbHKontaktadresse: Postfach 9307, 47750 KrefeldMaximale Bestellmenge: 15 St\xc3\xbcckF\xc3\xbcr die vorstehenden Angaben wird keine Haftung \xc3\xbcbernommen. Bitte pr\xc3\xbcfen Sie im Einzelfall die Angaben auf der jeweiligen Produktverpackung, nur diese sind verbindlich.Das Produktdesign kann von der Abbildung abweichen.'",Furtwanglerstr. 15,Rewe,Kochen & Backen,2023-07-09,"Gültig ab morgen bis Samstag, 15.07.2023"
Oryza Reisspezialität,https://img.rewe-static.de/KLEIN28_2023/2600315/1231150-46_digital-image.png?impolicy=s-offers&imwidth=200&output-format=image/webp,,https://shop.rewe.de/productList?search=7686361,,"Himalaya Basmati , je 500-g-Btl , (1 kg = 3.58)",Aktion,"1,79 €","b'ProduktbeschreibungArtikelnummer 2600315Zutaten & AllergeneZutaten: Basmati ReisAllergenhinweise: Enth\xc3\xa4lt: Keine deklarationspflichtigen Allergene enthalten.N\xc3\xa4hrwerteDurchschnittliche N\xc3\xa4hrwerteUnzubereitet pro 100 gEnergie1.469 kJEnergie351 kcalFett1 gFett, davon ges\xc3\xa4ttigte Fetts\xc3\xa4uren0,3 gKohlenhydrate75 gKohlenhydrate, davon Zucker0,5 gBallaststoffe3,6 gEiwei\xc3\x9f8,8 gSalz0,01 gHinweiseAufbewahrungs- und Verwendungshinweis: Produkt vor W\xc3\xa4rme sch\xc3\xbctzen und trocken lagern.ArtikeldetailsMarke: OryzaUrsprungsland: BelgienKontaktKontaktname: Euryza GmbHKontaktadresse: Paul-Dessau-Str. 5, 22761 HamburgMaximale Bestellmenge: 15 St\xc3\xbcckF\xc3\xbcr die vorstehenden Angaben wird keine Haftung \xc3\xbcbernommen. Bitte pr\xc3\xbcfen Sie im Einzelfall die Angaben auf der jeweiligen Produktverpackung, nur diese sind verbindlich.Das Produktdesign kann von der Abbildung abweichen.'",Furtwanglerstr. 15,Rewe,Kochen & Backen,2023-07-09,"Gültig ab morgen bis Samstag, 15.07.2023"
Milka Schokolade,https://img.rewe-static.de/KLEIN28_2023/0196479/3851190-69_digital-image.png?impolicy=s-offers&imwidth=200&output-format=image/webp,,https://shop.rewe.de/productList?search=7686361,,"Alpenmilch oder Noisette , je 100-g-Tafel , (1 kg = 7.90)",Knaller,"0,79 €","b'ProduktbeschreibungArtikelnummer 196479Milkas Alpenmilch Schokoladentafel ist der Klassiker f\xc3\xbcr alle Schokoladen-Fans. Der leckere, zartschmelzende Schokoladengenuss aus 100% Alpenmilch darf in keinem Haushalt fehlen. Zutaten & AllergeneZutaten: Zucker, Kakaobutter, Kakaomasse, MAGERMILCHPULVER, S\xc3\xbcssmolkenpulver (aus MILCH), BUTTERREINFETT, Emulgator (SOJALECITHINE), HASELNUSSMASSE, Aroma. KANN ANDERE N\xc3\x9cSSE UND WEIZEN ENTHALTEN.Allergenhinweise: MAGERMILCHPULVER, MILCH, BUTTERREINFETT, SOJALECITHINE, HASELNUSSMASSEEnth\xc3\xa4lt: Soja und Sojaerzeugnisse. Haselnuss und Haselnusserzeugnisse. Milch und Milcherzeugnisse (einschlie\xc3\x9flich Lactose). N\xc3\xbcsse und Nusserzeugnisse. Kann enthalten: Weizen und Weizenerzeugnisse (glutenhaltiges Getreide). Glutenhaltiges Getreide und glutenhaltige Getreideerzeugnisse.N\xc3\xa4hrwerteDurchschnittliche N\xc3\xa4hrwerteUnzubereitet pro 100 gEnergie2.251 kJEnergie539 kcalFett31 gFett, davon ges\xc3\xa4ttigte Fetts\xc3\xa4uren19 gKohlenhydrate57 gKohlenhydrate, davon Zucker55 gBallaststoffe2,3 gEiwei\xc3\x9f6,5 gSalz0,28 gHinweiseAufbewahrungs- und Verwendungshinweis: Trocken lagern und vor W\xc3\xa4rme sch\xc3\xbctzen.Information: Kakao: 33% mindestens.ArtikeldetailsMarke: MilkaUrsprungsland: DeutschlandSorte: AlpenmilchKontaktKontaktname: Mondelez Deutschland GmbHKontaktadresse: D-28078 BremenMaximale Bestellmenge: 15 St\xc3\xbcckF\xc3\xbcr die vorstehenden Angaben wird keine Haftung \xc3\xbcbernommen. Bitte pr\xc3\xbcfen Sie im Einzelfall die Angaben auf der jeweiligen Produktverpackung, nur diese sind verbindlich.Das Produktdesign kann von der Abbildung abweichen.'",Furtwanglerstr. 15,Rewe,Süßes & Salziges,2023-07-09,"Gültig ab morgen bis Samstag, 15.07.2023"
Storck Toffifee,https://img.rewe-static.de/KLEIN28_2023/0205605/21816375-32_digital-image.png?impolicy=s-offers&imwidth=200&output-format=image/webp,,https://shop.rewe.de/productList?search=7686361,,"je 125-g-Pckg , (1 kg = 7.92)",Aktion,"0,99 €","b'ProduktbeschreibungArtikelnummer 205605So viel Gutes steckt in Toffifee: Eine knackige Haselnuss in Karamell mit Nougatcreme und einem Klecks kr\xc3\xa4ftiger Schokolade - eine Kombination, die f\xc3\xbcr jeden Geschmack genau das Richtige bietet. Es steckt viel Spa\xc3\x9f in Toffifee! Egal ob jung oder \xc3\xa4lter, gro\xc3\x9f oder klein, Mama oder Papa, gro\xc3\x9fer Bruder, kleine Schwester - in Toffifee steckt, was allen schmeckt: Leckeres Karamell, knackig ger\xc3\xb6stete Haselnuss, zarte Nougatcreme sowie eine kr\xc3\xa4ftige Schokoladenschicht als T\xc3\xbcpfelchen auf dem \xe2\x80\x9eMmhh\xe2\x80\x9c.  Mit Toffifee kommt der Spa\xc3\x9f in jedes zu Hause.Zutaten & AllergeneZutaten: Zucker, pflanzliche Fette (Palm, Shea), HASELN\xc3\x9cSSE, Glukosesirup, MAGERMILCHPULVER, Feuchthaltemittel Sorbitsirup, Kakaomasse, kondensierte MAGERMILCH, kondensierte S\xc3\x9cSSMOLKE, MILCHZUCKER, magerer Kakao, Kakaobutter, BUTTERREINFETT, Rohrzuckersirup, MOLKENERZEUGNIS, Emulgator Lecithine (SOJA), Salz, Aromen. KANN AUCH MANDEL, ERDNUSS UND ANDERE N\xc3\x9cSSE ENTHALTEN.Allergenhinweise: Enth\xc3\xa4lt: Milch und Milcherzeugnisse (einschlie\xc3\x9flich Lactose). N\xc3\xbcsse und Nusserzeugnisse. Soja und Sojaerzeugnisse. Haselnuss und Haselnusserzeugnisse. Kann enthalten: Erdn\xc3\xbcsse und Erdnusserzeugnisse. Mandeln und Mandelerzeugnisse. Kaschunuss und Kaschunusserzeugnisse. Pecannuss und Pecannusserzeugnisse. Macadamianuss und Macadamianusserzeugnisse. Paranuss und Paranusserzeugnisse. Pistazie und Pistazienerzeugnisse. Walnuss und Walnusserzeugnisse.N\xc3\xa4hrwerteDurchschnittliche N\xc3\xa4hrwerteUnzubereitet pro 100 gEnergie2.177 kJEnergie521 kcalFett29 gFett, davon ges\xc3\xa4ttigte Fetts\xc3\xa4uren12,7 gKohlenhydrate58,9 gKohlenhydrate, davon Zucker48,8 gEiwei\xc3\x9f6 gSalz0,27 gHinweiseAufbewahrungs- und Verwendungshinweis: Vor W\xc3\xa4rme sch\xc3\xbctzen!ArtikeldetailsMarke: ToffifeeUrsprungsland: DeutschlandPackungsgr\xc3\xb6\xc3\x9fe: 125gKontaktKontaktname: AUGUST STORCK KGKontaktadresse: Waldstr. 27, D-13403 BerlinMaximale Bestellmenge: 15 St\xc3\xbcckF\xc3\xbcr die vorstehenden Angaben wird keine Haftung \xc3\xbcbernommen. Bitte pr\xc3\xbcfen Sie im Einzelfall die Angaben auf der jeweiligen Produktverpackung, nur diese sind verbindlich.Das Produktdesign kann von der Abbildung abweichen.'",Furtwanglerstr. 15,Rewe,Süßes & Salziges,2023-07-09,"Gültig ab morgen bis Samstag, 15.07.2023"
Belli Cantuccini,https://img.rewe-static.de/KLEIN28_2023/0218662/22322908-38_digital-image.png?impolicy=s-offers&imwidth=200&output-format=image/webp,,https://shop.rewe.de/productList?search=7686361,,"je 250-g-Btl , (1 kg = 10.36)",Aktion,"2,59 €","b""ProduktbeschreibungArtikelnummer 218662Mit 25% Mandelanteil. Zutaten & AllergeneZutaten: WEIZENMEHL, Zucker, MANDELN (25%), pasteurisierte VOLLEIER, pasteurisiertes H\xc3\x9cHNEREIGELB, BUTTER, Bl\xc3\xbctenhonig, Salz. Backtriebmittel: Ammoniumhydrogencarbonat, Dinatriumdiphosphat, Natriumhydrogencarbonat, Aromen. Kann Spuren von anderen SCHALENFR\xc3\x9cCHTEN und SOJA enthalten.Allergenhinweise: Enth\xc3\xa4lt: Weizen und Weizenerzeugnisse (glutenhaltiges Getreide). Mandeln und Mandelerzeugnisse. Eier und Eierzeugnisse. Milch und Milcherzeugnisse (einschlie\xc3\x9flich Lactose). Kann enthalten: Soja und Sojaerzeugnisse. N\xc3\xbcsse und Nusserzeugnisse.N\xc3\xa4hrwerteDurchschnittliche N\xc3\xa4hrwerteUnzubereitet pro 100 gEnergie1.774 kJEnergie424 kcalFett16 gFett, davon ges\xc3\xa4ttigte Fetts\xc3\xa4uren3 gKohlenhydrate60 gKohlenhydrate, davon Zucker32 gEiwei\xc3\x9f10 gSalz0,06 gHinweiseAufbewahrungs- und Verwendungshinweis: K\xc3\xbchl und trocken lagern.ArtikeldetailsUrsprungsland: ItalienKontaktKontaktname: Biscottificio Belli srlKontaktadresse: Via dell'Albereto, 26/28/30, I-50041 Calenzano - FirenzeMaximale Bestellmenge: 15 St\xc3\xbcckF\xc3\xbcr die vorstehenden Angaben wird keine Haftung \xc3\xbcbernommen. Bitte pr\xc3\xbcfen Sie im Einzelfall die Angaben auf der jeweiligen Produktverpackung, nur diese sind verbindlich.Das Produktdesign kann von der Abbildung abweichen.""",Furtwanglerstr. 15,Rewe,Süßes & Salziges,2023-07-09,"Gültig ab morgen bis Samstag, 15.07.2023"
Mitsuba Japanese Peanut Crunch & Crispies,https://img.rewe-static.de/KLEIN28_2023/8348948/31504369-13_digital-image.png?impolicy=s-offers&imwidth=200&output-format=image/webp,,https://shop.rewe.de/productList?search=7686361,,"je 100-g-Btl , (1 kg = 14.90)",Aktion,"1,49 €","b'ProduktbeschreibungArtikelnummer 8348948Zutaten & AllergeneZutaten: 53% Reis, WEIZENMEHL, Zucker, 8% ERDN\xc3\x9cSSE, modifizierte Maisst\xc3\xa4rke, 5% Sojaso\xc3\x9fe (Wasser, SOJABOHNEN, WEIZEN, Salz), SESAM, Glukosesirup, 0,7% Meeresalgen, Maltodextrin, Hefeextrakt, Salz, St\xc3\xa4rke (Tapioka, Kartoffel), Farbstoff (Zuckerkul\xc3\xb6r, Paprikaextrakt, E141).Allergenhinweise: Enth\xc3\xa4lt: Weizen und Weizenerzeugnisse (glutenhaltiges Getreide). Erdn\xc3\xbcsse und Erdnusserzeugnisse. Soja und Sojaerzeugnisse.N\xc3\xa4hrwerteDurchschnittliche N\xc3\xa4hrwerteUnzubereitet pro 100 gEnergie1.661 kJEnergie393 kcalFett5,2 gFett, davon ges\xc3\xa4ttigte Fetts\xc3\xa4uren1,1 gKohlenhydrate76 gKohlenhydrate, davon Zucker13,2 gBallaststoffe4,1 gEiwei\xc3\x9f8,6 gSalz1,3 gHinweiseAufbewahrungs- und Verwendungshinweis: Mindestens haltbar bis Ende: siehe VerpackungsaufdruckArtikeldetailsMarke: MitsubaEigenschaften: *Neu*KontaktKontaktname: Menken Orlando B.V.,Kontaktadresse: Kerketuinenweg 35, NL-2544 CV, Den Haag, The NetherlandsMaximale Bestellmenge: 15 St\xc3\xbcckF\xc3\xbcr die vorstehenden Angaben wird keine Haftung \xc3\xbcbernommen. Bitte pr\xc3\xbcfen Sie im Einzelfall die Angaben auf der jeweiligen Produktverpackung, nur diese sind verbindlich.Das Produktdesign kann von der Abbildung abweichen.'",Furtwanglerstr. 15,Rewe,Süßes & Salziges,2023-07-09,"Gültig ab morgen bis Samstag, 15.07.2023"
Mitsuba Thai Chilli Crispies,https://img.rewe-static.de/KLEIN28_2023/8349986/30311577-9_digital-image.png?impolicy=s-offers&imwidth=200&output-format=image/webp,,https://shop.rewe.de/productList?search=7686361,,"je 85-g-Pckg , (1 kg = 17.53)",Aktion,"1,49 €","b""ProduktbeschreibungArtikelnummer 8349986You've found the real Asian flavour experience with Mitsuba! Our range of extraordinary savoury snacks inspired by the spices & herbs you can discover across Asia. Each pack is full of flavours and satisfying crunchy textures. Discover real Asian flavours. With a Crunch! Inspired by Kyoto Wasabi flavoured. MSG free. Palm oil free. Inspired by Phuket. Sweet chilli flavoured.Zutaten & AllergeneZutaten: 45% Jasminreis, Sonnenblumenol, Zucker, Tapiokast\xc3\xa4rke,Sojaso\xc3\x9fe (Wasser, SOJABOHNEN, WEIZEN, Salz,) Salz, Knoblauchpulver, 0,3% Chillipulver, Farbstoff(Paprikaextrakt), S\xc3\xbc\xc3\x9fholzpulver, S\xc3\xa4ureregulator(Citronens\xc3\xa4ure). Kann ERDN\xc3\x9cSSEN, SCHALENFR\xc3\x9cCHTE & SESAM enthalten.Allergenhinweise: Enth\xc3\xa4lt: Soja und Sojaerzeugnisse. Weizen und Weizenerzeugnisse (glutenhaltiges Getreide). Glutenhaltiges Getreide und glutenhaltige Getreideerzeugnisse. Kann enthalten: Erdn\xc3\xbcsse und Erdnusserzeugnisse. N\xc3\xbcsse und Nusserzeugnisse. Sesamsamen und Sesamsamenerzeugnisse.N\xc3\xa4hrwerteDurchschnittliche N\xc3\xa4hrwerteUnzubereitet pro 100 gEnergie2.254 kJEnergie540 kcalFett32,3 gFett, davon ges\xc3\xa4ttigte Fetts\xc3\xa4uren2,8 gKohlenhydrate58,1 gKohlenhydrate, davon Zucker14,5 gBallaststoffe1,3 gEiwei\xc3\x9f3,6 gSalz2,4 gHinweiseAufbewahrungs- und Verwendungshinweis: K\xc3\xbchl, trocken und lichtgesch\xc3\xbctzt lagern.Information: Unter Schutzatmosph\xc3\xa4re verpackt.ArtikeldetailsMarke: MitsubaUrsprungsland: NiederlandeKontaktKontaktname: MitsubaKontaktadresse: P.O. Box 43464, 2504 AL The Hague, NLF\xc3\xbcr die vorstehenden Angaben wird keine Haftung \xc3\xbcbernommen. Bitte pr\xc3\xbcfen Sie im Einzelfall die Angaben auf der jeweiligen Produktverpackung, nur diese sind verbindlich.Das Produktdesign kann von der Abbildung abweichen.""",Furtwanglerstr. 15,Rewe,Süßes & Salziges,2023-07-09,"Gültig ab morgen bis Samstag, 15.07.2023"
Pepsi,https://img.rewe-static.de/KLEIN28_2023/8541362/32711974-34_digital-image.png?impolicy=s-offers&imwidth=200&output-format=image/webp,,https://shop.rewe.de/productList?search=7686361,,"versch. Sorten, koffeinhaltig , je 1,5-l-Fl , (1 l = 0.66) , zzgl. 0.25 Pfand",Knaller,"0,99 €","b'ProduktbeschreibungArtikelnummer 8541362Zutaten & AllergeneZutaten: Wasser, Zucker, Kohlens\xc3\xa4ure, Farbstoff E 150d, S\xc3\xa4uerungsmittel Phosphors\xc3\xa4ure, Aroma, S\xc3\xbc\xc3\x9fungsmittel (Acesulfam K, Sucralose), Aroma Koffein.N\xc3\xa4hrwerteDurchschnittliche N\xc3\xa4hrwerteUnzubereitet pro 100 mlEnergie120 kJEnergie28 kcalFett0 gFett, davon ges\xc3\xa4ttigte Fetts\xc3\xa4uren0 gKohlenhydrate7 gKohlenhydrate, davon Zucker7 gEiwei\xc3\x9f0 gSalz< 0,01 gHinweiseAufbewahrungs- und Verwendungshinweis: Mindestens haltbar bis: Siehe Flaschenhals.ArtikeldetailsMarke: PepsiNettof\xc3\xbcllmenge: 1,5 LUrsprungsland: DeutschlandKontaktKontaktname: PepsiCo Deutschland GmbHKontaktadresse: D-63263 Neu-IsenburgMaximale Bestellmenge: 15 St\xc3\xbcckF\xc3\xbcr die vorstehenden Angaben wird keine Haftung \xc3\xbcbernommen. Bitte pr\xc3\xbcfen Sie im Einzelfall die Angaben auf der jeweiligen Produktverpackung, nur diese sind verbindlich.Das Produktdesign kann von der Abbildung abweichen.'",Furtwanglerstr. 15,Rewe,Alkoholfreie Getränke,2023-07-09,"Gültig ab morgen bis Samstag, 15.07.2023"
Rockstar Energy Drink,https://img.rewe-static.de/KLEIN28_2023/7861466/33881992-10_digital-image.png?impolicy=s-offers&imwidth=200&output-format=image/webp,,https://shop.rewe.de/productList?search=7686361,,"versch. Sorten, koffeinhaltig , je 0,5-l-Dose , (1 l = 1.76) , zzgl. 0.25 Pfand",Aktion,"0,88 €","b'ProduktbeschreibungArtikelnummer 7861466Zutaten & AllergeneZutaten: Wasser, Zucker, S\xc3\xa4uerungsmittel Citronens\xc3\xa4ure, Kohlens\xc3\xa4ure, S\xc3\xa4ureregulator Natriumcitrate, Aroma, Koffein (0,03%), Vitamine (Vitamin C, Nicotins\xc3\xa4ureamid, Vitamin B6), Farbstoffe (Ammoniak-Zuckerkul\xc3\xb6r, Riboflavine), Taurin (0,02%), Inosit (0,01%), Ginseng-Aromaextrakt (0,0004%).N\xc3\xa4hrwerteDurchschnittliche N\xc3\xa4hrwerteUnzubereitet pro 100 mlEnergie221 kJEnergie52 kcalFett0 gFett, davon ges\xc3\xa4ttigte Fetts\xc3\xa4uren0 gKohlenhydrate13 gKohlenhydrate, davon Zucker12 gEiwei\xc3\x9f0 gSalz0,17 gVitamin C16 mgNiacin3,2 mgVitamin B60,28 mgHinweiseAufbewahrungs- und Verwendungshinweis: K\xc3\xbchl und trocken aufbewahren.Information: Erh\xc3\xb6hter Koffeingehalt. F\xc3\xbcr Kinder und schwangere oder stillende Frauen nicht empfohlen (Koffeingehalt:31mg/100ml). Nicht empfohlen f\xc3\xbcr Personen, die empfindlich auf Koffein reagieren. In moderaten Mengen konsumieren. Nicht empfohlen mit Alkohol zu mischen.ArtikeldetailsMarke: RockstarNettof\xc3\xbcllmenge: 0,5 LUrsprungsland: DeutschlandKontaktKontaktname: PepsiCo Deutschland GmbHKontaktadresse: D-63263 Neu-IsenburgMaximale Bestellmenge: 15 St\xc3\xbcckF\xc3\xbcr die vorstehenden Angaben wird keine Haftung \xc3\xbcbernommen. Bitte pr\xc3\xbcfen Sie im Einzelfall die Angaben auf der jeweiligen Produktverpackung, nur diese sind verbindlich.Das Produktdesign kann von der Abbildung abweichen.'",Furtwanglerstr. 15,Rewe,Alkoholfreie Getränke,2023-07-09,"Gültig ab morgen bis Samstag, 15.07.2023"
Lipton Ice Tea oder Sparkling,https://img.rewe-static.de/KLEIN28_2023/8553666/32715823-10_digital-image.png?impolicy=s-offers&imwidth=200&output-format=image/webp,,https://shop.rewe.de/productList?search=7686361,,"versch. Sorten , je 1,5-l-Fl , (1 l = 0.66) , zzgl. 0.25 Pfand",Aktion,"0,99 €","b'ProduktbeschreibungArtikelnummer 8553666Zutaten & AllergeneZutaten: Wasser, Zucker, Fruktose, S\xc3\xa4uerungsmittel (Citronens\xc3\xa4ure), Schwarztee-Extrakt\xe2\x81\xbd\xc2\xb9\xe2\x81\xbe (0,12%), Zitronensaft aus Zitronensaftkonzentrat (0,1%), Aromen, S\xc3\xa4ureregulator Trinatriumcitrat, Antioxidationsmittel Ascorbins\xc3\xa4ure, S\xc3\xbc\xc3\x9fungsmittel Steviolglycoside.\xe2\x81\xbd\xc2\xb9\xe2\x81\xbe Rainforest Alliance Certified.Mehr Informationen unter ra.org.N\xc3\xa4hrwerteDurchschnittliche N\xc3\xa4hrwerteUnzubereitet pro 100 mlEnergie81 kJEnergie19 kcalFett< 0,5 gFett, davon ges\xc3\xa4ttigte Fetts\xc3\xa4uren< 0,1 gKohlenhydrate4,6 gKohlenhydrate, davon Zucker4,5 gEiwei\xc3\x9f< 0,5 gSalz0,03 gHinweiseAufbewahrungs- und Verwendungshinweis: Nach dem \xc3\x96ffnen im K\xc3\xbchlschrank aufbewahren und bald konsumieren.ArtikeldetailsMarke: LiptonNettof\xc3\xbcllmenge: 1,5 LUrsprungsland: DeutschlandKontaktKontaktname: PepsiCo Deutschland GmbHKontaktadresse: D-63263 Neu-IsenburgMaximale Bestellmenge: 15 St\xc3\xbcckF\xc3\xbcr die vorstehenden Angaben wird keine Haftung \xc3\xbcbernommen. Bitte pr\xc3\xbcfen Sie im Einzelfall die Angaben auf der jeweiligen Produktverpackung, nur diese sind verbindlich.Das Produktdesign kann von der Abbildung abweichen.'",Furtwanglerstr. 15,Rewe,Alkoholfreie Getränke,2023-07-09,"Gültig ab morgen bis Samstag, 15.07.2023"
S. Pellegrino Mineralwasser,https://img.rewe-static.de/KLEIN28_2023/0106565/9482880-6_digital-image.png?impolicy=s-offers&imwidth=200&output-format=image/webp,,https://shop.rewe.de/productList?search=7686361,,"je 1-l-Fl , zzgl. 0.25 Pfand",Aktion,"0,79 €","b'ProduktbeschreibungArtikelnummer 106565S.Pellegrino bringt echtes italienisches Lebensgef\xc3\xbchl direkt zu Ihnen nach Hause. Ein feinperliges nat\xc3\xbcrliches Mineralwasser f\xc3\xbcr Genie\xc3\x9fer, das stilvoll erfrischt.\n\nUnnachahmlich prickelnd und frisch, so schmeckt S.Pellegrino. Das liegt an der einzigartigen Balance, die das Mineralwasser besonders feinperlig sprudeln l\xc3\xa4sst. Ausgewogen mineralisiert, ist S.Pellegrino ein ebenso spritziger wie authentischer Genuss.\n\nEin Wasser mit Tradition\n\nS.Pellegrino, das bereits seit 1899 Genie\xc3\x9fer begeistert, entspringt in der nahezu unber\xc3\xbchrten Natur der lombardischen Alpen. Auf seiner langen Reise durch breite Schichten Dolomit- und Gipsgestein erh\xc3\xa4lt das Wasser seine ausgewogene Mineralisierung und seine besondere Reinheit. \n\nImmer ein Genuss\n\nMit seinem nat\xc3\xbcrlichen und lebendigen Temperament ist S.Pellegrino ein Wasser, das einfach \xc3\xbcberall genossen werden kann. Darum gibt es den italienischen Klassiker auch in handlichen 1,0L Pet-Flaschen \xe2\x80\x93 Wie geschaffen f\xc3\xbcr geselliges Beisammensein und genussvolles Miteinander. Besonders praktisch: Im Sixpack haben Sie immer eine Flasche in Reserve.\n\nS.Pellegrino\n- Nat\xc3\xbcrliches feinperliges Mineralwasser\n- Erfrischt einfach herrlich italienisch\n- Ein Wasser f\xc3\xbcr anspruchsvolle Genie\xc3\x9fer\n- Ausgewogen mineralisiert und besonders prickelnd\n- Wassergenuss f\xc3\xbcr jede Gelegenheit in handlichen Pet-Flaschen... mehr anzeigenSeit 1899 ist S.Pellegrino eine Ikone italienischen Stils und eines der bekanntesten nat\xc3\xbcrlichen Mineralwasser der Welt. Dank seiner perfekten Balance aus feinperliger Kohlens\xc3\xa4ure, Mineralisierung und einzigartigem Geschmack \xc3\xbcberzeugt es Sommeliers und Spitzenk\xc3\xb6che. \nSo inspiriert S.Pellegrino dazu, genussvolle Momente auszukosten und sie zu teilen.N\xc3\xa4hrwerteDurchschnittliche N\xc3\xa4hrwerteUnzubereitet pro 1 lChlorid49,4 mgCalcium166 mgMagnesium49,5 mgBikarbonat244 mgNatrium30 mgSulfat 4+401 mgHinweiseAufbewahrungs- und Verwendungshinweis: Vor Sonne und Frost sch\xc3\xbctzen und an einem sauberen, trockenen, k\xc3\xbchlen und geruchlosen Ort lagern.Information: Abdampfr\xc3\xbcckstand bei 180 Grad: 853 mg/LpH-Wert an der Quelle: 7,7Aus der S.PELLEGRINO Quelle in SAN PELLEGRINO TERME (BERGAMO) ITALIENArtikeldetailsMarke: San PellegrinoNettof\xc3\xbcllmenge: 1 LUrsprungsland: ItalienPackungsgr\xc3\xb6\xc3\x9fe: 1,0lKontaktKontaktname: SANPELLEGRINO S.P.A.Kontaktadresse: 24016 SAN PELLEGRINO TERME (BG)LOCALIT\xc3\x80 RUSPINO - ITALIENMaximale Bestellmenge: 15 St\xc3\xbcckF\xc3\xbcr die vorstehenden Angaben wird keine Haftung \xc3\xbcbernommen. Bitte pr\xc3\xbcfen Sie im Einzelfall die Angaben auf der jeweiligen Produktverpackung, nur diese sind verbindlich.Das Produktdesign kann von der Abbildung abweichen.'",Furtwanglerstr. 15,Rewe,Alkoholfreie Getränke,2023-07-09,"Gültig ab morgen bis Samstag, 15.07.2023"
Leffe Blonde oder Brune,https://img.rewe-static.de/KLEIN28_2023/7225629/28252993-14_digital-image.png?impolicy=s-offers&imwidth=200&output-format=image/webp,,https://shop.rewe.de/productList?search=7686361,,"je 4 x 0,33-l-Fl.-Pckg , (1 l = 4.16) , zzgl. 0.32 Pfand",Aktion,"5,49 €","b""Bestellung ab 18 Jahren.F\xc3\xbcr dieses Produkt gilt das Jugendschutzgesetz.ProduktbeschreibungArtikelnummer 7225629Zutaten & AllergeneZutaten: Wasser, GERSTENMALZ, Mais, Zucker, Hopfen und HopfenextraktN\xc3\xa4hrwerteDurchschnittliche N\xc3\xa4hrwerteUnzubereitet pro 100 mlEnergie243 kJEnergie58 kcalFett0,01 gFett, davon ges\xc3\xa4ttigte Fetts\xc3\xa4uren0 gKohlenhydrate5,4 gKohlenhydrate, davon Zucker0,7 gBallaststoffe0,4 gEiwei\xc3\x9f0,4 gSalz0,1 gHinweiseInformation: Kein Verzehr in Zusammenhang mita)dem F\xc3\xbchren von Fahrzeugen,b)einer Schwangerschaft,c)Medikamenten-EinnahmeArtikeldetailsMarke: LeffeAlkoholgehalt: 6,6 % Vol.KontaktKontaktname: Br.Abbaye de Leffe s.a./n.v.,Place de l'Abbaye 1Kontaktadresse: B-5500 Dinant,BelgienMaximale Bestellmenge: 15 St\xc3\xbcckF\xc3\xbcr die vorstehenden Angaben wird keine Haftung \xc3\xbcbernommen. Bitte pr\xc3\xbcfen Sie im Einzelfall die Angaben auf der jeweiligen Produktverpackung, nur diese sind verbindlich.Das Produktdesign kann von der Abbildung abweichen.""",Furtwanglerstr. 15,Rewe,Bier,2023-07-09,"Gültig ab morgen bis Samstag, 15.07.2023"
CyberZ Beer Mix,https://img.rewe-static.de/KLEIN28_2023/8897146/39521337-9_digital-image.png?impolicy=s-offers&imwidth=200&output-format=image/webp,,https://shop.rewe.de/productList?search=7686361,,"versch. Sorten , je 4 x 0,33-l-Fl.-Pckg , (1 l = 3.78) , zzgl. 0.32 Pfand",Aktion,"4,99 €","b'Bestellung ab 18 Jahren.F\xc3\xbcr dieses Produkt gilt das Jugendschutzgesetz.ProduktbeschreibungArtikelnummer 8897146Times for Limez. CYBERZ vereint Bier mit s\xc3\xbc\xc3\x9f-sauren Caipi-Limetten-\nFlavour. Ein neuer frischer Mix ohne\xc2\xa0Kompromisse.\nTurn up your Flavour \xe2\x80\x93 und starte mit aufregenden 5,9% vol. in Deine\nPartymood und einen Abend ganz nach deinem Geschmack.Zutaten & AllergeneZutaten: 85% Bier (Wasser, GERSTENmalz, Hopfen, Hopfenextrakt), 15% Erfrischungsgetr\xc3\xa4nk mit Caipirinha-Geschmack (Wasser, Zucker, Limettensaft* (1,5%), Orangensaft* (1,5%), Zitronensaft* (1,0%), S\xc3\xa4uerungsmittel Citronens\xc3\xa4ure, nat\xc3\xbcrliches Limettenaroma mit anderen nat\xc3\xbcrlichen Aromen, Kohlens\xc3\xa4ure, Stabilisator Johannisbrotkernmehl). *aus FruchtsaftkonzentratenN\xc3\xa4hrwerteDurchschnittliche N\xc3\xa4hrwerteUnzubereitet pro 100 mlEnergie267 kJEnergie64 kcalFett0 gFett, davon ges\xc3\xa4ttigte Fetts\xc3\xa4uren0 gKohlenhydrate7,1 gKohlenhydrate, davon Zucker5,3 gEiwei\xc3\x9f< 0,5 gSalz< 0,01 gArtikeldetailsEigenschaften: *Neu*Alkoholgehalt: 5,9 % Vol.KontaktKontaktname: Gesellschaft f. Importbiere u. Bierspezialit\xc3\xa4ten mbHKontaktadresse: Darmst\xc3\xa4dter Landstr. 185 60598 Frankfurt am MainMaximale Bestellmenge: 15 St\xc3\xbcckF\xc3\xbcr die vorstehenden Angaben wird keine Haftung \xc3\xbcbernommen. Bitte pr\xc3\xbcfen Sie im Einzelfall die Angaben auf der jeweiligen Produktverpackung, nur diese sind verbindlich.Das Produktdesign kann von der Abbildung abweichen.'",Furtwanglerstr. 15,Rewe,Bier,2023-07-09,"Gültig ab morgen bis Samstag, 15.07.2023"
Veltins Pilsener,https://img.rewe-static.de/KLEIN28_2023/0017005/2245920-31_digital-image.png?impolicy=s-offers&imwidth=200&output-format=image/webp,,https://shop.rewe.de/productList?search=7686361,,"je 0,5-l-Dose , (1 l = 1.58) , zzgl. 0.25 Pfand",Aktion,"0,79 €","b'Bestellung ab 18 Jahren.F\xc3\xbcr dieses Produkt gilt das Jugendschutzgesetz.ProduktbeschreibungArtikelnummer 17005Zutaten & AllergeneZutaten: Wasser, GERSTENMALZ, HopfenAllergenhinweise: Enth\xc3\xa4lt: Gerste und Gerstenerzeugnisse (glutenhaltiges Getreide).N\xc3\xa4hrwerteDurchschnittliche N\xc3\xa4hrwerteUnzubereitet pro 100 mlEnergie167 kJEnergie40 kcalFett< 0,1 gFett, davon ges\xc3\xa4ttigte Fetts\xc3\xa4uren< 0,1 gKohlenhydrate2,9 gKohlenhydrate, davon Zucker1,4 gEiwei\xc3\x9f0,63 gSalz< 0,01 gArtikeldetailsMarke: VeltinsUrsprungsland: DeutschlandAlkoholgehalt: 4,8 % Vol.Packungsgr\xc3\xb6\xc3\x9fe: 0,5lKontaktKontaktname: Brauerei C.&A. Veltins GmbH & Co. KGKontaktadresse: D-59872 Meschede-GrevensteinMaximale Bestellmenge: 15 St\xc3\xbcckF\xc3\xbcr die vorstehenden Angaben wird keine Haftung \xc3\xbcbernommen. Bitte pr\xc3\xbcfen Sie im Einzelfall die Angaben auf der jeweiligen Produktverpackung, nur diese sind verbindlich.Das Produktdesign kann von der Abbildung abweichen.'",Furtwanglerstr. 15,Rewe,Bier,2023-07-09,"Gültig ab morgen bis Samstag, 15.07.2023"
Corona Mexican Beer,https://img.rewe-static.de/KLEIN28_2023/1306571/19881660-30_digital-image.png?impolicy=s-offers&imwidth=200&output-format=image/webp,,https://shop.rewe.de/productList?search=7686361,,"je 6 x 0,355-l-Fl.-Sixpack , (1 l = 3.05) , zzgl. 0.48 Pfand",Aktion,"6,49 €","b'Bestellung ab 18 Jahren.F\xc3\xbcr dieses Produkt gilt das Jugendschutzgesetz.ProduktbeschreibungArtikelnummer 1306571Zutaten & AllergeneZutaten: Wasser, Gerstenmalz, Mais, HopfenN\xc3\xa4hrwerteDurchschnittliche N\xc3\xa4hrwerteUnzubereitet pro 100 mlEnergie176 kJEnergie42 kcalFett0 gFett, davon ges\xc3\xa4ttigte Fetts\xc3\xa4uren0 gKohlenhydrate4 gKohlenhydrate, davon Zucker0,15 gBallaststoffe0,3 gEiwei\xc3\x9f0,3 gSalz0,005 gHinweiseInformation: Kein Verzehr in Zusammenhang mita)dem F\xc3\xbchren von Fahrzeugen,b)einer Schwangerschaft,c)Medikamenten-EinnahmeArtikeldetailsMarke: CoronaAlkoholgehalt: 4,5 % Vol.Packungsgr\xc3\xb6\xc3\x9fe: 0,35lx6KontaktKontaktname: Anheuser-Busch !nBev Deutschland GmbH & Co.KGKontaktadresse: Am Deich 18/19, 28199 BremenMaximale Bestellmenge: 15 St\xc3\xbcckF\xc3\xbcr die vorstehenden Angaben wird keine Haftung \xc3\xbcbernommen. Bitte pr\xc3\xbcfen Sie im Einzelfall die Angaben auf der jeweiligen Produktverpackung, nur diese sind verbindlich.Das Produktdesign kann von der Abbildung abweichen.'",Furtwanglerstr. 15,Rewe,Bier,2023-07-09,"Gültig ab morgen bis Samstag, 15.07.2023"
Jack Daniel's Tennessee Whiskey,https://img.rewe-static.de/KLEIN28_2023/4676050/3229750-32_digital-image.png?impolicy=s-offers&imwidth=200&output-format=image/webp,,https://shop.rewe.de/productList?search=7686361,,"40% Vol. oder Honey 35% Vol. , je 0,7-l-Fl , (1 l = 22.84)",Knaller,"15,99 €","b""Bestellung ab 18 Jahren.F\xc3\xbcr dieses Produkt gilt das Jugendschutzgesetz.ProduktbeschreibungArtikelnummer 4676050Tropfen f\xc3\xbcr Tropfen \xe2\x80\x93 eindeutig Jack!\nEs gibt \xc3\xbcber ein Dutzend Theorien, warum Jack Daniel seinen Whiskey \xe2\x80\x9eOld No.7\xe2\x80\x9c genannt hat. Eine davon besagt, dass er den sieben wichtigsten Frauen in seinem Leben ein Denkmal setzen wollte. Den wahren Grund kennt aber nur Jack \xe2\x80\x93 und der l\xc3\xa4sst seine Biografen weiter r\xc3\xa4tseln. \nSeit 1866 wird Old No.7 nach dem unver\xc3\xa4nderten Originalrezept von Jack Daniel hergestellt. Sein rauchigmildes Aroma hat ihn zu einem der bekanntesten Whiskey-Klassiker gemacht. \nOb pur, mit Wasser, mit Cola, mit Ginger oder im Cocktail: Jack ist aus den Bars der Welt nicht mehr wegzudenken. Wer nicht selbst mixen m\xc3\xb6chte, der bedient sich mit Jack Daniel\xe2\x80\x98s Premix Longdrinks: klassisch mit Cola oder erfrischend herb mit Ginger. Jack Daniel\xe2\x80\x98s Old No.7 \xe2\x80\x93 auch in den kleinsten \xe2\x80\x9eWhiskeyf\xc3\xa4ssern der Welt\xe2\x80\x9c immer der perfekte Genuss.... mehr anzeigenSeit 1866 wird Old No. 7 nach unver\xc3\xa4ndertem Originalrezept von Jack Daniel hergestellt. Rauchig mildes Aroma mit einem Mix aus Karamell, Vanille und Holznoten.ArtikeldetailsMarke: Jack Daniel'sUrsprungsland: Vereinigte StaatenAlkoholgehalt: 40 % Vol.KontaktKontaktname: BROWN-FORMAN DEUTSCHLAND GMBHKontaktadresse: Dammtorwall 7, 20354 Hamburg, DeutschlandMaximale Bestellmenge: 15 St\xc3\xbcckF\xc3\xbcr die vorstehenden Angaben wird keine Haftung \xc3\xbcbernommen. Bitte pr\xc3\xbcfen Sie im Einzelfall die Angaben auf der jeweiligen Produktverpackung, nur diese sind verbindlich.Das Produktdesign kann von der Abbildung abweichen.""",Furtwanglerstr. 15,Rewe,Wein & Spirituosen,2023-07-09,"Gültig ab morgen bis Samstag, 15.07.2023"
Faber Sekt oder Light Live alkoholfrei,https://img.rewe-static.de/KLEIN28_2023/0315192/34673571-3_digital-image.png?impolicy=s-offers&imwidth=200&output-format=image/webp,,https://shop.rewe.de/productList?search=7686361,,"versch. Sorten , je 0,75-l-Fl , (1 l = 3.32)",Aktion,"2,49 €","b'Bestellung ab 18 Jahren.F\xc3\xbcr dieses Produkt gilt das Jugendschutzgesetz.ProduktbeschreibungArtikelnummer 315192Bring Faber in dein Leben!Zutaten & AllergeneZutaten: Enth\xc3\xa4lt SULFITEAllergenhinweise: Enth\xc3\xa4lt: Schwefeldioxid und Sulfite.HinweiseAufbewahrungs- und Verwendungshinweis: Stets k\xc3\xbchl und dunkel lagern.ArtikeldetailsMarke: FaberUrsprungsland: DeutschlandAlkoholgehalt: 11 % Vol.Packungsgr\xc3\xb6\xc3\x9fe: 0,75lKontaktKontaktname: Sektkellerei Faber GmbHKontaktadresse: Niederkircher Str. 27, 54294 Trier/DeutschlandMaximale Bestellmenge: 15 St\xc3\xbcckF\xc3\xbcr die vorstehenden Angaben wird keine Haftung \xc3\xbcbernommen. Bitte pr\xc3\xbcfen Sie im Einzelfall die Angaben auf der jeweiligen Produktverpackung, nur diese sind verbindlich.Das Produktdesign kann von der Abbildung abweichen.'",Furtwanglerstr. 15,Rewe,Wein & Spirituosen,2023-07-09,"Gültig ab morgen bis Samstag, 15.07.2023"
Mionetto Prosecco Spumante DOC,https://img.rewe-static.de/KLEIN28_2023/2104631/22280027-24_digital-image.png?impolicy=s-offers&imwidth=200&output-format=image/webp,,https://shop.rewe.de/productList?search=7686361,,"versch. Sorten , je 0,75-l-Fl , (1 l = 9.32)",Aktion,"6,99 €","b""Bestellung ab 18 Jahren.F\xc3\xbcr dieses Produkt gilt das Jugendschutzgesetz.ProduktbeschreibungArtikelnummer 2104631Der Prosecco D.O.C. Treviso Brut der Prestige-Linie \xc3\xbcberrascht selbst ausgesprochene Kenner. \nDieser hochwertige Spumante interpretiert die Kategorie 'Brut' v\xc3\xb6llig neu und z\xc3\xa4hlt geschmacklich zu den modernsten seiner Klasse. \nDer Prosecco D.O.C. Treviso Brut besticht durch seine leuchtend strohgelbe Farbe, intensive Perlage, ein fruchtiges Bukett nach Golden Delicious \xc3\x84pfeln und Birnen \nsowie durch feine Aromen nach Akazienhonig. Mionetto Prosecco D.O.C. Treviso Brut zeichnet sich durch sein elegantes Design aus. Das raffiniert moderne Etikett im 27-Grad-Winkel spiegelt sich in der Halsschleife wider.\n\nAlkoholgehalt: 11% Vol.... mehr anzeigenZutaten & AllergeneZutaten:  Enth\xc3\xa4lt Sulfite Zusatzstoffe: E 220Allergenhinweise: Schwefeldioxid und Sulfite in einer Konzentration von mehr als 10 mg/kg oder 10 mg/l, als SO2 angegebenArtikeldetailsMarke: MionettoUrsprungsland: ItalienKontaktKontaktname: Mionetto SPAKontaktadresse: Valdobbiadene, ItalienMaximale Bestellmenge: 15 St\xc3\xbcckF\xc3\xbcr die vorstehenden Angaben wird keine Haftung \xc3\xbcbernommen. Bitte pr\xc3\xbcfen Sie im Einzelfall die Angaben auf der jeweiligen Produktverpackung, nur diese sind verbindlich.Das Produktdesign kann von der Abbildung abweichen.""",Furtwanglerstr. 15,Rewe,Wein & Spirituosen,2023-07-09,"Gültig ab morgen bis Samstag, 15.07.2023"
Cellini Grappa Oro,https://img.rewe-static.de/KLEIN28_2023/9687947/3673940-23_digital-image.png?impolicy=s-offers&imwidth=200&output-format=image/webp,,https://shop.rewe.de/productList?search=7686361,,"38% Vol. , je 0,7-l-Fl , (1 l = 12.84)",Aktion,"8,99 €","b'Bestellung ab 18 Jahren.F\xc3\xbcr dieses Produkt gilt das Jugendschutzgesetz.ProduktbeschreibungArtikelnummer 9687947Zutaten & AllergeneAllergenhinweise: Enth\xc3\xa4lt: Keine deklarationspflichtigen Allergene enthalten.HinweiseAufbewahrungs- und Verwendungshinweis: Lagerf\xc3\xa4higkeit 2-3 Jahre, bei Zimmertemperatur servierenArtikeldetailsMarke: CelliniUrsprungsland: ItalienAlkoholgehalt: 38 % Vol.KontaktKontaktname: Rolf Herzberger GmbH & Co. KGKontaktadresse: Am Felsbrunnen 8, 66119 Saarbr\xc3\xbcckenMaximale Bestellmenge: 15 St\xc3\xbcckF\xc3\xbcr die vorstehenden Angaben wird keine Haftung \xc3\xbcbernommen. Bitte pr\xc3\xbcfen Sie im Einzelfall die Angaben auf der jeweiligen Produktverpackung, nur diese sind verbindlich.Das Produktdesign kann von der Abbildung abweichen.'",Furtwanglerstr. 15,Rewe,Wein & Spirituosen,2023-07-09,"Gültig ab morgen bis Samstag, 15.07.2023"
La Gioiosa Prosecco Frizzante Treviso DOC,https://img.rewe-static.de/KLEIN28_2023/0321558/7433190-34_digital-image.png?impolicy=s-offers&imwidth=200&output-format=image/webp,,https://shop.rewe.de/productList?search=7686361,,"je 0,75-l-Fl , (1 l = 7.99)",Aktion,"5,99 €","b'Bestellung ab 18 Jahren.F\xc3\xbcr dieses Produkt gilt das Jugendschutzgesetz.ProduktbeschreibungArtikelnummer 321558Alkoholgehalt: 10 % Vol. Zutaten & AllergeneZutaten: Nicht deklariert:Perlwein, Antioxidationsmittel (Ascorbins\xc3\xa4ure, Schwefeldioxid). Zusatzstoffe: E 220Allergenhinweise: Schwefeldioxid und Sulfite in einer Konzentration von mehr als 10 mg/kg oder 10 mg/l, als SO2 angegebenN\xc3\xa4hrwerteDurchschnittliche N\xc3\xa4hrwertepro 100 mlEnergie292 kJEnergie70 kcalFett0 gFett, davon ges\xc3\xa4ttigte Fetts\xc3\xa4uren0 gKohlenhydrate2,9 gKohlenhydrate, davon Zucker1,1 gEiwei\xc3\x9f< 0,1 gSalz< 0,02 gHinweiseVerwendungshinweise: Trocken und k\xc3\xbchl lagern. Vor Licht sch\xc3\xbctzen.ArtikeldetailsMarke: La GioiosaUrsprungsland: ItalienKontaktKontaktname: La Gioiosa S.p.A.Kontaktadresse: Crocetta del Montello, 31035, ItalienMaximale Bestellmenge: 15 St\xc3\xbcckF\xc3\xbcr die vorstehenden Angaben wird keine Haftung \xc3\xbcbernommen. Bitte pr\xc3\xbcfen Sie im Einzelfall die Angaben auf der jeweiligen Produktverpackung, nur diese sind verbindlich.Das Produktdesign kann von der Abbildung abweichen.'",Furtwanglerstr. 15,Rewe,Wein & Spirituosen,2023-07-09,"Gültig ab morgen bis Samstag, 15.07.2023"
Ariel Allin1 Pods Universal,https://img.rewe-static.de/KLEIN28_2023/8899882/38159502-11_digital-image.png?impolicy=s-offers&imwidth=200&output-format=image/webp,,https://shop.rewe.de/p/ariel-universalwaschmittel-all-in-1-pods-321g-15wl/8899882,,"je 15-WL-Pckg , (1 WL = 0.30)",Knaller,"4,49 €","Gefahren- / WarnhinweiseGefahrVerursacht Hautreizungen. Verursacht schwere Augenschäden. Schädlich für Wasserorganismen, mit langfristiger Wirkung. Enthält Methyl 2-[[[4-(4-hydroxy-4-methylpentyl)-3-cyclohexenyl]methylene]amino]Benzoate Kann allergische Reaktionen hervorrufen. BEI KONTAKT MIT DEN AUGEN: Einige Minuten lang behutsam mit Wasser spülen. BEI BERÜHRUNG MIT DER HAUT: Mit viel Wasser waschen. Sofort GIFTINFORMATIONSZENTRUM/Arzt anrufen. Behälter nur völlig restentleert gemäß den jeweiligen örtlichen Regelungen der Wertstoffsammlung / Entsorgung zuführen. Darf nicht in die Hände von Kindern gelangen. BEI VERSCHLUCKEN: Mund ausspülen. KEIN Erbrechen herbeiführen. ProduktbeschreibungArtikelnummer 8899882Entdecke Ariel, die Nr. 1 meist empfohlene Waschmittelmarke von führenden Waschmaschinenmarken in Deutschland, wie: Bauknecht, Siemens, Bosch, AEG. Die Ariel All-in-1 PODS Universal+ haben eine zusätzliche rote Kammer und bieten ausgezeichnete Fleckentfernung selbst in kaltem Wasser beim 1. Waschen. Sie wirken selbst bei 7 Tage alten, eingetrockneten Flecken. Die Ariel All-in-1 PODS Waschkapseln wurden für die Kaltwäsche entwickelt und lösen sich selbst in kaltem Wasser schnell auf. Wasche kälter mit den Ariel All-in-1 PODS Universal+: Spare Energie bei jedem Waschgang und reduziere Deine CO₂-Emissionen. Zudem tragen die Ariel All-in-1 PODS auch zum Reduzieren von Plastik bei dank der recycelbaren ECOCLIC Kartonbox, die in der Altpapiertonne recycelbar ist. Zu 70 % aus recycelten Fasern hergestellt, enthält sie nur maximal 5 % Plastik und wurde entwickelt, um Deine PODS zu schützen. Die zu 100 % wasserlösliche Folie der Ariel All-in-1 PODS-Waschkapseln löst sich schnell bei Kontakt mit dem Wasser auf und setzt die kraftvolle Formel zur Fleckenentfernung frei. Achtung: Darf nicht in die Hände von Kindern gelangen. Verursacht schwere Augenschäden und Hautreizungen. Bewahre die Ariel All-in-1 PODS Waschkapseln stets außer Reichweite von Kindern auf. Mehr unter keepcapsfromkids.eu.HinweiseInformation: Verursacht schwere Augenschäden. Verursacht Hautreizungen. Schädlich für Wasserorganismen, mit langfristiger Wirkung. Darf nicht in die Hände von Kindern gelangen. BEI KONTAKT MIT DEN AUGEN: Einige Minuten lang behutsam mit Wasser spülen. BEI BERÜHRUNG MIT DER HAUT: Mit viel Wasser waschen. BEI VERSCHLUCKEN: Mund ausspülen. KEIN Erbrechen herbeiführen. Sofort GIFTINFORMATIONSZENTRUM/Arzt anrufen. Enthält MEA-C10-13 Alkyl Benzenesulfonate, MEA-Laureth Sulfate, C12-14 Pareth-n. Enthält Tetramethyl Acetyloctahydronaphthalenes, Methyl Hydroxy-Methylpentylcyclohexenyl-Methyleneaminobenzoate. Kann allergische Reaktionen hervorrufen. Mit trockenen Händen verwenden. Nicht einstechen, aufreißen oder zerschneiden.ArtikeldetailsMarke: ArielUrsprungsland: FrankreichKontaktKontaktname: Procter & Gamble International Operations SAKontaktadresse: 47 route de Saint-Georges, 1213 Petit-Lancy, Switzerland.Für die vorstehenden Angaben wird keine Haftung übernommen. Bitte prüfen Sie im Einzelfall die Angaben auf der jeweiligen Produktverpackung, nur diese sind verbindlich.Das Produktdesign kann von der Abbildung abweichen.",Furtwanglerstr. 15,Rewe,Haushalt,2023-07-09,"Gültig ab morgen bis Samstag, 15.07.2023"
Ariel Colorwaschmittel flüssig,https://img.rewe-static.de/KLEIN28_2023/7706043/38159482-5_digital-image.png?impolicy=s-offers&imwidth=200&output-format=image/webp,,https://shop.rewe.de/p/ariel-colorwaschmittel-fluessig-20wl-1l/7706043,,"je 20-WL-Fl , (1 WL = 0.24)",Knaller,"4,49 €","Gefahren- / WarnhinweiseAchtungVerursacht schwere Augenreizung. Enthält Benzisothiazolinone, Isoeugenol, Delta-Damascone, Tetrahydrolinalool Kann allergische Reaktionen
BEI VERSCHLUCKEN: Bei Unwohlsein GIFTINFORMATIONSZENTRUM oder Arzt anrufen. Darf nicht in die Hände von Kindern gelangen. BEI KONTAKT MIT DEN AUGEN: Einige Minuten lang behutsam mit Wasser spülen. ProduktbeschreibungArtikelnummer 7706043Entdecke Ariel, die Nr.1 meist empfohlene Waschmittelmarke von führenden Waschmaschinenmarken in Deutschland, wie: Bauknecht Siemens Bosch AEG. Ariel präsentiert das Flüssigwaschmittel Color+ für ausgezeichnete Fleckentfernung beim 1. Waschen selbst in kälteren Temperaturen. Die Formel mit der einzigartigen COOL CLEAN Technologie wurde speziell für die Kaltwäsche entwickelt. Wasche kälter mit Ariel Flüssigwaschmittel: Spare bei jedem Waschgang Energie und reduziere die CO₂-Emissionen deiner Wäsche. Der Flaschenkörper von Ariel Flüssigwaschmittel ist zu 100 % recyclebar (Dosierkappe und Etikett ausgenommen). Du kannst Ariel Flüssigwaschmittel Farbschutz mit der grünen Dosierkappe außerdem zur Vorbehandlung von Flecken verwenden, bevor du deine Kleidung in die Waschmaschine gibst. Für beste Ergebnisse, gebe eine mit Ariel Waschmittel gefüllte Dosierkappe in die Waschmaschinentrommel. Aus Umweltgründen verfügen nicht alle Flaschen über eine Dosierhilfe. Diese ist kostenlos über die Webseite ariel.info erhältlich.HinweiseInformation: Verursacht schwere Augenreizung. Darf nicht in die Hände von Kindern gelangen. BEI KONTAKT MIT DEN AUGEN: Einige Minuten lang behutsam mit Wasser spülen. BEI VERSCHLUCKEN: Bei Unwohlsein GIFTINFORMATIONSZENTRUM/Arzt anrufen. Enthält Benzisothiazolinone, Delta-Damascone, Tetrahydrolinalool, Isoeugenol. Kann allergische Reaktionen hervorrufen.ArtikeldetailsMarke: ArielUrsprungsland: FrankreichKontaktKontaktname: Procter & Gamble International Operations SAKontaktadresse: 47 route de Saint-Georges, 1213 Petit-Lancy, Switzerland.Für die vorstehenden Angaben wird keine Haftung übernommen. Bitte prüfen Sie im Einzelfall die Angaben auf der jeweiligen Produktverpackung, nur diese sind verbindlich.Das Produktdesign kann von der Abbildung abweichen.",Furtwanglerstr. 15,Rewe,Haushalt,2023-07-09,"Gültig ab morgen bis Samstag, 15.07.2023"
Febreze 3 Volution Duftstecker,https://img.rewe-static.de/KLEIN28_2023/7715733/37775440-3_digital-image.png?impolicy=s-offers&imwidth=200&output-format=image/webp,,https://shop.rewe.de/p/ariel-colorwaschmittel-fluessig-20wl-1l/7706043,,"Vanille , je 20-ml-Pckg , (1 l = 249.50)",Aktion,"4,99 €",nan,Furtwanglerstr. 15,Rewe,Haushalt,2023-07-09,"Gültig ab morgen bis Samstag, 15.07.2023"
Spee Aktiv Gel Waschmittel,https://img.rewe-static.de/KLEIN28_2023/8907195/38626507-8_digital-image.png?impolicy=s-offers&imwidth=200&output-format=image/webp,,https://shop.rewe.de/p/spee-vollwaschmittel-aktiv-gel-990ml-22wl/8907195,,"je 22-WL-Fl , (1 WL = 0.18)",Aktion,"3,99 €","Gefahren- / WarnhinweiseAchtungKann allergische Hautreaktionen verursachen. Verursacht schwere Augenreizung. Ist ärztlicher Rat erforderlich, Verpackung oder Kennzeichnungsetikett bereithalten. Darf nicht in die Hände von Kindern gelangen. Schutzhandschuhe/Schutzkleidung/Augenschutz/Gesichtsschutz tragen. BEI BERÜHRUNG MIT DER HAUT: Mit viel Wasser waschen. BEI KONTAKT MIT DEN AUGEN: Einige Minuten lang behutsam mit Wasser spülen. Eventuell vorhandene Kontaktlinsen nach Möglichkeit entfernen. Weiter spülen. Bei anhaltender Augenreizung: Ärztlichen Rat einholen/ärztliche Hilfe hinzuziehen. Inhalt/Behälter gemäß nationalen Vorschriften der Entsorgung zuführen. ProduktbeschreibungArtikelnummer 8907195ArtikeldetailsMarke: SpeeUrsprungsland: DeutschlandKontaktKontaktname: Henkel AG & Co. KGaAKontaktadresse: D-40191 DüsseldorfMaximale Bestellmenge: 15 StückFür die vorstehenden Angaben wird keine Haftung übernommen. Bitte prüfen Sie im Einzelfall die Angaben auf der jeweiligen Produktverpackung, nur diese sind verbindlich.Das Produktdesign kann von der Abbildung abweichen.",Furtwanglerstr. 15,Rewe,Haushalt,2023-07-09,"Gültig ab morgen bis Samstag, 15.07.2023"
Febreze Bad Lufterfrischer,https://img.rewe-static.de/KLEIN28_2023/7667920/37775438-3_digital-image.png?impolicy=s-offers&imwidth=200&output-format=image/webp,,https://shop.rewe.de/p/spee-vollwaschmittel-aktiv-gel-990ml-22wl/8907195,,"Vanille , je 15-ml-Pckg , (1 l = 332.67)",Aktion,"4,99 €",nan,Furtwanglerstr. 15,Rewe,Haushalt,2023-07-09,"Gültig ab morgen bis Samstag, 15.07.2023"
Somat Allin1 Geschirrreingertabs,https://img.rewe-static.de/KLEIN28_2023/8866769/38621807-5_digital-image.png?impolicy=s-offers&imwidth=200&output-format=image/webp,,https://shop.rewe.de/p/spee-vollwaschmittel-aktiv-gel-990ml-22wl/8907195,,"je 25-Tab-Pckg , (1 Tab = 0.18)",Aktion,"4,49 €","b'Gefahren- / WarnhinweiseAchtungVerursacht schwere Augenreizung. Ist \xc3\xa4rztlicher Rat erforderlich, Verpackung oder Kennzeichnungsetikett bereithalten. Darf nicht in die H\xc3\xa4nde von Kindern gelangen. Schutzhandschuhe/Schutzkleidung/Augenschutz/Gesichtsschutz tragen. BEI KONTAKT MIT DEN AUGEN: Einige Minuten lang behutsam mit Wasser sp\xc3\xbclen. Eventuell vorhandene Kontaktlinsen nach M\xc3\xb6glichkeit entfernen. Weiter sp\xc3\xbclen. Bei anhaltender Augenreizung: \xc3\x84rztlichen Rat einholen/\xc3\xa4rztliche Hilfe hinzuziehen. ProduktbeschreibungArtikelnummer 8866769ArtikeldetailsMarke: SomatUrsprungsland: DeutschlandKontaktKontaktname: Henkel Wasch- und Reinigungsmittel GmbHKontaktadresse: D-40191 D\xc3\xbcsseldorfMaximale Bestellmenge: 15 St\xc3\xbcckF\xc3\xbcr die vorstehenden Angaben wird keine Haftung \xc3\xbcbernommen. Bitte pr\xc3\xbcfen Sie im Einzelfall die Angaben auf der jeweiligen Produktverpackung, nur diese sind verbindlich.Das Produktdesign kann von der Abbildung abweichen.'",Furtwanglerstr. 15,Rewe,Haushalt,2023-07-09,"Gültig ab morgen bis Samstag, 15.07.2023"
Somat Classic Geschirrreinigertabs,https://img.rewe-static.de/KLEIN28_2023/8867064/38620868-4_digital-image.png?impolicy=s-offers&imwidth=200&output-format=image/webp,,https://shop.rewe.de/p/spee-vollwaschmittel-aktiv-gel-990ml-22wl/8907195,,"je 36-Tab-Pckg , (1 Tab = 0.12)",Aktion,"4,49 €","b'Gefahren- / WarnhinweiseAchtungVerursacht schwere Augenreizung. Ist \xc3\xa4rztlicher Rat erforderlich, Verpackung oder Kennzeichnungsetikett bereithalten. Darf nicht in die H\xc3\xa4nde von Kindern gelangen. Schutzhandschuhe/Schutzkleidung/Augenschutz/Gesichtsschutz tragen. BEI KONTAKT MIT DEN AUGEN: Einige Minuten lang behutsam mit Wasser sp\xc3\xbclen. Eventuell vorhandene Kontaktlinsen nach M\xc3\xb6glichkeit entfernen. Weiter sp\xc3\xbclen. Bei anhaltender Augenreizung: \xc3\x84rztlichen Rat einholen/\xc3\xa4rztliche Hilfe hinzuziehen. ProduktbeschreibungArtikelnummer 8867064ArtikeldetailsMarke: SomatUrsprungsland: DeutschlandKontaktKontaktname: Henkel Wasch- und Reinigungsmittel GmbHKontaktadresse: D-40191 D\xc3\xbcsseldorfMaximale Bestellmenge: 15 St\xc3\xbcckF\xc3\xbcr die vorstehenden Angaben wird keine Haftung \xc3\xbcbernommen. Bitte pr\xc3\xbcfen Sie im Einzelfall die Angaben auf der jeweiligen Produktverpackung, nur diese sind verbindlich.Das Produktdesign kann von der Abbildung abweichen.'",Furtwanglerstr. 15,Rewe,Haushalt,2023-07-09,"Gültig ab morgen bis Samstag, 15.07.2023"
Toppits Zipper Allzweck-Beutel,https://img.rewe-static.de/KLEIN28_2023/2383028/23889292-18_digital-image.png?impolicy=s-offers&imwidth=200&output-format=image/webp,,https://shop.rewe.de/p/spee-vollwaschmittel-aktiv-gel-990ml-22wl/8907195,,"3 Liter , je 8-St.-Pckg",Aktion,"1,79 €","b'ProduktbeschreibungArtikelnummer 2383028Der Zipper von Toppits ist die Allzweckl\xc3\xb6sung im Haushalt. Egal ob zum Frischhalten und Einfrieren von Lebensmitteln oder zum bequemen Transport - der Zipper ist der vielseitige K\xc3\xbcchenhelfer schlechthin. Der patentierte Zipper Rei\xc3\x9fverschluss und der praktische Standboden machen den Zipper zu etwas ganz besonderem. \n\nInhalt: 8 Beutel. Ma\xc3\x9fe: 25,4cm L\xc3\xa4nge / 27cm Breite. Die Toppits\xc2\xae Zipper\xc2\xae Beutel sind die Allrounder f\xc3\xbcr zuhause und unterwegs. Dank ihres Rei\xc3\x9fverschlusses halten sie absolut dicht und schlie\xc3\x9fen mit dem typischen ZZZiip Ger\xc3\xa4usch. Ihre hochwertige Spezialfolie ist besonders rei\xc3\x9ffest und wasserdicht. Die wiederverschlie\xc3\x9fbaren Zipper\xc2\xae  Beutel sind mehrfach und universell einsetzbar - ob zum Einfrieren und Frischhalten von Lebensmitteln oder zum sicheren und bequemen Aufbewahren, Sortieren und Transportieren kleinerer Gegenst\xc3\xa4nde aller Art und d\xc3\xbcrfen sogar in der Sp\xc3\xbclmaschine gereinigt werden.HinweiseInformation: Kein Spielzeug! Von Kindern fernhalten - ErstickungsgefahrArtikeldetailsMarke: ToppitsUrsprungsland: PolenKontaktKontaktname: Cofresco Frischhalteprodukte GmbH & Co. KGKontaktadresse: Ringstrasse 99, 32427 MindenMaximale Bestellmenge: 15 St\xc3\xbcckF\xc3\xbcr die vorstehenden Angaben wird keine Haftung \xc3\xbcbernommen. Bitte pr\xc3\xbcfen Sie im Einzelfall die Angaben auf der jeweiligen Produktverpackung, nur diese sind verbindlich.Das Produktdesign kann von der Abbildung abweichen.'",Furtwanglerstr. 15,Rewe,Haushalt,2023-07-09,"Gültig ab morgen bis Samstag, 15.07.2023"
Toppits Zipper Allzweck-Beutel,https://img.rewe-static.de/KLEIN28_2023/2383024/23889433-20_digital-image.png?impolicy=s-offers&imwidth=200&output-format=image/webp,,https://shop.rewe.de/p/spee-vollwaschmittel-aktiv-gel-990ml-22wl/8907195,,"1 Liter , je 12-St.-Pckg",Aktion,"1,79 €","b'ProduktbeschreibungArtikelnummer 2383024Der Zipper von Toppits ist die Allzweckl\xc3\xb6sung im Haushalt. Egal ob zum Frischhalten und Einfrieren von Lebensmitteln oder zum bequemen Transport - der Zipper ist der vielseitige K\xc3\xbcchenhelfer schlechthin. Der patentierte Zipper Rei\xc3\x9fverschluss und der praktische Standboden machen den Zipper zu etwas ganz besonderem. \nInhalt: 12 Beutel. Ma\xc3\x9fe: 20,5cm Breite / 16,2cm L\xc3\xa4nge. Die Toppits\xc2\xae Zipper\xc2\xae Beutel sind die Allrounder f\xc3\xbcr zuhause und unterwegs. Dank ihres Rei\xc3\x9fverschlusses halten sie absolut dicht und schlie\xc3\x9fen mit dem typischen ZZZiip Ger\xc3\xa4usch. Ihre hochwertige Spezialfolie ist besonders rei\xc3\x9ffest und wasserdicht. Die wiederverschlie\xc3\x9fbaren Zipper\xc2\xae  Beutel sind mehrfach und universell einsetzbar - ob zum Einfrieren und Frischhalten von Lebensmitteln oder zum sicheren und bequemen Aufbewahren, Sortieren und Transportieren kleinerer Gegenst\xc3\xa4nde aller Art und d\xc3\xbcrfen sogar in der Sp\xc3\xbclmaschine gereinigt werden.HinweiseInformation: Kein Spielzeug! Von Kindern fernhalten \xe2\x80\x93 Erstickungsgefahr!ArtikeldetailsMarke: ToppitsUrsprungsland: PolenKontaktKontaktname: Cofresco Frischhalteprodukte GmbH & Co. KGKontaktadresse: Ringstrasse 99, 32427 MindenMaximale Bestellmenge: 15 St\xc3\xbcckF\xc3\xbcr die vorstehenden Angaben wird keine Haftung \xc3\xbcbernommen. Bitte pr\xc3\xbcfen Sie im Einzelfall die Angaben auf der jeweiligen Produktverpackung, nur diese sind verbindlich.Das Produktdesign kann von der Abbildung abweichen.'",Furtwanglerstr. 15,Rewe,Haushalt,2023-07-09,"Gültig ab morgen bis Samstag, 15.07.2023"
Der General Allzweckreiniger,https://img.rewe-static.de/KLEIN28_2023/2440649/32569301-7_digital-image.png?impolicy=s-offers&imwidth=200&output-format=image/webp,,https://shop.rewe.de/p/spee-vollwaschmittel-aktiv-gel-990ml-22wl/8907195,,"Bergfrühling , je 750-ml-Fl , (1 l = 2.12)",Aktion,"1,59 €","b'Gefahren- / WarnhinweiseEnth\xc3\xa4lt POLYETHERPOLYPHOSPHAT. Kann allergische Reaktionen\r\nhervorrufen.ProduktbeschreibungArtikelnummer 2440649\xe2\x80\xa2Repair und Refresh Effekt \xe2\x80\x93 DER GENERAL f\xc3\xbcllt wirksam kleinste Kratzer und Besch\xc3\xa4digungen auf und sorgt f\xc3\xbcr langanhaltenden Glanz und Frische auf den behandelten Oberfl\xc3\xa4chen \n \n\xe2\x80\xa2Ideale Reinigung \xe2\x80\x93 DER GENERAL Universalreiniger beseitigt hartn\xc3\xa4ckigen Schmutz und Fett wie bew\xc3\xa4hrt leicht und gr\xc3\xbcndlich \n \n\xe2\x80\xa2Langanhaltende Frische - Der typisch frische Duft des Bergfr\xc3\xbchlings sorgt f\xc3\xbcr ein langanhaltendes Dufterlebnis, auch noch lange nach dem Putzen \n \n\xe2\x80\xa2Schnelle Trocknung und Strahlender Glanz \xe2\x80\x93 DER GENERAL Universalreiniger trocknet schnell und sorgt f\xc3\xbcr ein streifenfreies Ergebnis ohne R\xc3\xbcckst\xc3\xa4nde, damit kein Nachwischen erforderlich ist. \n \n \nDER GENERAL Universalreiniger Bergfr\xc3\xbchling beseitigt sowohl hartn\xc3\xa4ckigen Schmutz als auch Fett bew\xc3\xa4hrt leicht und gr\xc3\xbcndlich und sorgt f\xc3\xbcr strahlenden Glanz auf allen Oberfl\xc3\xa4chen. Gl\xc3\xa4nzendes Ergebnis auf allen feucht abwischbaren Oberfl\xc3\xa4chen schon nach dem ersten Wisch.Der typisch frische Fr\xc3\xbchlingsduft wie in den Bergen bereitet ein lang anhaltendes Dufterlebnis noch lange nach dem Putzen.... mehr anzeigenArtikeldetailsMarke: Der GeneralUrsprungsland: DeutschlandKontaktKontaktname: Henkel Wasch- und Reinigungsmittel GmbHKontaktadresse: D-40191 D\xc3\xbcsseldorfMaximale Bestellmenge: 15 St\xc3\xbcckF\xc3\xbcr die vorstehenden Angaben wird keine Haftung \xc3\xbcbernommen. Bitte pr\xc3\xbcfen Sie im Einzelfall die Angaben auf der jeweiligen Produktverpackung, nur diese sind verbindlich.Das Produktdesign kann von der Abbildung abweichen.'",Furtwanglerstr. 15,Rewe,Haushalt,2023-07-09,"Gültig ab morgen bis Samstag, 15.07.2023"
Perwoll Renew Schwarz Waschmittel,https://img.rewe-static.de/KLEIN28_2023/7725449/38485168-5_digital-image.png?impolicy=s-offers&imwidth=200&output-format=image/webp,,https://shop.rewe.de/p/spee-vollwaschmittel-aktiv-gel-990ml-22wl/8907195,,"je 25-WL-Fl , (1 WL = 0.17)",Aktion,"4,29 €","b'Gefahren- / WarnhinweiseAchtungVerursacht schwere Augenreizung. Kann allergische Hautreaktionen verursachen. Ist \xc3\xa4rztlicher Rat erforderlich, Verpackung oder Kennzeichnungsetikett bereithalten. Darf nicht in die H\xc3\xa4nde von Kindern gelangen. Schutzhandschuhe/Schutzkleidung/Augenschutz/Gesichtsschutz tragen. BEI BER\xc3\x9cHRUNG MIT DER HAUT: Mit viel Wasser waschen. BEI KONTAKT MIT DEN AUGEN: Einige Minuten lang behutsam mit Wasser sp\xc3\xbclen. Eventuell vorhandene Kontaktlinsen nach M\xc3\xb6glichkeit entfernen. Weiter sp\xc3\xbclen. Bei anhaltender Augenreizung: \xc3\x84rztlichen Rat einholen/\xc3\xa4rztliche Hilfe hinzuziehen. Inhalt/Beh\xc3\xa4lter gem\xc3\xa4\xc3\x9f nationalen Vorschriften der Entsorgung zuf\xc3\xbchren.ProduktbeschreibungArtikelnummer 7725449ArtikeldetailsMarke: PerwollUrsprungsland: DeutschlandKontaktKontaktname: Henkel Wasch- und Reinigungsmittel GmbHKontaktadresse: D-40191 D\xc3\xbcsseldorfMaximale Bestellmenge: 15 St\xc3\xbcckF\xc3\xbcr die vorstehenden Angaben wird keine Haftung \xc3\xbcbernommen. Bitte pr\xc3\xbcfen Sie im Einzelfall die Angaben auf der jeweiligen Produktverpackung, nur diese sind verbindlich.Das Produktdesign kann von der Abbildung abweichen.'",Furtwanglerstr. 15,Rewe,Haushalt,2023-07-09,"Gültig ab morgen bis Samstag, 15.07.2023"
Perwoll Renew Wolle & Feines Waschmittel,https://img.rewe-static.de/KLEIN28_2023/8867091/38485180-5_digital-image.png?impolicy=s-offers&imwidth=200&output-format=image/webp,,https://shop.rewe.de/p/spee-vollwaschmittel-aktiv-gel-990ml-22wl/8907195,,"je 21-WL-Fl , (1 WL = 0.20)",Aktion,"4,29 €","b'Gefahren- / WarnhinweiseAchtungVerursacht schwere Augenreizung. Kann allergische Hautreaktionen verursachen.  Ist \xc3\xa4rztlicher Rat erforderlich, Verpackung oder Kennzeichnungsetikett bereithalten. Darf nicht in die H\xc3\xa4nde von Kindern gelangen. Schutzhandschuhe/Schutzkleidung/Augenschutz/Gesichtsschutz tragen. BEI BER\xc3\x9cHRUNG MIT DER HAUT: Mit viel Wasser waschen. BEI KONTAKT MIT DEN AUGEN: Einige Minuten lang behutsam mit Wasser sp\xc3\xbclen. Eventuell vorhandene Kontaktlinsen nach M\xc3\xb6glichkeit entfernen. Weiter sp\xc3\xbclen. Bei anhaltender Augenreizung: \xc3\x84rztlichen Rat einholen/\xc3\xa4rztliche Hilfe hinzuziehen. Inhalt/Beh\xc3\xa4lter gem\xc3\xa4\xc3\x9f nationalen Vorschriften der Entsorgung zuf\xc3\xbchren.ProduktbeschreibungArtikelnummer 8867091ArtikeldetailsMarke: PerwollUrsprungsland: DeutschlandKontaktKontaktname: Henkel Wasch- und Reinigungsmittel GmbHKontaktadresse: D-40191 D\xc3\xbcsseldorfMaximale Bestellmenge: 15 St\xc3\xbcckF\xc3\xbcr die vorstehenden Angaben wird keine Haftung \xc3\xbcbernommen. Bitte pr\xc3\xbcfen Sie im Einzelfall die Angaben auf der jeweiligen Produktverpackung, nur diese sind verbindlich.Das Produktdesign kann von der Abbildung abweichen.'",Furtwanglerstr. 15,Rewe,Haushalt,2023-07-09,"Gültig ab morgen bis Samstag, 15.07.2023"
Love Nature Colorwaschmittel flüssig,https://img.rewe-static.de/KLEIN28_2023/7778383/36786099-8_digital-image.png?impolicy=s-offers&imwidth=200&output-format=image/webp,,https://shop.rewe.de/p/spee-vollwaschmittel-aktiv-gel-990ml-22wl/8907195,,"je 20-WL-Fl , (1 WL = 0.21)",Aktion,"4,29 €","b'Gefahren- / WarnhinweiseGefahrVerursacht Hautreizungen. Verursacht schwere Augensch\xc3\xa4den. Ist \xc3\xa4rztlicher Rat erforderlich, Verpackung oder Kennzeichnungsetikett bereithalten. Darf nicht in die H\xc3\xa4nde von Kindern gelangen. Schutzhandschuhe/Schutzkleidung/Augenschutz/Gesichtsschutz tragen. BEI BER\xc3\x9cHRUNG MIT DER HAUT: Mit viel Wasser waschen. BEI KONTAKT MIT DEN AUGEN: Einige Minuten lang behutsam mit Wasser sp\xc3\xbclen. Eventuell vorhandene Kontaktlinsen nach M\xc3\xb6glichkeit entfernen. Weiter sp\xc3\xbclen. Sofort GIFTINFORMATIONSZENTRUM oder Arzt anrufen. ProduktbeschreibungArtikelnummer 7778383Inhaltsstoffe: 5-15%: anionische Tenside, nichtionische Tenside, Seife. Weitere Inhaltsstoffe: Duftstoffe, Konservierungsmittel (Benzisothiazolinone, Phenoxyethanol), Enzyme (Amylase, Subtilisin, Lipase, Cellulase, Mannanase). ArtikeldetailsMarke: Love NatureUrsprungsland: DeutschlandKontaktKontaktname: Love Nature GmbHKontaktadresse: Niederheider Stra\xc3\x9fe 22. 40589 D\xc3\xbcsseldorfMaximale Bestellmenge: 15 St\xc3\xbcckF\xc3\xbcr die vorstehenden Angaben wird keine Haftung \xc3\xbcbernommen. Bitte pr\xc3\xbcfen Sie im Einzelfall die Angaben auf der jeweiligen Produktverpackung, nur diese sind verbindlich.Das Produktdesign kann von der Abbildung abweichen.'",Furtwanglerstr. 15,Rewe,Haushalt,2023-07-09,"Gültig ab morgen bis Samstag, 15.07.2023"
Pril Geschirrspülmittel,https://img.rewe-static.de/KLEIN28_2023/7984180/32682384-2_digital-image.png?impolicy=s-offers&imwidth=200&output-format=image/webp,,https://shop.rewe.de/p/spee-vollwaschmittel-aktiv-gel-990ml-22wl/8907195,,"Original , je 675-ml-Fl , (1 l = 2.21)",Aktion,"1,49 €","b'Gefahren- / WarnhinweiseAchtungKann allergische Hautreaktionen verursachen. Verursacht schwere Augenreizung. Sch\xc3\xa4dlich f\xc3\xbcr Wasserorganismen, mit langfristiger Wirkung.Ist \xc3\xa4rztlicher Rat erforderlich, Verpackung oder Kennzeichnungsetikett bereithalten. Darf nicht in die H\xc3\xa4nde von Kindern gelangen. BEI KONTAKT MIT DEN AUGEN: Einige Minuten lang behutsam mit Wasser sp\xc3\xbclen. Eventuell vorhandene Kontaktlinsen nach M\xc3\xb6glichkeit entfernen. Weiter sp\xc3\xbclen. Bei anhaltender Augenreizung: \xc3\x84rztlichen Rat einholen/\xc3\xa4rztliche Hilfe hinzuziehen. Inhalt/Beh\xc3\xa4lter gem\xc3\xa4\xc3\x9f nationalen Vorschriften der Entsorgung zuf\xc3\xbchren.ProduktbeschreibungArtikelnummer 7984180Inhaltsstoffe: 5-15%: anionische Tenside, <5%: nichtionische Tenside. Weitere Inhaltsstoffe: Konservierungsmittel (Methylisothiazolinone, Benzisothiazolinone), Duftstoffe (Limonene), Enzyme. ArtikeldetailsMarke: PrilUrsprungsland: DeutschlandKontaktKontaktname: Henkel Wasch- und Reinigungsmittel GmbHKontaktadresse: D-40191 D\xc3\xbcsseldorfMaximale Bestellmenge: 15 St\xc3\xbcckF\xc3\xbcr die vorstehenden Angaben wird keine Haftung \xc3\xbcbernommen. Bitte pr\xc3\xbcfen Sie im Einzelfall die Angaben auf der jeweiligen Produktverpackung, nur diese sind verbindlich.Das Produktdesign kann von der Abbildung abweichen.'",Furtwanglerstr. 15,Rewe,Haushalt,2023-07-09,"Gültig ab morgen bis Samstag, 15.07.2023"
Spee Power Caps Colorwaschmittel,https://img.rewe-static.de/KLEIN28_2023/8904688/38802581-5_digital-image.png?impolicy=s-offers&imwidth=200&output-format=image/webp,,https://shop.rewe.de/p/spee-vollwaschmittel-aktiv-gel-990ml-22wl/8907195,,"je 18-WL-Pckg , (1 WL = 0.22)",Aktion,"3,99 €","b'Gefahren- / WarnhinweiseAchtungVerursacht Hautreizungen. Verursacht schwere Augenreizung. Sch\xc3\xa4dlich f\xc3\xbcr Wasserorganismen, mit langfristiger Wirkung. Enth\xc3\xa4lt Subtilisin. Kann allergische Reaktionen hervorrufen. Ist \xc3\xa4rztlicher Rat erforderlich, Verpackung oder Kennzeichnungsetikett bereithalten. Darf nicht in die H\xc3\xa4nde von Kindern gelangen. BEI BER\xc3\x9cHRUNG MIT DER HAUT: Mit viel Wasser waschen. BEI KONTAKT MIT DEN AUGEN: Einige Minuten lang behutsam mit Wasser sp\xc3\xbclen. Eventuell vorhandene Kontaktlinsen nach M\xc3\xb6glichkeit entfernen. Weiter sp\xc3\xbclen. Bei anhaltender Augenreizung: \xc3\x84rztlichen Rat einholen/\xc3\xa4rztliche Hilfe hinzuziehen. BEI VERSCHLUCKEN: Mund aussp\xc3\xbclen. KEIN Erbrechen herbeif\xc3\xbchren. Sofort GIFTINFORMATIONSZENTRUM/Arzt anrufen. Inhalt/Beh\xc3\xa4lter gem\xc3\xa4\xc3\x9f nationalen Vorschriften der Entsorgung zuf\xc3\xbchren.ProduktbeschreibungArtikelnummer 8904688ArtikeldetailsMarke: SpeeUrsprungsland: UngarnKontaktKontaktname: Henkel AG & Co. KGaAKontaktadresse: D-40191 D\xc3\xbcsseldorfMaximale Bestellmenge: 15 St\xc3\xbcckF\xc3\xbcr die vorstehenden Angaben wird keine Haftung \xc3\xbcbernommen. Bitte pr\xc3\xbcfen Sie im Einzelfall die Angaben auf der jeweiligen Produktverpackung, nur diese sind verbindlich.Das Produktdesign kann von der Abbildung abweichen.'",Furtwanglerstr. 15,Rewe,Haushalt,2023-07-09,"Gültig ab morgen bis Samstag, 15.07.2023"
Pril Geschirrspülmittel,https://img.rewe-static.de/KLEIN28_2023/8430871/30955216-20_digital-image.png?impolicy=s-offers&imwidth=200&output-format=image/webp,,https://shop.rewe.de/p/spee-vollwaschmittel-aktiv-gel-990ml-22wl/8907195,,"Sensitive Aloe Vera , je 450-ml-Fl , (1 l = 3.31)",Aktion,"1,49 €","b'Gefahren- / WarnhinweiseAchtungVerursacht schwere Augenreizung.Ist \xc3\xa4rztlicher Rat erforderlich, Verpackung oder Kennzeichnungsetikett bereithalten. Darf nicht in die H\xc3\xa4nde von Kindern gelangen. BEI KONTAKT MIT DEN AUGEN: Einige Minuten lang behutsam mit Wasser sp\xc3\xbclen. Eventuell vorhandene Kontaktlinsen nach M\xc3\xb6glichkeit entfernen. Weiter sp\xc3\xbclen. Bei anhaltender Augenreizung: \xc3\x84rztlichen Rat einholen/\xc3\xa4rztliche Hilfe hinzuziehenProduktbeschreibungArtikelnummer 8430871Inhaltsstoffe: 5-15%: anionische Tenside, <5%: amphotere Tenside. Weitere Inhaltsstoffe: Konservierungsmittel (Benzisothiazolinone, Phenoxyethanol), Duftstoffe. ArtikeldetailsMarke: PrilUrsprungsland: DeutschlandKontaktKontaktname: Henkel Wasch- und Reinigungsmittel GmbHKontaktadresse: D-40191 D\xc3\xbcsseldorfMaximale Bestellmenge: 15 St\xc3\xbcckF\xc3\xbcr die vorstehenden Angaben wird keine Haftung \xc3\xbcbernommen. Bitte pr\xc3\xbcfen Sie im Einzelfall die Angaben auf der jeweiligen Produktverpackung, nur diese sind verbindlich.Das Produktdesign kann von der Abbildung abweichen.'",Furtwanglerstr. 15,Rewe,Haushalt,2023-07-09,"Gültig ab morgen bis Samstag, 15.07.2023"
WC Frisch Kraft-Aktiv,https://img.rewe-static.de/KLEIN28_2023/8033644/30582431-9_digital-image.png?impolicy=s-offers&imwidth=200&output-format=image/webp,,https://shop.rewe.de/p/spee-vollwaschmittel-aktiv-gel-990ml-22wl/8907195,,"versch. Sorten , je 50-g-Pckg , (1 kg = 33.80)",Aktion,"1,69 €","b'Gefahren- / WarnhinweiseAchtungVerursacht schwere Augenreizung. Verursacht Hautreizungen. Enth\xc3\xa4lt Cineol. Kann allergische Reaktionen hervorrufen. Ist \xc3\xa4rztlicher Rat erforderlich, Verpackung oder Kennzeichnungsetikett bereithalten. Darf nicht in die H\xc3\xa4nde von Kindern gelangen. Schutzhandschuhe/Schutzkleidung/Augenschutz/Gesichtsschutz tragen. BEI BER\xc3\x9cHRUNG MIT DER MAUT: Mit viel Wasser waschen. BEI KONTAKT MIT DEN AUGEN: Einige Minuten lang behutsam mit Wasser sp\xc3\xbclen. Eventuell vorhandene Kontaktlinsen nach M\xc3\xb6glichkeit entfernen. Weiter sp\xc3\xbclen. Bei anhaltender Augenreizung: \xc3\x84rztlichen Rat einholen/\xc3\xa4rztliche Hilfe hinzuziehen. Inhalt/Beh\xc3\xa4lter gem\xc3\xa4\xc3\x9f nationalen Vorschriften der Entsorgung zuf\xc3\xbchren.ProduktbeschreibungArtikelnummer 8033644ArtikeldetailsMarke: WC FrischUrsprungsland: DeutschlandKontaktKontaktname: Henkel Wasch- und Reinigungsmittel GmbHKontaktadresse: D-40191 D\xc3\xbcsseldorfMaximale Bestellmenge: 15 St\xc3\xbcckF\xc3\xbcr die vorstehenden Angaben wird keine Haftung \xc3\xbcbernommen. Bitte pr\xc3\xbcfen Sie im Einzelfall die Angaben auf der jeweiligen Produktverpackung, nur diese sind verbindlich.Das Produktdesign kann von der Abbildung abweichen.'",Furtwanglerstr. 15,Rewe,Haushalt,2023-07-09,"Gültig ab morgen bis Samstag, 15.07.2023"
Sil Fleckenspray,https://img.rewe-static.de/KLEIN28_2023/8522595/32524924-7_digital-image.png?impolicy=s-offers&imwidth=200&output-format=image/webp,,https://shop.rewe.de/p/spee-vollwaschmittel-aktiv-gel-990ml-22wl/8907195,,"je 500-ml-Fl , (1 l = 5.18)",Aktion,"2,59 €","b'Gefahren- / WarnhinweiseGefahrVerursacht schwere Augensch\xc3\xa4den.Ist \xc3\xa4rztlicher Rat erforderlich, Verpackung oder Kennzeichnungsetikett bereithalten. Darf nicht in die H\xc3\xa4nde von Kindern gelangen. Schutzhandschuhe/Schutzkleidung/Augenschutz/Gesichtsschutz tragen. Nur im Freien oder in gut bel\xc3\xbcfteten R\xc3\xa4umen verwenden. Einatmen von Staub/Rauch/Gas/Nebel/Dampf/Aerosol vermeiden. BEI KONTAKT MIT DEN AUGEN: Einige Minuten lang behutsam mit Wasser sp\xc3\xbclen. Eventuell vorhandene Kontaktlinsen nach M\xc3\xb6glichkeit entfernen. Weiter sp\xc3\xbclen. Sofort GIFTINFORMATIONSZENTRUM/Arzt anrufen. ProduktbeschreibungArtikelnummer 8522595Inhaltsstoffe: 5-15%: anionische Tenside, <5%: nichtionische Tenside.\nWeitere Inhaltsstoffe: Duftstoffe. ArtikeldetailsMarke: SilUrsprungsland: DeutschlandKontaktKontaktname: Henkel Wasch- und Reinigungsmittel GmbHKontaktadresse: D-40191 D\xc3\xbcsseldorfMaximale Bestellmenge: 15 St\xc3\xbcckF\xc3\xbcr die vorstehenden Angaben wird keine Haftung \xc3\xbcbernommen. Bitte pr\xc3\xbcfen Sie im Einzelfall die Angaben auf der jeweiligen Produktverpackung, nur diese sind verbindlich.Das Produktdesign kann von der Abbildung abweichen.'",Furtwanglerstr. 15,Rewe,Haushalt,2023-07-09,"Gültig ab morgen bis Samstag, 15.07.2023"
Palmolive Flüssigseife,https://img.rewe-static.de/KLEIN28_2023/1227889/27384433-26_digital-image.png?impolicy=s-offers&imwidth=200&output-format=image/webp,,https://shop.rewe.de/p/spee-vollwaschmittel-aktiv-gel-990ml-22wl/8907195,,"versch. Sorten , je 300-ml-Spender , (1 l = 3.30)",Aktion,"0,99 €","b'ProduktbeschreibungArtikelnummer 1227889Palmolive Hygiene-Plus Sensitive Fl\xc3\xbcssigseife enth\xc3\xa4lt Aloe-Vera-Extrakt und einen nat\xc3\xbcrlichen, antibakteriellen Wirkstoff. Die milde Formel, auch f\xc3\xbcr sensible Haut geeignet, reinigt Ihre H\xc3\xa4nde sanft und hygienisch. Hautvertr\xc3\xa4glichkeit dermatologisch getestet. ArtikeldetailsMarke: PalmoliveUrsprungsland: FrankreichKontaktKontaktname: Colgate Palmolive GABA GmbHKontaktadresse: Beim Strohhause 17 Hamburg 20097Maximale Bestellmenge: 15 St\xc3\xbcckF\xc3\xbcr die vorstehenden Angaben wird keine Haftung \xc3\xbcbernommen. Bitte pr\xc3\xbcfen Sie im Einzelfall die Angaben auf der jeweiligen Produktverpackung, nur diese sind verbindlich.Das Produktdesign kann von der Abbildung abweichen.'",Furtwanglerstr. 15,Rewe,Drogerie,2023-07-09,"Gültig ab morgen bis Samstag, 15.07.2023"
Elvital Spülung,https://img.rewe-static.de/KLEIN28_2023/3233160/26208077-16_digital-image.png?impolicy=s-offers&imwidth=200&output-format=image/webp,,https://shop.rewe.de/p/spee-vollwaschmittel-aktiv-gel-990ml-22wl/8907195,,"Color , je 250-ml-Fl , (1 l = 11.96)",Aktion,"2,99 €","b""Gefahren- / WarnhinweiseBei Kontakt mit den Augen diese gr\xc3\xbcndlich aussp\xc3\xbclen.ProduktbeschreibungArtikelnummer 3233160Die Sp\xc3\xbclung ist die ideale Erg\xc3\xa4nzung zum Color-Glanz Shampoo von Elvital. Die Haarfarbe wird gesch\xc3\xbctzt und ihr wird zu l\xc3\xa4ngerer Leuchtkraft verholfen. F\xc3\xbcr mehr Farbintensit\xc3\xa4t und Farbtreue bis zu zehn Wochen.Inhaltsstoffe1217072 B - INGREDIENTS:  AQUA / WATER \xe2\x80\xa2 CETEARYL ALCOHOL \xe2\x80\xa2 BEHENTRIMONIUM CHLORIDE \xe2\x80\xa2 CETYL ESTERS \xe2\x80\xa2 COCOS NUCIFERA OIL / COCONUT OIL \xe2\x80\xa2 SODIUM BENZOATE \xe2\x80\xa2 PHENOXYETHANOL \xe2\x80\xa2 PAEONIA OFFICINALIS FLOWER EXTRACT \xe2\x80\xa2 ETHYLHEXYL SALICYLATE \xe2\x80\xa2 TRIDECETH-6 \xe2\x80\xa2 CHLORHEXIDINE DIGLUCONATE \xe2\x80\xa2 BENZYL ALCOHOL \xe2\x80\xa2 BENZYL SALICYLATE \xe2\x80\xa2 LINALOOL \xe2\x80\xa2 AMODIMETHICONE \xe2\x80\xa2 ISOPROPYL ALCOHOL \xe2\x80\xa2 ALPHA-ISOMETHYL IONONE \xe2\x80\xa2 GERANIOL \xe2\x80\xa2 CITRIC ACID \xe2\x80\xa2 POTASSIUM HYDROXIDE \xe2\x80\xa2 CITRONELLOL \xe2\x80\xa2 CETRIMONIUM CHLORIDE \xe2\x80\xa2 POTASSIUM SORBATE \xe2\x80\xa2 HEXYL CINNAMAL \xe2\x80\xa2 GLYCERIN \xe2\x80\xa2 PARFUM / FRAGRANCE (F.I.L. C259456/1).HinweiseInformation: Bei Kontakt mit den Augen diese gr\xc3\xbcndlich aussp\xc3\xbclen.ArtikeldetailsMarke: L'Or\xc3\xa9al ParisUrsprungsland: Elfenbeink\xc3\xbcsteSorte: Color GlanzLaufzeit nach \xc3\x96ffnen: 12 MonateKontaktKontaktname: L'Or\xc3\xa9al Deutschland GmbHKontaktadresse: TSA 75000 93684 ST OUEN CEDEX FRMaximale Bestellmenge: 15 St\xc3\xbcckF\xc3\xbcr die vorstehenden Angaben wird keine Haftung \xc3\xbcbernommen. Bitte pr\xc3\xbcfen Sie im Einzelfall die Angaben auf der jeweiligen Produktverpackung, nur diese sind verbindlich.Das Produktdesign kann von der Abbildung abweichen.""",Furtwanglerstr. 15,Rewe,Drogerie,2023-07-09,"Gültig ab morgen bis Samstag, 15.07.2023"
Elvital Shampoo,https://img.rewe-static.de/KLEIN28_2023/2789935/25113040-23_digital-image.png?impolicy=s-offers&imwidth=200&output-format=image/webp,,https://shop.rewe.de/p/spee-vollwaschmittel-aktiv-gel-990ml-22wl/8907195,,"Color , je 300-ml-Fl , (1 l = 9.97)",Aktion,"2,99 €","b""Gefahren- / WarnhinweiseBei Kontakt mit den Augen diese gr\xc3\xbcndlich aussp\xc3\xbclen.ProduktbeschreibungArtikelnummer 2789935L'Or\xc3\xa9al Paris Elvital Color-Glanz Pflege-Shampoo pflegt coloriertes Haar und erh\xc3\xa4lt die Leuchtkraft der Farbe. Coloriertes, get\xc3\xb6ntes oder gestr\xc3\xa4hntes\xc2\xa0 Haar ist besonders sensibel gegen\xc3\xbcber \xc3\xa4u\xc3\x9feren Einfl\xc3\xbcssen. So f\xc3\xbchren z. B. regelm\xc3\xa4\xc3\x9figes Haare-Waschen oder UV-Strahlen dazu, dass die Farbe verblasst, sich ver\xc3\xa4ndert und schnell an Leuchtkraft und Farbintensit\xc3\xa4t verliert. Das L'Oreal Paris Elvital Color-Glanz Pflege-Shampoo sch\xc3\xbctzt die Sch\xc3\xb6nheit der Haarfarbe mit einer besonderen 3-fach-Wirkung: Intensiver Farbschutz\nSchutz vor UV-bedingtem Ausbleichen\nVerl\xc3\xa4ngerte LeuchtkraftInhaltsstoffe1199588 C - INGREDIENTS:  AQUA / WATER \xe2\x80\xa2 SODIUM LAURETH SULFATE \xe2\x80\xa2 DIMETHICONE \xe2\x80\xa2 COCO-BETAINE \xe2\x80\xa2 SODIUM CHLORIDE \xe2\x80\xa2 GLYCOL DISTEARATE \xe2\x80\xa2 GUAR HYDROXYPROPYLTRIMONIUM CHLORIDE \xe2\x80\xa2 COCAMIDE MIPA \xe2\x80\xa2 COCOS NUCIFERA OIL / COCONUT OIL \xe2\x80\xa2 SODIUM BENZOATE \xe2\x80\xa2 SODIUM HYDROXIDE \xe2\x80\xa2 PAEONIA OFFICINALIS FLOWER EXTRACT \xe2\x80\xa2 ETHYLHEXYL SALICYLATE \xe2\x80\xa2 SALICYLIC ACID \xe2\x80\xa2 FUMARIC ACID \xe2\x80\xa2 BENZYL ALCOHOL \xe2\x80\xa2 BENZYL SALICYLATE \xe2\x80\xa2 LINALOOL \xe2\x80\xa2 ALPHA-ISOMETHYL IONONE \xe2\x80\xa2 CARBOMER \xe2\x80\xa2 GERANIOL \xe2\x80\xa2 CITRIC ACID \xe2\x80\xa2 CITRONELLOL \xe2\x80\xa2 POTASSIUM SORBATE \xe2\x80\xa2 HEXYLENE GLYCOL \xe2\x80\xa2 HEXYL CINNAMAL \xe2\x80\xa2 GLYCERIN \xe2\x80\xa2 PARFUM / FRAGRANCE (F.I.L. C259250/1).HinweiseInformation: Bei Kontakt mit den Augen diese sofort gr\xc3\xbcndlich aussp\xc3\xbclen.ArtikeldetailsMarke: L'Or\xc3\xa9al ParisUrsprungsland: GeorgienSorte: Color GlanzLaufzeit nach \xc3\x96ffnen: 12 MonateKontaktKontaktname: L'Or\xc3\xa9al Deutschland GmbHKontaktadresse: TSA 75000 93684 ST OUEN CEDEX FRMaximale Bestellmenge: 15 St\xc3\xbcckF\xc3\xbcr die vorstehenden Angaben wird keine Haftung \xc3\xbcbernommen. Bitte pr\xc3\xbcfen Sie im Einzelfall die Angaben auf der jeweiligen Produktverpackung, nur diese sind verbindlich.Das Produktdesign kann von der Abbildung abweichen.""",Furtwanglerstr. 15,Rewe,Drogerie,2023-07-09,"Gültig ab morgen bis Samstag, 15.07.2023"
Axe Duschgel,https://img.rewe-static.de/KLEIN28_2023/9157379/27629412-14_digital-image.png?impolicy=s-offers&imwidth=200&output-format=image/webp,,https://shop.rewe.de/p/spee-vollwaschmittel-aktiv-gel-990ml-22wl/8907195,,"versch. Sorten , je 250-ml-Fl , (1 l = 8.76)",Aktion,"2,19 €","b'ProduktbeschreibungArtikelnummer 9157379\xe2\x80\xa2 AXE Duschgel Alaska f\xc3\xbcr M\xc3\xa4nner sorgt f\xc3\xbcr eine intensive Pflege \n\xe2\x80\xa2 Verbesserte Formulierung dank 12h Long-Lasting Fragrance f\xc3\xbcr ein langanhaltendes Duft- und Frischegef\xc3\xbchl auf der Haut \n\xe2\x80\xa2 Ein w\xc3\xbcrzig-maskuliner Duft nach Sandelholz und Amber, kombiniert mit fruchtigen Akkorden. \n\xe2\x80\xa2 Duschgel mit Skin Active Technology: Pflanzenbasierte Pr\xc3\xa4biotika, die gute Hautbakterien f\xc3\xb6rdern und geruchsbildende Hautbakterien reduzieren, sorgen f\xc3\xbcr weniger K\xc3\xb6rpergeruch und mehr AXE-Duft \n\xe2\x80\xa2 Das Duschgel ist pH-hautneutral, dermatologisch getestet und enth\xc3\xa4lt 5x mehr Feuchtigkeitsspender \xe2\x80\x93 f\xc3\xbcr die beste AXE-Pflege \n\xe2\x80\xa2 Dieses M\xc3\xa4nnerduschgel kombiniert Nat\xc3\xbcrlichkeit mit einer sportlichen, selbstbewussten Note... mehr anzeigenEin gro\xc3\x9fartiger Tag beginnt mit einer gro\xc3\x9fartigen Dusche und es ist nicht egal, welches Duschgel M\xc3\xa4nner verwenden. Denn Duschgele gibt es viele. Aber nur das AXE Duschgel Alaska verbindet Nat\xc3\xbcrlichkeit mit einer sportlichen, selbstbewussten Note. Das Bodywash verleiht einen w\xc3\xbcrzig-maskulinen Duft nach Sandelholz und Amber, kombiniert mit fruchtigen Akkorden. Ein arktisch-k\xc3\xbchler Duft aus \xc3\x96len von Grapefruit und Bergamotte mit den fruchtigen Noten von Melone und Ananas, der erfrischt und neue Energie gibt.\n\nDoch nicht nur das: Das Duschgel von AXE enth\xc3\xa4lt die neue Skin Active Technology: Das sind pflanzenbasierte Pr\xc3\xa4biotika, die gute Hautbakterien f\xc3\xb6rdern und geruchsbildende Hautbakterien reduzieren. Die Folge: weniger K\xc3\xb6rpergeruch, mehr AXE-Duft. Au\xc3\x9ferdem enth\xc3\xa4lt es 5x mehr Feuchtigkeitsspender \xe2\x80\x93 f\xc3\xbcr die beste AXE-Pflege. Das Dusch Gel ist zudem ph-hautneutral und dermatologisch getestet. \n\nAnwendung: Die trockene Haut unter der Dusche befeuchten, die Bodywash in den H\xc3\xa4nden verteilen. K\xc3\xb6rper einsch\xc3\xa4umen. Gr\xc3\xbcndlich absp\xc3\xbclen. Sauber f\xc3\xbchlen. Gut duften. Das AXE Duschgel mit dem 12h Long-Lasting Fragrance \xe2\x80\x93 f\xc3\xbcr ein verbessertes Dufterlebnis unter der Dusche und ein langanhaltendes Duft- und Frischegef\xc3\xbchl auf der Haut.\n\nAXE steht f\xc3\xbcr Nachhaltigkeit \xe2\x80\x93 die Inhaltsstoffe des Duschgels sind zu 87% nat\xc3\xbcrlichen Ursprungs und die Flasche besteht aus 100% recyceltem Plastik (au\xc3\x9fer dem Deckel). \n\nDas AXE Duschgel Alaska passt perfekt zu allen Produkten aus der AXE Alaska Serie, l\xc3\xa4sst sich aber auch mit allen anderen AXE-D\xc3\xbcften kombinieren, sodass man sich voll auf das konzentrieren kann, worauf man Lust hat. AXE Duschgel Alaska \xe2\x80\x93 mit dem sensationellen Duft, der dazu einl\xc3\xa4dt, das Leben in vollen Z\xc3\xbcgen zu genie\xc3\x9fen. \n\nAXE \xe2\x80\x93 The AXE EffectInhaltsstoffeAqua, Sodium Laureth Sulfate, Parfum, Citric Acid, Cocamide MEA, Glycerin, PPG-12, Sodium Benzoate, Sodium Chloride, Sodium Sulfate, Alpha-Isomethyl Ionone, Benzyl Salicylate, Citronellol, Coumarin, Hexyl Cinnamal, Limolene, Linalool, CI 42090.ArtikeldetailsMarke: AxeUrsprungsland: DeutschlandSorte: AlaskaLaufzeit nach \xc3\x96ffnen: 12 MonateKontaktKontaktname: Unilever RAKontaktadresse: 455, 3013 AL, NLMaximale Bestellmenge: 15 St\xc3\xbcckF\xc3\xbcr die vorstehenden Angaben wird keine Haftung \xc3\xbcbernommen. Bitte pr\xc3\xbcfen Sie im Einzelfall die Angaben auf der jeweiligen Produktverpackung, nur diese sind verbindlich.Das Produktdesign kann von der Abbildung abweichen.'",Furtwanglerstr. 15,Rewe,Drogerie,2023-07-09,"Gültig ab morgen bis Samstag, 15.07.2023"
Duschdas Duschgel,https://img.rewe-static.de/KLEIN28_2023/8911414/38937664-11_digital-image.png?impolicy=s-offers&imwidth=200&output-format=image/webp,,https://shop.rewe.de/p/spee-vollwaschmittel-aktiv-gel-990ml-22wl/8907195,,"versch. Sorten , je 225-ml-Fl , (1 l = 4.40)",Aktion,"0,99 €","b'ProduktbeschreibungArtikelnummer 8911414Mit Duschdas 3-in-1 Duschgel & Shampoo Noire mit Fresh-Energy-Duftformel aktiv und vital in einen erlebnisreichen Tag starten. Der anregend-w\xc3\xbcrzige Duft vermittelt ein Gef\xc3\xbchl purer Lebendigkeit und gibt einem die Energie, die man f\xc3\xbcr einen vollgepackten Tag braucht. Die praktische Kombination aus Duschgel und Shampoo ist anwendbar f\xc3\xbcr K\xc3\xb6rper, Gesicht und Haar und sorgt f\xc3\xbcr erfrischende Momente im Alltag. Das Duschdas Duschgel & Shampoo kommt in der praktischen nachf\xc3\xbcllbaren 225 ml Flasche, die aus 100% recyceltem Plastik** (rPET) besteht und wiederum vollst\xc3\xa4ndig recycelt werden kann. Sie ist standsicher, leicht zu \xc3\xb6ffnen und eignet sich f\xc3\xbcr ein- oder mehrmaliges Nachf\xc3\xbcllen. Durch das bew\xc3\xa4hrte Kopfsteher-Format ist das 3-in-1 Duschbad in der Eco-Flasche sofort einsatzbereit und sorgt dar\xc3\xbcber hinaus f\xc3\xbcr ein Duschdas Duscherlebnis bis zum letzten Tropfen. Das erfrischende Duschgel ist leicht dosierbar, l\xc3\xa4sst sich schnell auf dem K\xc3\xb6rper und Haar aufsch\xc3\xa4umen und leicht absp\xc3\xbclen. Es hinterl\xc3\xa4sst ein frisches und sauberes Gef\xc3\xbchl. Das Duschdas Duschgel & Shampoo ist pH-hautneutral und somit besonders sanft zur Haut. Es eignet sich f\xc3\xbcr die t\xc3\xa4gliche Anwendung. Einfach die trockene Haut und das Haar unter der Dusche anfeuchten, das Duschgel auf Haut und Haar verteilen, einmassieren und absp\xc3\xbclen. Vitalisiert, erfrischt oder belebt \xe2\x80\x93 so l\xc3\xa4sst das Duschgel M\xc3\xa4nner mit positiver Stimmung in den Tag starten.\n\nJetzt auch die weiteren Duschgele von Duschdas entdecken. Als erste Duschgelmarke Deutschlands liefert Duschdas zuverl\xc3\xa4ssig gute Qualit\xc3\xa4t, eine gro\xc3\x9fe Auswahl an inspirierenden D\xc3\xbcften und langanhaltende Frische f\xc3\xbcr alle. Und das mit einer gut biologisch abbaubaren Formel in einer nachhaltigen Verpackung. Schn\xc3\xb6rkellos, zeitlos, bodenst\xc3\xa4ndig, starke Ergebnisse im funktionalen Nutzen. Beim Thema Duschen denken die Leute an Duschdas. Duschdas hinterl\xc3\xa4sst ein erfrischendes Gef\xc3\xbchl und wirkt k\xc3\xb6rperlich und geistig revitalisierend. Hol Dir frische Energie \xe2\x80\x93 mit Duschdas. *Gem\xc3\xa4\xc3\x9f OECD-Methoden **Ohne Kappe und EtikettInhaltsstoffeIngredients: Aqua, Sodium Laureth Sulfate, Sodium Chloride, Cocamidopropyl Betaine, Parfum, Glycerin, Sodium Benzoate, Citric Acid, Sodium Lactate, Tetrasodium EDTA, Alpha-Isomethyl Ionone, Coumarin, Geraniol, Hexyl Cinnamal, Limonene, Linalool, CI 17200,CI 19140.ArtikeldetailsMarke: DuschdasUrsprungsland: DeutschlandLaufzeit nach \xc3\x96ffnen: 12 MonateKontaktKontaktname: Unilever RAKontaktadresse: 455, 3013 AL, NLMaximale Bestellmenge: 15 St\xc3\xbcckF\xc3\xbcr die vorstehenden Angaben wird keine Haftung \xc3\xbcbernommen. Bitte pr\xc3\xbcfen Sie im Einzelfall die Angaben auf der jeweiligen Produktverpackung, nur diese sind verbindlich.Das Produktdesign kann von der Abbildung abweichen.'",Furtwanglerstr. 15,Rewe,Drogerie,2023-07-09,"Gültig ab morgen bis Samstag, 15.07.2023"
Pampers Baby Dry Windeln Single Pack,https://img.rewe-static.de/KLEIN28_2023/8688573/35018085-9_digital-image.png?impolicy=s-offers&imwidth=200&output-format=image/webp,,https://shop.rewe.de/p/spee-vollwaschmittel-aktiv-gel-990ml-22wl/8907195,,"Maxi Größe 4 , je 30-St.-Pckg",Aktion,"7,99 €",nan,Furtwanglerstr. 15,Rewe,Drogerie,2023-07-09,"Gültig ab morgen bis Samstag, 15.07.2023"
Pampers Baby Dry Pants Single Pack,https://img.rewe-static.de/KLEIN28_2023/7839196/35199201-12_digital-image.png?impolicy=s-offers&imwidth=200&output-format=image/webp,,https://shop.rewe.de/p/spee-vollwaschmittel-aktiv-gel-990ml-22wl/8907195,,"Größe 5 , je 24-St.-Pckg",Aktion,"7,99 €",nan,Furtwanglerstr. 15,Rewe,Drogerie,2023-07-09,"Gültig ab morgen bis Samstag, 15.07.2023"
Gliss Kur Shampoo,https://img.rewe-static.de/KLEIN28_2023/7207275/27570160-11_digital-image.png?impolicy=s-offers&imwidth=200&output-format=image/webp,,https://shop.rewe.de/p/spee-vollwaschmittel-aktiv-gel-990ml-22wl/8907195,,"versch. Sorten , je 250-ml-Fl , (1 l = 9.96)",Aktion,"2,49 €","b'ProduktbeschreibungArtikelnummer 7207275HABEN SIE STROHIGE HAARE UND SPLISS? T\xc3\xa4gliches K\xc3\xa4mmen & Stylen strapaziert das Haar, wodurch die Haarspitzen strohig werden und Haarbruch entsteht. Damit die Haare gesund & geschmeidig bleiben, brauchen sie eine intensive Pflege. GLISS KUR OIL NUTRITIVE bietet: \xe2\x80\x89TIEFENREPAIR OHNE ZU BESCHWEREN SINNLICHE GESCHMEIDIGKEIT UND GESUND GL\xc3\x84NZENDES HAAR GLISS KUR Formeln mit KERATIN SERUM reparieren vorhandene Sch\xc3\xa4den und verst\xc3\xa4rken die Zellstruktur, um zuk\xc3\xbcnftigen Sch\xc3\xa4den vorzubeugen. OIL NUTRITIVE Abgestimmt auf die Bed\xc3\xbcrfnisse von strohigem, splissanf\xc3\xa4lligem Haar, n\xc3\xa4hrt die OIL NUTRITIVE Linie das Haar mit WERTVOLLEN BEAUTY-\xc3\x96LEN. F\xc3\xbcr ein optimales Pflege-Ergebnis, folgen Sie dem GLISS KUR REPARATUR-SYSTEM: SHAMPOO reinigt  SP\xc3\x9cLUNG entwirrt  KUREN pflegenInhaltsstoffeAqua,Sodium Laureth Sulfate, Cocamidopropyl Betaine, Sodium Chloride, Macadamia Ternifolia Seed Oil, Prunus Armeniaca Kernel Oil, Tocopheryl Acetate, Panthenol, Hydrolyzed Keratin, Cocamide MEA, Disodium Cocoamphodiacetate, Sodium Benzoate, Citric Acid, PEG-7 Glyceryl Cocoate, Polyquaternium-10, Parfum, PEG-40 Hydrogenated Castor Oil, PEG-120 Methyl Glucose Dioleate, Propylene Glycol, Butylphenyl Methylpropional, Linalool, CI 19140, CI 15985, CI 47005ArtikeldetailsMarke: Gliss KurUrsprungsland: DeutschlandLaufzeit nach \xc3\x96ffnen: 12 MonateKontaktKontaktname: Schwarzkopf & Henkel GmbHKontaktadresse: D-40191 D\xc3\xbcsseldorfMaximale Bestellmenge: 15 St\xc3\xbcckF\xc3\xbcr die vorstehenden Angaben wird keine Haftung \xc3\xbcbernommen. Bitte pr\xc3\xbcfen Sie im Einzelfall die Angaben auf der jeweiligen Produktverpackung, nur diese sind verbindlich.Das Produktdesign kann von der Abbildung abweichen.'",Furtwanglerstr. 15,Rewe,Drogerie,2023-07-09,"Gültig ab morgen bis Samstag, 15.07.2023"
Blend-a-Med Zahncreme,https://img.rewe-static.de/KLEIN28_2023/3075942/35085314-3_digital-image.png?impolicy=s-offers&imwidth=200&output-format=image/webp,,https://shop.rewe.de/p/spee-vollwaschmittel-aktiv-gel-990ml-22wl/8907195,,"Classic oder Frisch , je 75-ml-Tube , (1 l = 11.87)",Aktion,"0,89 €","b'ProduktbeschreibungArtikelnummer 3075942Die blend-a-med Classic Zahncreme enth\xc3\xa4lt Aktiv-Fluorid f\xc3\xbcr saubere, gesunde und starke Z\xc3\xa4hne. Mit dem klassischen Menthol-Geschmack von blend-a-med. Blend-a-med Rundumschutz Classic Zahnpasta bietet 24 Stunden Schutz, bei zweimal t\xc3\xa4glich putzen. Mit dem klassischem Menthol-Geschmack von blend-a-med.InhaltsstoffeIngredients: Aqua, Hydrated Silica, Sorbitol, Sodium Lauryl Sulfate, Cellulose Gum, Aroma, Trisodium Phosphate, Sodium Fluoride, Carbomer, Cl 77891, Sodium Saccharin, Limonene, Sodium Hydroxide, Eugenol, Polysorbate 80HinweiseInformation: F\xc3\xbcr Kinder bis 6 Jahre: Nur erbsengro\xc3\x9fe Menge Zahnpasta benutzen. Zur Vermeidung \xc3\xbcberm\xc3\xa4\xc3\x9figen Verschluckens Z\xc3\xa4hneputzen nur unter Aufsicht. Bei zus\xc3\xa4tzlicher Aufnahme von Fluorid den Zahnarzt oder Arzt befragen. Enth\xc3\xa4lt Natriumfluorid (1450 ppm Fluorid).ArtikeldetailsMarke: Blend-a-medUrsprungsland: DeutschlandKontaktKontaktname: Procter & GambleKontaktadresse: 65823 Schwalbach/Ts., GermanyMaximale Bestellmenge: 15 St\xc3\xbcckF\xc3\xbcr die vorstehenden Angaben wird keine Haftung \xc3\xbcbernommen. Bitte pr\xc3\xbcfen Sie im Einzelfall die Angaben auf der jeweiligen Produktverpackung, nur diese sind verbindlich.Das Produktdesign kann von der Abbildung abweichen.'",Furtwanglerstr. 15,Rewe,Drogerie,2023-07-09,"Gültig ab morgen bis Samstag, 15.07.2023"
Colgate Total Zahncreme,https://img.rewe-static.de/KLEIN28_2023/2226666/34953247-8_digital-image.png?impolicy=s-offers&imwidth=200&output-format=image/webp,,https://shop.rewe.de/p/spee-vollwaschmittel-aktiv-gel-990ml-22wl/8907195,,"je 75-ml-Tuben-Pckg , (1 l = 30.53)",Aktion,"2,29 €","b'ProduktbeschreibungArtikelnummer 2226666Colgate Total Zahnapasta enth\xc3\xa4lt eine fortschrittliche Technologie, die Ihren gesamten Mund proaktiv sch\xc3\xbctzt und einen hervorragenden Schutz gegen Plaque, Empfindlichkeit, Verf\xc3\xa4rbungen, Zahnstein und Karies bietet. Sie macht Bakterien ausfindig und bek\xc3\xa4mpft sie, um den Zahnschmelz zu sch\xc3\xbctzen, neutralisiert sofort Ger\xc3\xbcche, die Mundgeruch verursachen, und enth\xc3\xa4lt verbesserte Aromen, die in Ihrem Mund f\xc3\xbcr ein Gef\xc3\xbchl der Sauberkeit und Frische sorgen. Diese Zahnpasta tr\xc3\xa4gt \xc3\xbcberdies dazu bei, Zahnfleischerkrankungen und Zahnschmelzabbau vorzubeugen. Um einen gesunden Mund zu haben, reicht es nicht aus, sich nur um die Z\xc3\xa4hne zu k\xc3\xbcmmern. Deshalb bek\xc3\xa4mpft die Zahnpasta Colgate Total Original Bakterien nicht nur auf Ihren Z\xc3\xa4hnen, sondern auch auf der Zunge, den Wangeninnenseiten und dem Zahnfleisch proaktiv bis zu 12 Stunden lang,* um die Gesundheit des ganzen Mundes zu gew\xc3\xa4hrleisten.** \n *nach 4 Wochen regelm\xc3\xa4\xc3\x9figer Anwendung \n **Schutz f\xc3\xbcr Ihren ganzen Mund, d. h. Z\xc3\xa4hne, Zunge, Wangeninnenseiten und Zahnfleisch... mehr anzeigenInhaltsstoffeAqua, Glycerin, Hydrated Silica, PVM/MA Copolymer, Sodium Lauryl Sulfate, Cellulose Gum, Aroma, Sodium Hydroxide, Carrageenan, Sodium Fluoride, Triclosan, Sodium Saccharin, Limonene, Cl 77891ArtikeldetailsMarke: ColgateUrsprungsland: DeutschlandLaufzeit nach \xc3\x96ffnen: 12 MonatePackungsgr\xc3\xb6\xc3\x9fe: 75mlMaximale Bestellmenge: 15 St\xc3\xbcckF\xc3\xbcr die vorstehenden Angaben wird keine Haftung \xc3\xbcbernommen. Bitte pr\xc3\xbcfen Sie im Einzelfall die Angaben auf der jeweiligen Produktverpackung, nur diese sind verbindlich.Das Produktdesign kann von der Abbildung abweichen.'",Furtwanglerstr. 15,Rewe,Drogerie,2023-07-09,"Gültig ab morgen bis Samstag, 15.07.2023"
Vitakraft Poésie Katzennahrung,https://img.rewe-static.de/KLEIN28_2023/2751452/24817125-19_digital-image.png?impolicy=s-offers&imwidth=200&output-format=image/webp,,https://shop.rewe.de/p/spee-vollwaschmittel-aktiv-gel-990ml-22wl/8907195,,"versch. Sorten , je 85-g-Schale/Btl , (1 kg = 4.59)",Aktion,"0,39 €","b'ProduktbeschreibungArtikelnummer 2751452K\xc3\xb6stlich fleischige H\xc3\xa4ppchen, raffiniert kombiniert mit einer feinen K\xc3\xa4sesauce \xe2\x80\x93 dieses leckere Men\xc3\xbc in der Herzschale ist jeden Tag aufs Neue ein Gedicht f\xc3\xbcr Ihre Katze!Jede Schale Po\xc3\xa9sie\xc2\xae Cr\xc3\xa9ation enth\xc3\xa4lt unwiderstehlichen Geschmack, beste Zutaten und eine ausgewogene Portion Liebe, also genau das, was sich Ihr Tiger w\xc3\xbcnscht. Dabei ist das schmackhafte Men\xc3\xbc selbstverst\xc3\xa4ndlich ideal auf die ern\xc3\xa4hrungsphysiologischen Bed\xc3\xbcrfnisse von Katzen abgestimmt und \xc3\xbcberzeugt durch h\xc3\xb6chste Qualit\xc3\xa4t. Und die kann man dank der schonenden Zubereitung sogar sehen. Vitakraft. Aus Liebe.ZusammensetzungZusammensetzung: Fleisch u. tierische Nebenerzeugnisse 55% (Rind, Schwein und Gefl\xc3\xbcgel, 5% Pute);Getreide (Weizen);Mineralstoffe;Milch und Molkereierzeugnisse (2% K\xc3\xa4se);InulinAnalytische Bestandteile: 83,0 % Feuchtigkeit;9,5 % Protein;5,0 % Fettgehalt0,3 % Rohfaser;2,0 % RohascheZusatzstoffe pro kg: 250 i.E. E671 Vitamin D3;15 mg E1 Eisen;1,0 mg E4 Kupfer;1,0 mg E5 Mangan;18,0 mg 3b605, Zink;445 mg TaurinF\xc3\xbctterungsempfehlungEine Katze mit einem Gewicht von 4 kg ben\xc3\xb6tigt ca. 2-3 Schalen pro Tag, abh\xc3\xa4ngig von Aktivit\xc3\xa4t, Alter und Rasse des Tieres. Dazu frisches Trinkwasser reichen.HinweiseAufbewahrungs- und Verwendungshinweis: K\xc3\xbchl und trocken lagern.ArtikeldetailsMarkeVitakraftUrsprungslandDeutschlandGeschmacksrichtungPute in K\xc3\xa4sesauceTierartKatzeAltersstufe des HaustieresAdultFutterartAlleinfutterKontaktKontakt: 0421 48960Zulassungsnummer: DE BW 200010Kontaktname: Vitakraft pet care GmbH & Co. KGKontaktadresse: D-28295 Bremen.Maximale Bestellmenge: 15 St\xc3\xbcckF\xc3\xbcr die vorstehenden Angaben wird keine Haftung \xc3\xbcbernommen. Bitte pr\xc3\xbcfen Sie im Einzelfall die Angaben auf der jeweiligen Produktverpackung, nur diese sind verbindlich.Das Produktdesign kann von der Abbildung abweichen.'",Furtwanglerstr. 15,Rewe,Tier,2023-07-09,"Gültig ab morgen bis Samstag, 15.07.2023"
Catsan Hygiene Plus,https://img.rewe-static.de/KLEIN28_2023/8009189/31263213-5_digital-image.png?impolicy=s-offers&imwidth=200&output-format=image/webp,,https://shop.rewe.de/p/spee-vollwaschmittel-aktiv-gel-990ml-22wl/8907195,,"je 9-l-Btl , (1 l = 0.55)",Aktion,"4,99 €","b'ProduktbeschreibungArtikelnummer 8009189CATSAN\xe2\x84\xa2 Hygiene Plus ist eine hochwirksame, nicht-klumpende Katzenstreu, die Fl\xc3\xbcssigkeit schnell und effektiv aufsaugt, bevor Geruch entsteht. Wie ein Schwamm nimmt die Hygienestreu Fl\xc3\xbcssigkeit auf und schlie\xc3\x9ft sie sicher ein. So bleibt die Katzentoilette f\xc3\xbcr Ihre Katze sp\xc3\xbcrbar trocken und hygienisch. Der Extra-Mineralschutz von CATSAN\xe2\x84\xa2 Hygiene bindet Ger\xc3\xbcche besonders lang und zuverl\xc3\xa4ssig. Katzen wissen die geruchsbindende Katsenstreu zu sch\xc3\xa4tzen - und ihre Eigent\xc3\xbcmer auch. \nCATSAN\xe2\x84\xa2 Hygienestreu besteht zu 100 % aus nat\xc3\xbcrlichen Rohstoffen (Quarzsand und Kalk). So entsteht die hygienisch wei\xc3\x9fe Farbe von CATSAN\xe2\x84\xa2 Hygienestreu, ohne auf gef\xc3\xa4hrliche Stoffe wie Bleichmittel zur\xc3\xbcckgreifen zu m\xc3\xbcssen. CATSAN\xe2\x84\xa2 ist frei von gef\xc3\xa4hrlichen Fasern oder anderen unvertr\xc3\xa4glichen Bestandteilen. \nAuch f\xc3\xbcr K\xc3\xa4tzchen geeignet.HinweiseAufbewahrungs- und Verwendungshinweis: Bitte trocken lagern.ArtikeldetailsMarke: CatsanUrsprungsland: DeutschlandKontaktKontaktname: Mars GmbHKontaktadresse: Postfach 1280, 27281 Verden (Aller)Maximale Bestellmenge: 15 St\xc3\xbcckF\xc3\xbcr die vorstehenden Angaben wird keine Haftung \xc3\xbcbernommen. Bitte pr\xc3\xbcfen Sie im Einzelfall die Angaben auf der jeweiligen Produktverpackung, nur diese sind verbindlich.Das Produktdesign kann von der Abbildung abweichen.'",Furtwanglerstr. 15,Rewe,Tier,2023-07-09,"Gültig ab morgen bis Samstag, 15.07.2023"
"Edelweiss
            1",https://img.rewe-static.de/KLEIN28_2023/8905443/39778752-4_digital-image.png?impolicy=s-offers&imwidth=200&output-format=image/webp,,https://shop.rewe.de/p/spee-vollwaschmittel-aktiv-gel-990ml-22wl/8907195,,"Sorte »Vroni«, mit silberweißen Blüten , je Topf",Aktion,"2,29 €",nan,Furtwanglerstr. 15,Rewe,Freizeit & Mode,2023-07-09,"Gültig ab morgen bis Samstag, 15.07.2023"
"Portulakröschen oder Zauberglöckchen
            1",https://img.rewe-static.de/KLEIN28_2023/1832840/2541080-5_digital-image.png?impolicy=s-offers&imwidth=200&output-format=image/webp,,https://shop.rewe.de/p/spee-vollwaschmittel-aktiv-gel-990ml-22wl/8907195,,"versch. Farben , je Topf",Aktion,"1,99 €",nan,Furtwanglerstr. 15,Rewe,Freizeit & Mode,2023-07-09,"Gültig ab morgen bis Samstag, 15.07.2023"
"Enzian
            1",https://img.rewe-static.de/KLEIN28_2023/1729713/25244190-6_digital-image.png?impolicy=s-offers&imwidth=200&output-format=image/webp,,https://shop.rewe.de/p/spee-vollwaschmittel-aktiv-gel-990ml-22wl/8907195,,"blühfreudige Sommerpflanze, mit leuchtend blauer Blüte , je Topf",Aktion,"2,99 €",nan,Furtwanglerstr. 15,Rewe,Freizeit & Mode,2023-07-09,"Gültig ab morgen bis Samstag, 15.07.2023"
Barilla Pasta,https://img.rewe-static.de/REWE28_2023/6653839/20768970-25_digital-image.png?impolicy=s-offers&imwidth=200&output-format=image/webp,,https://shop.rewe.de/p/spee-vollwaschmittel-aktiv-gel-990ml-22wl/8907195,,"versch. Ausformungen , je 500-g-Pckg , (1 kg = 1.90)",Knaller,"0,95 €","b'ProduktbeschreibungArtikelnummer 6653839Fusilli erschienen in ihrer heutigen Form zuerst in S\xc3\xbcditalien und sind urspr\xc3\xbcnglich der Idee entsprungen, Spaghetti auf einer Stricknadel aufzuwickeln. Erst sp\xc3\xa4ter, bedingt durch die unterschiedlichen geschmacklichen Gewohnheiten in den verschiedenen italienischen Regionen, entstanden Fusilli als eigenst\xc3\xa4ndige Sorte. Im Rahmen des Sortiments von Barilla - Italiens beliebtester Pasta - wurde die Pastasorte Fusilli neu interpretiert und erhielt ihre charakteristische Spiralform, die f\xc3\xbcr die Tradition von Mittel- und Norditalien typisch ist.... mehr anzeigenZutaten & AllergeneZutaten: HARTWEIZENGRIESS, Wasser. Kann Spuren von Sojabohnen enthalten.Allergenhinweise: Enth\xc3\xa4lt: Weizen und Weizenerzeugnisse (glutenhaltiges Getreide). Glutenhaltiges Getreide und glutenhaltige Getreideerzeugnisse. Kann enthalten: Soja und Sojaerzeugnisse.N\xc3\xa4hrwerteDurchschnittliche N\xc3\xa4hrwerteUnzubereitet pro 100 gEnergie1.521 kJEnergie359 kcalFett2 gFett, davon ges\xc3\xa4ttigte Fetts\xc3\xa4uren0,5 gKohlenhydrate71,2 gKohlenhydrate, davon Zucker3,5 gBallaststoffe3 gEiwei\xc3\x9f12,5 gSalz0,013 gHinweiseAufbewahrungs- und Verwendungshinweis: Trocken und vor W\xc3\xa4rme gesch\xc3\xbctzt lagern.ArtikeldetailsMarke: BarillaUrsprungsland: ItalienKontaktKontaktname: Barilla G. e R. Fratelli - Societ\xc3\xa0 per AzioniKontaktadresse: Via Mantova 166, Parma - ItalyF\xc3\xbcr die vorstehenden Angaben wird keine Haftung \xc3\xbcbernommen. Bitte pr\xc3\xbcfen Sie im Einzelfall die Angaben auf der jeweiligen Produktverpackung, nur diese sind verbindlich.Das Produktdesign kann von der Abbildung abweichen.'",Grenzhöfer Weg 29,Rewe,Topangebote,2023-07-09,"Gültig ab morgen bis Samstag, 15.07.2023"
Ehrmann Almighurt,https://img.rewe-static.de/REWE28_2023/7659300/9176090-16_digital-image.png?impolicy=s-offers&imwidth=200&output-format=image/webp,,https://shop.rewe.de/p/spee-vollwaschmittel-aktiv-gel-990ml-22wl/8907195,,"versch. Sorten , je 150-g-Becher , (1 kg = 2.20)",Knaller,"0,33 €","b'ProduktbeschreibungArtikelnummer 7659300Erlesene Fruchtzubereitung aus Deutschland.Gute Allg\xc3\xa4uer Milch von Familienh\xc3\xb6fen.Zutaten & AllergeneZutaten: JOGHURT mild, Zucker, Heidelbeeren 6,8%, modifizierte St\xc3\xa4rke, f\xc3\xa4rbendes Pflanzenkonzentrat (Karotte), Verdickungsmittel (Pektine, Guarkernmehl), Aroma. Ohne Konservierungsstoffe.Allergenhinweise: Enth\xc3\xa4lt: JoghurtEnth\xc3\xa4lt: Milch und Milcherzeugnisse (einschlie\xc3\x9flich Lactose). Milchzucker (Laktose).N\xc3\xa4hrwerteDurchschnittliche N\xc3\xa4hrwerteUnzubereitet pro 100 gEnergie389 kJEnergie92 kcalFett2,7 gFett, davon ges\xc3\xa4ttigte Fetts\xc3\xa4uren1,8 gKohlenhydrate14 gKohlenhydrate, davon Zucker13 gEiwei\xc3\x9f3 gSalz0,1 gHinweiseAufbewahrungs- und Verwendungshinweis: Bei max. +8 \xc2\xb0C mindestens haltbar bis: siehe DeckelArtikeldetailsMarke: EhrmannUrsprungsland: DeutschlandSorte: HeidelbeereKontaktKontaktname: Ehrmann GmbHKontaktadresse: A.-Ehrmann-Stra\xc3\x9fe 2, 87770 Obersch\xc3\xb6neggMaximale Bestellmenge: 15 St\xc3\xbcckF\xc3\xbcr die vorstehenden Angaben wird keine Haftung \xc3\xbcbernommen. Bitte pr\xc3\xbcfen Sie im Einzelfall die Angaben auf der jeweiligen Produktverpackung, nur diese sind verbindlich.Das Produktdesign kann von der Abbildung abweichen.'",Grenzhöfer Weg 29,Rewe,Topangebote,2023-07-09,"Gültig ab morgen bis Samstag, 15.07.2023"
Lavazza Caffè Crema Classico oder Crema e Aroma,https://img.rewe-static.de/REWE28_2023/0293182/30798874-10_digital-image.png?impolicy=s-offers&imwidth=200&output-format=image/webp,,https://shop.rewe.de/p/spee-vollwaschmittel-aktiv-gel-990ml-22wl/8907195,,"ganze Bohnen , je 1000-g-Btl",Knaller,"9,99 €","b'ProduktbeschreibungArtikelnummer 293182Eine sehr vielseitige Mischung aus Arabica und Robusta Bohnen. HinweiseAufbewahrungs- und Verwendungshinweis: trocken lagern.ArtikeldetailsMarke: LavazzaUrsprungsland: ItalienKontaktKontaktname: LUIGI LAVAZZA S.p.A.Kontaktadresse: C. SO NOVARA, 59- 10154 TORINO - ITALIAMaximale Bestellmenge: 15 St\xc3\xbcckF\xc3\xbcr die vorstehenden Angaben wird keine Haftung \xc3\xbcbernommen. Bitte pr\xc3\xbcfen Sie im Einzelfall die Angaben auf der jeweiligen Produktverpackung, nur diese sind verbindlich.Das Produktdesign kann von der Abbildung abweichen.'",Grenzhöfer Weg 29,Rewe,Topangebote,2023-07-09,"Gültig ab morgen bis Samstag, 15.07.2023"
Campofrio Serrano-Schinken,https://img.rewe-static.de/REWE28_2023/0515409/31641266-6_digital-image.png?impolicy=s-offers&imwidth=200&output-format=image/webp,,https://shop.rewe.de/p/spee-vollwaschmittel-aktiv-gel-990ml-22wl/8907195,,je 100 g,Aktion,"2,19 €","b'ProduktbeschreibungArtikelnummer 515409Frisch f\xc3\xbcr dich aus unserer Servicetheke. \n \nZutaten: Schweinefleisch, Salz, Konservierungsstoff: Kaliumnitrat, Natriumnitrit. \n \nN\xc3\xa4hrwerte je 100g: \nEnergie: 889kJ \nEnergie: 2120kcal \nFett: 10g \nFett, davon ges\xc3\xa4ttigte Fetts\xc3\xa4uren: 3,8g \nKohlenhydrate: 0,5g \nKohlenhydrate, davon Zucker: 0,5g \nEiwei\xc3\x9f: 30g \nSalz: 5g Zutaten & AllergeneAllergenhinweise: nullN\xc3\xa4hrwerteDurchschnittliche N\xc3\xa4hrwerteUnzubereitet pro 100 gEnergie889 kJEnergie212 kcalFett10 gFett, davon ges\xc3\xa4ttigte Fetts\xc3\xa4uren3,8 gKohlenhydrate0,5 gKohlenhydrate, davon Zucker0,5 gEiwei\xc3\x9f30 gSalz5 gArtikeldetailsMarke: CampofrioMaximale Bestellmenge: 15 St\xc3\xbcckF\xc3\xbcr die vorstehenden Angaben wird keine Haftung \xc3\xbcbernommen. Bitte pr\xc3\xbcfen Sie im Einzelfall die Angaben auf der jeweiligen Produktverpackung, nur diese sind verbindlich.Das Produktdesign kann von der Abbildung abweichen.'",Grenzhöfer Weg 29,Rewe,Topangebote,2023-07-09,"Gültig ab morgen bis Samstag, 15.07.2023"
Eisbergsalat,https://img.rewe-static.de/REWE28_2023/1366237/36750087-3_digital-image.png?impolicy=s-offers&imwidth=200&output-format=image/webp,,https://shop.rewe.de/p/spee-vollwaschmittel-aktiv-gel-990ml-22wl/8907195,,"Kl. I , je St",Aktion,"0,75 €",nan,Grenzhöfer Weg 29,Rewe,Topangebote,2023-07-09,"Gültig ab morgen bis Samstag, 15.07.2023"
Iglo Gemüse-Ideen Italienisch,https://img.rewe-static.de/REWE28_2023/0529482/2971930-72_digital-image.png?impolicy=s-offers&imwidth=200&output-format=image/webp,,https://shop.rewe.de/p/spee-vollwaschmittel-aktiv-gel-990ml-22wl/8907195,,"tiefgefroren , je 480-g-Pckg , (1 kg = 4.63)",Aktion,"2,22 €","b'ProduktbeschreibungArtikelnummer 529482Die iglo Gem\xc3\xbcse-Idee Italienisch ist eine knackige Gem\xc3\xbcsemischung, verfeinert mit mediterranen Kr\xc3\xa4utern. Das Gem\xc3\xbcse wird erntefrisch tiefgefroren, damit die vielen wichtigen Vitamine erhalten bleiben. Denn eine zubereitete Portion des italienischen Pfannengem\xc3\xbcses deckt \xc3\xbcber 50% des t\xc3\xa4glichen Vitamin A-Bedarfs. Die Gem\xc3\xbcse-Idee Italienisch l\xc3\xa4sst sich einfach und schnell in der Mikrowelle oder in der Pfanne zubereiten. Au\xc3\x9ferdem enth\xc3\xa4lt das Produkt keine Geschmacksverst\xc3\xa4rker und Farbstoff- und Aromazus\xc3\xa4tze.\n- Verfeinert mit mediterranen Kr\xc3\xa4utern\n- Ohne Zusatz von k\xc3\xbcnstlichen Aromen, Farbstoffen und Geschmacksverst\xc3\xa4rkern\n- Schnelle und einfache Zubereitung\n- Vegan\n- Tiefgefroren... mehr anzeigenZutaten & AllergeneZutaten: Gem\xc3\xbcsemischung (93%) (Brechbohnen, Paprika, Karotten, Zucchini, Zwiebel Brokkoli;in ver\xc3\xa4nderlichen Gewichtsanteilen), pflanzliche Fette und \xc3\x96le (Palmfett***,Kokosnuss\xc3\xb6l,Palmkern\xc3\xb6l***),Kr\xc3\xa4utermischung(roteZwiebel, Petersilie,Basilikum,Knoblauch,Thymian,Oregano),Gem\xc3\xbcsebr\xc3\xbche (Dextrose,Salz,Karotten,Zwiebeln,Lauch,Schalotten,Tomaten,Paprika), Wasser,Zucker,Salz,Gew\xc3\xbcrze.  Dieses Produkt enth\xc3\xa4lt zertifiziertes nachhaltiges Palmfett/ Palmkern\xc3\xb6l.N\xc3\xa4hrwerteDurchschnittliche N\xc3\xa4hrwerteUnzubereitet pro 100 gEnergie233 kJEnergie56 kcalFett2,7 gFett, davon ges\xc3\xa4ttigte Fetts\xc3\xa4uren1,8 gKohlenhydrate4,9 gKohlenhydrate, davon Zucker4,3 gBallaststoffe2,4 gEiwei\xc3\x9f1,8 gSalz0,85 gHinweiseAufbewahrungs- und Verwendungshinweis: Aufbewahrung zu Hause: *** - Fach oder Tiefk\xc3\xbchltruhe (bei minus 18\xc2\xb0 C) mindestens haltbar bis Ende: siehe links, Aufbewahrung zu Hause: ** - Fach 2 Wochen, Aufbewahrung zu Hause: * - Fach 1-3 Tage Information: Nach dem Auftauen nicht wieder einfrieren. Vor Verzehr durcherhitzen.ArtikeldetailsMarke: IgloEigenschaften: Vegan, LaktosefreiUrsprungsland: DeutschlandSorte: ItalienischKontaktKontaktname: iglo GmbHKontaktadresse: Postfach 570 521, 22774 HamburgMaximale Bestellmenge: 15 St\xc3\xbcckF\xc3\xbcr die vorstehenden Angaben wird keine Haftung \xc3\xbcbernommen. Bitte pr\xc3\xbcfen Sie im Einzelfall die Angaben auf der jeweiligen Produktverpackung, nur diese sind verbindlich.Das Produktdesign kann von der Abbildung abweichen.'",Grenzhöfer Weg 29,Rewe,Dein Markt für italienischen Genuss,2023-07-09,"Gültig ab morgen bis Samstag, 15.07.2023"
REWE Beste Wahl Thymian,https://img.rewe-static.de/REWE28_2023/8414795/31134576-11_digital-image.png?impolicy=s-offers&imwidth=200&output-format=image/webp,,https://shop.rewe.de/p/spee-vollwaschmittel-aktiv-gel-990ml-22wl/8907195,,"gerebelt , je 16-g-Glas , (1 kg = 86.88)",Aktion,"1,39 €","b""ProduktbeschreibungArtikelnummer 8414795Zutaten & AllergeneZutaten:  Kann Spuren von Gluten, Senf und Sellerie enthalten.HinweiseAufbewahrungshinweise: Trocken und k\xc3\xbchl lagern. Vor Licht sch\xc3\xbctzen.Verwendungshinweise: Trocken lagern. Vor W\xc3\xa4rme sch\xc3\xbctzen.ArtikeldetailsMarke: REWE Beste WahlUrsprungsland: BelgienKontaktKontaktname: ISFI SPICES S.A.Kontaktadresse: 20, avenue de l'industrie, 1420 Braine- l`Alleud, BelgienMaximale Bestellmenge: 15 St\xc3\xbcckF\xc3\xbcr die vorstehenden Angaben wird keine Haftung \xc3\xbcbernommen. Bitte pr\xc3\xbcfen Sie im Einzelfall die Angaben auf der jeweiligen Produktverpackung, nur diese sind verbindlich.Das Produktdesign kann von der Abbildung abweichen.""",Grenzhöfer Weg 29,Rewe,Dein Markt für italienischen Genuss,2023-07-09,"Gültig ab morgen bis Samstag, 15.07.2023"
Zitronen,https://img.rewe-static.de/REWE28_2023/8131318/8722460-33_digital-image.png?impolicy=s-offers&imwidth=200&output-format=image/webp,,https://shop.rewe.de/p/spee-vollwaschmittel-aktiv-gel-990ml-22wl/8907195,,"Sorte: siehe Etikett, Kl. I , je 500-g-Netz , (1 kg = 2.58)",Aktion,"1,29 €",nan,Grenzhöfer Weg 29,Rewe,Dein Markt für italienischen Genuss,2023-07-09,"Gültig ab morgen bis Samstag, 15.07.2023"
Mövenpick Salted Caramel,https://img.rewe-static.de/REWE28_2023/7713567/38472507-14_digital-image.png?impolicy=s-offers&imwidth=200&output-format=image/webp,,https://shop.rewe.de/p/spee-vollwaschmittel-aktiv-gel-990ml-22wl/8907195,,"je 800-ml-Becher , (1 l = 2.49)",Aktion,"1,99 €","b'ProduktbeschreibungArtikelnummer 7713567Eis mit Vanillegeschmack, mit gesalzener Karamellsauce, Karamellst\xc3\xbcckchen und kakaobutterhaltigen Konfektst\xc3\xbcckchen mit KaramellgeschmackZutaten & AllergeneZutaten: Entrahmte MILCH, MOLKENERZEUGNIS, Glukosesirup, Zucker,pflanzliche Fette (Kokos, Shea), gezuckerte KONDENSMILCH (eingedickte VOLLMILCH, Zucker, MILCHZUCKER), gezuckerte KONDENSMAGERMILCH (eingedickte entrahmte MILCH, Zucker), Emulgatoren (Mono- und Diglyceride von Speisefetts\xc3\xa4uren, Lecithine), Verdickungsmittel (Johannisbrotkernmehl, Guarkernmehl), Kakaobutter*, Salz, VOLLMILCHPULVER, BUTTERFETT, Feuchthaltemittel (Glycerin), f\xc3\xa4rbende Frucht- und Gem\xc3\xbcsekonzentrate (schwarze Johannisbeere, Apfel, Zitrone, Karotte, Rettich), f\xc3\xa4rbendes Saflorkonzentrat, nat\xc3\xbcrliche Vanillearomen, Kakaomasse*, MILCHZUCKER, nat\xc3\xbcrliche Aromen. *Rainforest Alliance-zertifiziert. Mehr Informationen unter ra.org.KANN SCHALENFR\xc3\x9cCHTE, GLUTENHALTIGE GETREIDE, SOJA UND EIER ENTHALTEN. Wichtig: Kleinkinder (unter 4 Jahren) verf\xc3\xbcgen\xc3\xbcber eine verminderte Kauf\xc3\xa4higkeit und k\xc3\xb6nnten sich an kleinen St\xc3\xbcckchen verschlucken.Allergenhinweise: MILCH, MOLKENERZEUGNIS, KONDENSMILCH, VOLLMILCH, MILCHZUCKER, KONDENSMAGERMILCH, VOLLMILCHPULVER, BUTTERFETT.Enth\xc3\xa4lt: Milch und Milcherzeugnisse (einschlie\xc3\x9flich Lactose). Kann enthalten: Glutenhaltiges Getreide und glutenhaltige Getreideerzeugnisse. Eier und Eierzeugnisse. N\xc3\xbcsse und Nusserzeugnisse. Soja und Sojaerzeugnisse.N\xc3\xa4hrwerteDurchschnittliche N\xc3\xa4hrwerteUnzubereitet pro 100 gEnergie1.009 kJEnergie240 kcalFett9,5 gFett, davon ges\xc3\xa4ttigte Fetts\xc3\xa4uren8,2 gKohlenhydrate37 gKohlenhydrate, davon Zucker29 gBallaststoffe< 0,5 gEiwei\xc3\x9f2 gSalz0,29 gHinweiseAufbewahrungs- und Verwendungshinweis: Bei -18 \xc2\xb0C mindestens haltbar bis Ende: siehe VerpackungsaufdruckInformation: Wichtig: Kleinkinder (unter 4 Jahren) verf\xc3\xbcgen\xc3\xbcber eine verminderte Kauf\xc3\xa4higkeit und k\xc3\xb6nnten sich an kleinen St\xc3\xbcckchen verschlucken.ArtikeldetailsMarke: M\xc3\xb6venpickUrsprungsland: DeutschlandKontaktKontaktname: FRONERI Sch\xc3\xb6ller GmbHKontaktadresse: D-90419 N\xc3\xbcrnbergMaximale Bestellmenge: 15 St\xc3\xbcckF\xc3\xbcr die vorstehenden Angaben wird keine Haftung \xc3\xbcbernommen. Bitte pr\xc3\xbcfen Sie im Einzelfall die Angaben auf der jeweiligen Produktverpackung, nur diese sind verbindlich.Das Produktdesign kann von der Abbildung abweichen.'",Grenzhöfer Weg 29,Rewe,Dein Markt für italienischen Genuss,2023-07-09,"Gültig ab morgen bis Samstag, 15.07.2023"
Mövenpick Stracciatella Classico,https://img.rewe-static.de/REWE28_2023/8725654/35463369-11_digital-image.png?impolicy=s-offers&imwidth=200&output-format=image/webp,,https://shop.rewe.de/p/spee-vollwaschmittel-aktiv-gel-990ml-22wl/8907195,,"je 900-ml-Becher , (1 l = 2.21)",Aktion,"1,99 €","b'ProduktbeschreibungArtikelnummer 8725654Cremiges Eis mit Stracciatellageschmack mit Schokoladenst\xc3\xbcckchen und einer Schokoladensauce.Zutaten & AllergeneZutaten: Entrahmte MILCH, MOLKENERZEUGNIS, Glukosesirup, Zucker, Kokosfett, Soja\xc3\xb6l, VOLLMILCHPULVER, fettarmer Kakao** (1,3 %), Kakaobutter**, Kakaomasse**, Emulgatoren (Mono- und Diglyceride von Speisefetts\xc3\xa4uren, Lecithine (SOJA)), Verdickungsmittel (Johannisbrotkernmehl, Guarkernmehl), nat\xc3\xbcrliche Aromen (enthalten MILCH), Aroma. **Rainforest Alliance-zertifiziert. Mehr Informationen unter ra.org. KANN SCHALENFR\xc3\x9cCHTE, GLUTENHALTIGE GETREIDE UND EIER ENTHALTEN. Wichtig: Kleinkinder (unter 4 Jahren) verf\xc3\xbcgen \xc3\xbcber eine verminderte Kauf\xc3\xa4higkeit und k\xc3\xb6nnten sich an kleinen St\xc3\xbcckchen verschlucken.Allergenhinweise: Milch, Molkenerzeugnis, Schlagsahne, SojaEnth\xc3\xa4lt: Milch und Milcherzeugnisse (einschlie\xc3\x9flich Lactose). Soja und Sojaerzeugnisse. Kann enthalten: Eier und Eierzeugnisse. N\xc3\xbcsse und Nusserzeugnisse. Glutenhaltiges Getreide und glutenhaltige Getreideerzeugnisse.N\xc3\xa4hrwerteDurchschnittliche N\xc3\xa4hrwerteUnzubereitet pro 100 gEnergie1.079 kJEnergie258 kcalFett15 gFett, davon ges\xc3\xa4ttigte Fetts\xc3\xa4uren9,9 gKohlenhydrate28 gKohlenhydrate, davon Zucker23 gBallaststoffe0,7 gEiwei\xc3\x9f2,9 gSalz0,09 gHinweiseAufbewahrungs- und Verwendungshinweis: Bei -18 \xc2\xb0C mindestens haltbar bis Ende: siehe VerpackungsaufdruckInformation: Wichtig: Kleinkinder (unter 4 Jahren) verf\xc3\xbcgen \xc3\xbcber eine verminderte Kauf\xc3\xa4higkeit und k\xc3\xb6nnten sich an kleinen St\xc3\xbcckchen verschlucken. Packung enth\xc3\xa4lt 9 Portionen. Portionen sollten f\xc3\xbcr Kinder entsprechend ihrem Alter angepasst werden.ArtikeldetailsMarke: M\xc3\xb6venpickUrsprungsland: DeutschlandKontaktKontaktname: FRONERI Sch\xc3\xb6ller GmbHKontaktadresse: D-90419 N\xc3\xbcrnbergMaximale Bestellmenge: 15 St\xc3\xbcckF\xc3\xbcr die vorstehenden Angaben wird keine Haftung \xc3\xbcbernommen. Bitte pr\xc3\xbcfen Sie im Einzelfall die Angaben auf der jeweiligen Produktverpackung, nur diese sind verbindlich.Das Produktdesign kann von der Abbildung abweichen.'",Grenzhöfer Weg 29,Rewe,Dein Markt für italienischen Genuss,2023-07-09,"Gültig ab morgen bis Samstag, 15.07.2023"
Arla Finello Gratinkäse,https://img.rewe-static.de/REWE28_2023/0674328/21064797-16_digital-image.png?impolicy=s-offers&imwidth=200&output-format=image/webp,,https://shop.rewe.de/p/spee-vollwaschmittel-aktiv-gel-990ml-22wl/8907195,,"dän. Reibekäse , je 150-g-Pckg , (1 kg = 9.93)",Aktion,"1,49 €","b'ProduktbeschreibungArtikelnummer 674328Zutaten & AllergeneZutaten: K\xc3\x84SE, Kartoffelst\xc3\xa4rke.Allergenhinweise: Enth\xc3\xa4lt: Milch und Milcherzeugnisse (einschlie\xc3\x9flich Lactose).N\xc3\xa4hrwerteDurchschnittliche N\xc3\xa4hrwerteUnzubereitet pro 100 gEnergie1.305 kJEnergie314 kcalFett23 gFett, davon ges\xc3\xa4ttigte Fetts\xc3\xa4uren14 gKohlenhydrate2,8 gKohlenhydrate, davon Zucker0,6 gEiwei\xc3\x9f24 gSalz1,5 gHinweiseAufbewahrungs- und Verwendungshinweis: Nach dem \xc3\x96ffnen k\xc3\xbchl aufbewahren.Bei 8 \xc2\xb0C mindestens haltbar bis: siehe VerpackungsaufdruckInformation: Unter Schutzatmosph\xc3\xa4re verpackt.ArtikeldetailsMarke: ArlaUrsprungsland: D\xc3\xa4nemarkSorte: Gratink\xc3\xa4seKontaktKontaktname: Arla Foods ambaKontaktadresse: DK-8260 Viby JMaximale Bestellmenge: 15 St\xc3\xbcckF\xc3\xbcr die vorstehenden Angaben wird keine Haftung \xc3\xbcbernommen. Bitte pr\xc3\xbcfen Sie im Einzelfall die Angaben auf der jeweiligen Produktverpackung, nur diese sind verbindlich.Das Produktdesign kann von der Abbildung abweichen.'",Grenzhöfer Weg 29,Rewe,Dein Markt für italienischen Genuss,2023-07-09,"Gültig ab morgen bis Samstag, 15.07.2023"
Barilla Pesto alla Genovese,https://img.rewe-static.de/REWE28_2023/4840313/35802412-13_digital-image.png?impolicy=s-offers&imwidth=200&output-format=image/webp,,https://shop.rewe.de/p/spee-vollwaschmittel-aktiv-gel-990ml-22wl/8907195,,"je 190-g-Glas , (1 kg = 10.47)",Aktion,"1,99 €","b'ProduktbeschreibungArtikelnummer 4840313Zutaten & AllergeneZutaten: pflanzliche \xc3\x96le (Olive, Sonnenblume), frisches Basilikum 30%, CASHEWKERNE, Parmigiano Reggiano g.U. K\xc3\xa4se 5% (MILCH), Maisfaser, Molkepulver (MILCH), Salz, MILCHeiweiss, natives Oliven\xc3\xb6l extra, Zucker, Basilikumextrakt, nat\xc3\xbcrliche Aromen (MILCH), S\xc3\xa4ureregulator: Milchs\xc3\xa4ure, Knoblauch. Kann Spuren von anderen Schalenfr\xc3\xbcchten (Hartschalenobst) enthalten.Allergenhinweise: Enth\xc3\xa4lt: Milch und Milcherzeugnisse (einschlie\xc3\x9flich Lactose). N\xc3\xbcsse und Nusserzeugnisse. Kaschunuss und Kaschunusserzeugnisse.N\xc3\xa4hrwerteDurchschnittliche N\xc3\xa4hrwerteUnzubereitet pro 100 gEnergie1.989 kJEnergie482 kcalFett46 gFett, davon ges\xc3\xa4ttigte Fetts\xc3\xa4uren7,1 gKohlenhydrate9,8 gKohlenhydrate, davon Zucker5,5 gBallaststoffe5 gEiwei\xc3\x9f4,7 gSalz3,25 gHinweiseAufbewahrungs- und Verwendungshinweis: Nach dem \xc3\x96ffnen gek\xc3\xbchlt 5 Tage haltbar.ArtikeldetailsMarke: BarillaUrsprungsland: ItalienKontaktKontaktname: Barilla G. e R. Fratelli S.p.A.Kontaktadresse: Via Mantova 166, Parma - ItalyMaximale Bestellmenge: 15 St\xc3\xbcckF\xc3\xbcr die vorstehenden Angaben wird keine Haftung \xc3\xbcbernommen. Bitte pr\xc3\xbcfen Sie im Einzelfall die Angaben auf der jeweiligen Produktverpackung, nur diese sind verbindlich.Das Produktdesign kann von der Abbildung abweichen.'",Grenzhöfer Weg 29,Rewe,Dein Markt für italienischen Genuss,2023-07-09,"Gültig ab morgen bis Samstag, 15.07.2023"
Barilla Pesto Basilico Vegan,https://img.rewe-static.de/REWE28_2023/3263361/26586190-10_digital-image.png?impolicy=s-offers&imwidth=200&output-format=image/webp,,https://shop.rewe.de/p/spee-vollwaschmittel-aktiv-gel-990ml-22wl/8907195,,"je 195-g-Glas , (1 kg = 10.21)",Aktion,"1,99 €","b'ProduktbeschreibungArtikelnummer 3263361Zutaten & AllergeneZutaten: Basilikum 35,6%, pflanzliche \xc3\x96le (Olive, Sonnenblume), CASHEWKERNE, Glukosesirup, Wasser, modifizierte Maisst\xc3\xa4rke, Salz, nat\xc3\xbcrliche Aromen, natives Oliven\xc3\xb6l extra, Zucker, S\xc3\xa4ureregulator Milchs\xc3\xa4ure. Kann Spuren von anderen Schalenfr\xc3\xbcchten (Hartschalenobst) enthalten.Allergenhinweise: Enth\xc3\xa4lt: Kaschunuss und Kaschunusserzeugnisse. Kann enthalten: N\xc3\xbcsse und Nusserzeugnisse.N\xc3\xa4hrwerteDurchschnittliche N\xc3\xa4hrwerteUnzubereitet pro 100 gEnergie1.780 kJEnergie431 kcalFett41 gFett, davon ges\xc3\xa4ttigte Fetts\xc3\xa4uren5,5 gKohlenhydrate12 gKohlenhydrate, davon Zucker3,3 gBallaststoffe2 gEiwei\xc3\x9f2,5 gSalz3 gHinweiseAufbewahrungs- und Verwendungshinweis: Nach dem \xc3\x96ffnen gek\xc3\xbchlt 5 Tage haltbar.ArtikeldetailsMarke: BarillaEigenschaften: Vegan, Vegetarisch, LaktosefreiUrsprungsland: ItalienKontaktKontaktname: Barilla G. e R. Fratelli - Societ\xc3\xa0 per AzioniKontaktadresse: Via Mantova 166, Parma - ItalyMaximale Bestellmenge: 15 St\xc3\xbcckF\xc3\xbcr die vorstehenden Angaben wird keine Haftung \xc3\xbcbernommen. Bitte pr\xc3\xbcfen Sie im Einzelfall die Angaben auf der jeweiligen Produktverpackung, nur diese sind verbindlich.Das Produktdesign kann von der Abbildung abweichen.'",Grenzhöfer Weg 29,Rewe,Dein Markt für italienischen Genuss,2023-07-09,"Gültig ab morgen bis Samstag, 15.07.2023"
Barilla Collezione Farfalle,https://img.rewe-static.de/REWE28_2023/7905005/32879874-15_digital-image.png?impolicy=s-offers&imwidth=200&output-format=image/webp,,https://shop.rewe.de/p/spee-vollwaschmittel-aktiv-gel-990ml-22wl/8907195,,"je 500-g-Pckg , (1 kg = 3.58)",Aktion,"1,79 €","b'ProduktbeschreibungArtikelnummer 7905005Zutaten & AllergeneZutaten: HARTWEIZENGRIESS, Wasser. Kann Spuren von Sojabohnen enthalten.Allergenhinweise: Enth\xc3\xa4lt: Weizen und Weizenerzeugnisse (glutenhaltiges Getreide). Glutenhaltiges Getreide und glutenhaltige Getreideerzeugnisse. Kann enthalten: Soja und Sojaerzeugnisse.N\xc3\xa4hrwerteDurchschnittliche N\xc3\xa4hrwerteUnzubereitet pro 100 gEnergie1.521 kJEnergie359 kcalFett2 gFett, davon ges\xc3\xa4ttigte Fetts\xc3\xa4uren0,5 gKohlenhydrate71,2 gKohlenhydrate, davon Zucker3,5 gBallaststoffe3 gEiwei\xc3\x9f12,5 gSalz0,013 gHinweiseAufbewahrungs- und Verwendungshinweis: Trocken, vor Licht und W\xc3\xa4rme gesch\xc3\xbctzt lagern.ArtikeldetailsMarke: BarillaUrsprungsland: ItalienKontaktKontaktname: Barilla G. e R. Fratelli S.p.A.Kontaktadresse: Via Mantova 166, Parma - ItalyMaximale Bestellmenge: 15 St\xc3\xbcckF\xc3\xbcr die vorstehenden Angaben wird keine Haftung \xc3\xbcbernommen. Bitte pr\xc3\xbcfen Sie im Einzelfall die Angaben auf der jeweiligen Produktverpackung, nur diese sind verbindlich.Das Produktdesign kann von der Abbildung abweichen.'",Grenzhöfer Weg 29,Rewe,Dein Markt für italienischen Genuss,2023-07-09,"Gültig ab morgen bis Samstag, 15.07.2023"
REWE Beste Wahl Balsamico Creme,https://img.rewe-static.de/REWE28_2023/0888363/23928271-32_digital-image.png?impolicy=s-offers&imwidth=200&output-format=image/webp,,https://shop.rewe.de/p/spee-vollwaschmittel-aktiv-gel-990ml-22wl/8907195,,"je 250-ml-Fl , (1 l = 7.16)",Aktion,"1,79 €","b'ProduktbeschreibungArtikelnummer 888363Ihr au\xc3\x9fergew\xc3\xb6hnlicher Geschmack ist ideal zur Verfeinerung von Salaten, Gem\xc3\xbcse und Fleisch geeinigt.\n\nHergestellt f\xc3\xbcr: REWE Markt GmbH, D-50603 K\xc3\xb6ln. Zutaten & AllergeneZutaten: Traubenmostkonzentrat, Aceto Balsamico di Modena IGP 39% (Traubenmostkonzentrat, Weinessig, Farbstoff Ammonsulfit-Zuckerkul\xc3\xb6r, Antioxidationsmittel KALIUMMETABISULFIT), Weinessig, Verdickungsmittel (Guarkernmehl, Xanthan). Zusatzstoffe: E 150d, E 224, E 412, E 415Allergenhinweise: Schwefeldioxid und Sulfite in einer Konzentration von mehr als 10 mg/kg oder 10 mg/l, als SO2 angegebenN\xc3\xa4hrwerteDurchschnittliche N\xc3\xa4hrwertepro 100 mlEnergie938 kJEnergie220 kcalFett0 gFett, davon ges\xc3\xa4ttigte Fetts\xc3\xa4uren0 gKohlenhydrate52,5 gKohlenhydrate, davon Zucker43,5 gEiwei\xc3\x9f0,5 gSalz1,14 gHinweiseAufbewahrungshinweise: Nach dem \xc3\x96ffnen im K\xc3\xbchlschrank aufbewahren.Verwendungshinweise: Trocken lagern. Vor W\xc3\xa4rme sch\xc3\xbctzen.ArtikeldetailsMarke: REWE Beste WahlUrsprungsland: ItalienKontaktKontaktname: Drogheria e Alimentari Deutschland GmbHKontaktadresse: H\xc3\xbcttenstrasse 87, 87600 Kaufbeuren, DeutschlandMaximale Bestellmenge: 15 St\xc3\xbcckF\xc3\xbcr die vorstehenden Angaben wird keine Haftung \xc3\xbcbernommen. Bitte pr\xc3\xbcfen Sie im Einzelfall die Angaben auf der jeweiligen Produktverpackung, nur diese sind verbindlich.Das Produktdesign kann von der Abbildung abweichen.'",Grenzhöfer Weg 29,Rewe,Dein Markt für italienischen Genuss,2023-07-09,"Gültig ab morgen bis Samstag, 15.07.2023"
Barilla Spaghetti Al Bronzo,https://img.rewe-static.de/REWE28_2023/8745035/37803714-8_digital-image.png?impolicy=s-offers&imwidth=200&output-format=image/webp,,https://shop.rewe.de/p/spee-vollwaschmittel-aktiv-gel-990ml-22wl/8907195,,"je 400-g-Pckg , (1 kg = 4.48)",Aktion,"1,79 €","b'ProduktbeschreibungArtikelnummer 8745035Zutaten & AllergeneZutaten: HARTWEIZENGRIESS, Wasser. Kann Spuren von Sojabohnen und Senf enthalten.Allergenhinweise: Enth\xc3\xa4lt: Weizen und Weizenerzeugnisse (glutenhaltiges Getreide). Glutenhaltiges Getreide und glutenhaltige Getreideerzeugnisse. Kann enthalten: Soja und Sojaerzeugnisse. Senf- und Senferzeugnisse.N\xc3\xa4hrwerteDurchschnittliche N\xc3\xa4hrwerteUnzubereitet pro 100 gEnergie1.521 kJEnergie359 kcalFett2 gFett, davon ges\xc3\xa4ttigte Fetts\xc3\xa4uren0,4 gKohlenhydrate69,7 gKohlenhydrate, davon Zucker3,5 gBallaststoffe3 gEiwei\xc3\x9f14 gSalz0,013 gHinweiseAufbewahrungs- und Verwendungshinweis: Trocken, vor Licht und W\xc3\xa4rme gesch\xc3\xbctzt lagern.ArtikeldetailsMarke: BarillaUrsprungsland: ItalienKontaktKontaktname: Barilla G. e R. Fratelli S.p.A.Kontaktadresse: Via Mantova 166, Parma - ItalyMaximale Bestellmenge: 15 St\xc3\xbcckF\xc3\xbcr die vorstehenden Angaben wird keine Haftung \xc3\xbcbernommen. Bitte pr\xc3\xbcfen Sie im Einzelfall die Angaben auf der jeweiligen Produktverpackung, nur diese sind verbindlich.Das Produktdesign kann von der Abbildung abweichen.'",Grenzhöfer Weg 29,Rewe,Dein Markt für italienischen Genuss,2023-07-09,"Gültig ab morgen bis Samstag, 15.07.2023"
Rana Tortelloni,https://img.rewe-static.de/REWE28_2023/8657317/33918696-8_digital-image.png?impolicy=s-offers&imwidth=200&output-format=image/webp,,https://shop.rewe.de/p/spee-vollwaschmittel-aktiv-gel-990ml-22wl/8907195,,"versch. Sorten , je 250-g-Pckg , (1 kg = 10.76)",Aktion,"2,69 €","b'ProduktbeschreibungArtikelnummer 8657317Zutaten & AllergeneZutaten: F\xc3\x9cLLUNG 53%: Basilikum Pesto 35%,(Sonnenblumen\xc3\xb6l, Basilikum 27% Pecorino Romano g.U. (gesch\xc3\xbctzte Ursprungsbezeichnung) K\xc3\x84SE 14%, KACHUN\xc3\x9cSSE, geriebener K\xc3\x84SE, Kochsalz, Pinienkerne 3%), Ricotta 33% (MOLKE, MILCH, Kochsalz), Pflanzenfasern (Mais und Kartoffeln) Mozzarella K\xc3\x84SE, Paniermehl (WeichWEIZENmehl, Wasser, Kochsalz, Hefe), LAKTOSE, St\xc3\xa4rke, nat\xc3\xbcrliche Aromen (enth\xc3\xa4lt GERSTE). TEIGWAREN 47%: WeichWEIZENmehl, EIER 30%,HartWEIZENgrie\xc3\x9f. Hergestellt in einem Werk, das auch SCHALENFR\xc3\x9cCHTE, FISCHE, KREBSTIERE, WICHTIERE, SOJABOHNEN und SELLERIE verwendet.Allergenhinweise: Enth\xc3\xa4lt: Glutenhaltiges Getreide und glutenhaltige Getreideerzeugnisse. Milch und Milcherzeugnisse (einschlie\xc3\x9flich Lactose). N\xc3\xbcsse und Nusserzeugnisse. Eier und Eierzeugnisse. Kann enthalten: Krebstiere und Krebstiererzeugnisse. Weichtiere und Weichtiererzeugnisse. Fisch und Fischerzeugnisse. Soja und Sojaerzeugnisse. Sellerie und Sellerieerzeugnisse.N\xc3\xa4hrwerteDurchschnittliche N\xc3\xa4hrwerteUnzubereitet pro 100 gEnergie1.225 kJEnergie292 kcalFett12 gFett, davon ges\xc3\xa4ttigte Fetts\xc3\xa4uren3,1 gKohlenhydrate32 gKohlenhydrate, davon Zucker4,1 gBallaststoffe6,2 gEiwei\xc3\x9f11 gSalz0,98 gHinweiseAufbewahrungs- und Verwendungshinweis: Im K\xc3\xbchlschrank bei +4\xc2\xb0C bis max. +7\xc2\xb0C aufbewahren. Nach dem \xc3\x96ffnen innerhalb von 3 Tagen verbrauchen.Information: Unter Schutzatmosph\xc3\xa4re verpackt.ArtikeldetailsMarke: Giovanni RanaUrsprungsland: ItalienKontaktKontaktname: Pastificio RANA S.p.A.Kontaktadresse: Via Pacinotti, 25 - 37057 San Giovanni Lupatoto (VR) - ItaliaMaximale Bestellmenge: 15 St\xc3\xbcckF\xc3\xbcr die vorstehenden Angaben wird keine Haftung \xc3\xbcbernommen. Bitte pr\xc3\xbcfen Sie im Einzelfall die Angaben auf der jeweiligen Produktverpackung, nur diese sind verbindlich.Das Produktdesign kann von der Abbildung abweichen.'",Grenzhöfer Weg 29,Rewe,Dein Markt für italienischen Genuss,2023-07-09,"Gültig ab morgen bis Samstag, 15.07.2023"
Alta Badia,https://img.rewe-static.de/REWE28_2023/0351001/26962937-8_digital-image.png?impolicy=s-offers&imwidth=200&output-format=image/webp,,https://shop.rewe.de/p/spee-vollwaschmittel-aktiv-gel-990ml-22wl/8907195,,"ital. Hartkäse, mind. 50% Fett i.Tr. , je 100 g",Aktion,"1,99 €","b'ProduktbeschreibungArtikelnummer 351001Frisch f\xc3\xbcr dich aus unserer Servicetheke. \n \nZutaten: pasteurisierte MILCH, Salz, MILCHS\xc3\x84UREBAKTERIEN, tierisches Lab, Konservierungsstoff: LYSOZYM (aus EI), Natamycin, Farbstoff: AMMONSULFITZUCKERKUL\xc3\x96R \n \nLaktosefrei* \n*Laktosegehalt: unter 0, 1g/100g \n \nRinde nicht zum Verzehr geeignet! \n \nN\xc3\xa4hrwerte je 100g: \nEnergie: 1704kJ \nEnergie: 411kcal \nFett: 33,5g \nFett, davon ges\xc3\xa4ttigte Fetts\xc3\xa4uren: 24,1g \nKohlenhydrate: 0,1g \nKohlenhydrate, davon Zucker: 0,1g \nEiwei\xc3\x9f: 27,3g \nSalz: 1,7g ArtikeldetailsEigenschaften: LaktosefreiMaximale Bestellmenge: 15 St\xc3\xbcckF\xc3\xbcr die vorstehenden Angaben wird keine Haftung \xc3\xbcbernommen. Bitte pr\xc3\xbcfen Sie im Einzelfall die Angaben auf der jeweiligen Produktverpackung, nur diese sind verbindlich.Das Produktdesign kann von der Abbildung abweichen.'",Grenzhöfer Weg 29,Rewe,Dein Markt für italienischen Genuss,2023-07-09,"Gültig ab morgen bis Samstag, 15.07.2023"
Belli Cantuccini,https://img.rewe-static.de/REWE28_2023/0218662/22322908-38_digital-image.png?impolicy=s-offers&imwidth=200&output-format=image/webp,,https://shop.rewe.de/p/spee-vollwaschmittel-aktiv-gel-990ml-22wl/8907195,,"je 250-g-Pckg , (1 kg = 10.36)",Aktion,"2,59 €","b""ProduktbeschreibungArtikelnummer 218662Mit 25% Mandelanteil. Zutaten & AllergeneZutaten: WEIZENMEHL, Zucker, MANDELN (25%), pasteurisierte VOLLEIER, pasteurisiertes H\xc3\x9cHNEREIGELB, BUTTER, Bl\xc3\xbctenhonig, Salz. Backtriebmittel: Ammoniumhydrogencarbonat, Dinatriumdiphosphat, Natriumhydrogencarbonat, Aromen. Kann Spuren von anderen SCHALENFR\xc3\x9cCHTEN und SOJA enthalten.Allergenhinweise: Enth\xc3\xa4lt: Weizen und Weizenerzeugnisse (glutenhaltiges Getreide). Mandeln und Mandelerzeugnisse. Eier und Eierzeugnisse. Milch und Milcherzeugnisse (einschlie\xc3\x9flich Lactose). Kann enthalten: Soja und Sojaerzeugnisse. N\xc3\xbcsse und Nusserzeugnisse.N\xc3\xa4hrwerteDurchschnittliche N\xc3\xa4hrwerteUnzubereitet pro 100 gEnergie1.774 kJEnergie424 kcalFett16 gFett, davon ges\xc3\xa4ttigte Fetts\xc3\xa4uren3 gKohlenhydrate60 gKohlenhydrate, davon Zucker32 gEiwei\xc3\x9f10 gSalz0,06 gHinweiseAufbewahrungs- und Verwendungshinweis: K\xc3\xbchl und trocken lagern.ArtikeldetailsUrsprungsland: ItalienKontaktKontaktname: Biscottificio Belli srlKontaktadresse: Via dell'Albereto, 26/28/30, I-50041 Calenzano - FirenzeMaximale Bestellmenge: 15 St\xc3\xbcckF\xc3\xbcr die vorstehenden Angaben wird keine Haftung \xc3\xbcbernommen. Bitte pr\xc3\xbcfen Sie im Einzelfall die Angaben auf der jeweiligen Produktverpackung, nur diese sind verbindlich.Das Produktdesign kann von der Abbildung abweichen.""",Grenzhöfer Weg 29,Rewe,Dein Markt für italienischen Genuss,2023-07-09,"Gültig ab morgen bis Samstag, 15.07.2023"
Mionetto Prosecco Spumante DOC,https://img.rewe-static.de/REWE28_2023/2104631/22280027-24_digital-image.png?impolicy=s-offers&imwidth=200&output-format=image/webp,,https://shop.rewe.de/p/spee-vollwaschmittel-aktiv-gel-990ml-22wl/8907195,,"versch. Sorten , je 0,75-l-Fl , (1 l = 9.32)",Aktion,"6,99 €","b""Bestellung ab 18 Jahren.F\xc3\xbcr dieses Produkt gilt das Jugendschutzgesetz.ProduktbeschreibungArtikelnummer 2104631Der Prosecco D.O.C. Treviso Brut der Prestige-Linie \xc3\xbcberrascht selbst ausgesprochene Kenner. \nDieser hochwertige Spumante interpretiert die Kategorie 'Brut' v\xc3\xb6llig neu und z\xc3\xa4hlt geschmacklich zu den modernsten seiner Klasse. \nDer Prosecco D.O.C. Treviso Brut besticht durch seine leuchtend strohgelbe Farbe, intensive Perlage, ein fruchtiges Bukett nach Golden Delicious \xc3\x84pfeln und Birnen \nsowie durch feine Aromen nach Akazienhonig. Mionetto Prosecco D.O.C. Treviso Brut zeichnet sich durch sein elegantes Design aus. Das raffiniert moderne Etikett im 27-Grad-Winkel spiegelt sich in der Halsschleife wider.\n\nAlkoholgehalt: 11% Vol.... mehr anzeigenZutaten & AllergeneZutaten:  Enth\xc3\xa4lt Sulfite Zusatzstoffe: E 220Allergenhinweise: Schwefeldioxid und Sulfite in einer Konzentration von mehr als 10 mg/kg oder 10 mg/l, als SO2 angegebenArtikeldetailsMarke: MionettoUrsprungsland: ItalienKontaktKontaktname: Mionetto SPAKontaktadresse: Valdobbiadene, ItalienMaximale Bestellmenge: 15 St\xc3\xbcckF\xc3\xbcr die vorstehenden Angaben wird keine Haftung \xc3\xbcbernommen. Bitte pr\xc3\xbcfen Sie im Einzelfall die Angaben auf der jeweiligen Produktverpackung, nur diese sind verbindlich.Das Produktdesign kann von der Abbildung abweichen.""",Grenzhöfer Weg 29,Rewe,Dein Markt für italienischen Genuss,2023-07-09,"Gültig ab morgen bis Samstag, 15.07.2023"
Galbani Mozzarella Mini,https://img.rewe-static.de/REWE28_2023/0594382/965610-29_digital-image.png?impolicy=s-offers&imwidth=200&output-format=image/webp,,https://shop.rewe.de/p/spee-vollwaschmittel-aktiv-gel-990ml-22wl/8907195,,"38% Fett i.Tr. , je 260-g-Pckg , (1 kg = 13.27) , 150-g-Abtropfgew.",Aktion,"1,99 €","b'ProduktbeschreibungArtikelnummer 594382Zutaten & AllergeneZutaten: pasteurisierte KuhMILCH, Lab, Salz, S\xc3\xa4uerungsmittel:Zitronens\xc3\xa4ureAllergenhinweise: Enth\xc3\xa4lt: Milch und Milcherzeugnisse (einschlie\xc3\x9flich Lactose).N\xc3\xa4hrwerteDurchschnittliche N\xc3\xa4hrwerteUnzubereitet pro 100 gEnergie819 kJEnergie197 kcalFett13,5 gFett, davon ges\xc3\xa4ttigte Fetts\xc3\xa4uren9,4 gKohlenhydrate1,3 gKohlenhydrate, davon Zucker0,6 gEiwei\xc3\x9f17,5 gSalz0,6 gHinweiseAufbewahrungs- und Verwendungshinweis: bei 8\xc2\xb0C mindestens haltbar bis: siehe VerpackungsaufdruckArtikeldetailsMarke: GalbaniNettof\xc3\xbcllmenge: 260 GUrsprungsland: ItalienAbtropfgewicht: 150 gKontaktKontaktname: Lactalis Deutschland GmbHKontaktadresse: Am Yachthafen 2, 77694 KehlMaximale Bestellmenge: 15 St\xc3\xbcckF\xc3\xbcr die vorstehenden Angaben wird keine Haftung \xc3\xbcbernommen. Bitte pr\xc3\xbcfen Sie im Einzelfall die Angaben auf der jeweiligen Produktverpackung, nur diese sind verbindlich.Das Produktdesign kann von der Abbildung abweichen.'",Grenzhöfer Weg 29,Rewe,Dein Markt für italienischen Genuss,2023-07-09,"Gültig ab morgen bis Samstag, 15.07.2023"
Cellini Grappa Oro,https://img.rewe-static.de/REWE28_2023/9687947/3673940-23_digital-image.png?impolicy=s-offers&imwidth=200&output-format=image/webp,,https://shop.rewe.de/p/spee-vollwaschmittel-aktiv-gel-990ml-22wl/8907195,,"38% Vol. , je 0,7-l-Fl , (1 l = 12.84)",Aktion,"8,99 €","b'Bestellung ab 18 Jahren.F\xc3\xbcr dieses Produkt gilt das Jugendschutzgesetz.ProduktbeschreibungArtikelnummer 9687947Zutaten & AllergeneAllergenhinweise: Enth\xc3\xa4lt: Keine deklarationspflichtigen Allergene enthalten.HinweiseAufbewahrungs- und Verwendungshinweis: Lagerf\xc3\xa4higkeit 2-3 Jahre, bei Zimmertemperatur servierenArtikeldetailsMarke: CelliniUrsprungsland: ItalienAlkoholgehalt: 38 % Vol.KontaktKontaktname: Rolf Herzberger GmbH & Co. KGKontaktadresse: Am Felsbrunnen 8, 66119 Saarbr\xc3\xbcckenMaximale Bestellmenge: 15 St\xc3\xbcckF\xc3\xbcr die vorstehenden Angaben wird keine Haftung \xc3\xbcbernommen. Bitte pr\xc3\xbcfen Sie im Einzelfall die Angaben auf der jeweiligen Produktverpackung, nur diese sind verbindlich.Das Produktdesign kann von der Abbildung abweichen.'",Grenzhöfer Weg 29,Rewe,Dein Markt für italienischen Genuss,2023-07-09,"Gültig ab morgen bis Samstag, 15.07.2023"
Bertolli Brotaufstrich,https://img.rewe-static.de/REWE28_2023/4942531/3398660-52_digital-image.png?impolicy=s-offers&imwidth=200&output-format=image/webp,,https://shop.rewe.de/p/spee-vollwaschmittel-aktiv-gel-990ml-22wl/8907195,,"mit mildem Olivenöl , je 250-g-Becher , (1 kg = 5.56)",Aktion,"1,39 €","b'ProduktbeschreibungArtikelnummer 4942531- Das Gute des Olivenbaums \n- Enth\xc3\xa4lt viele einfach unges\xc3\xa4ttigte Fetts\xc3\xa4uren \n- F\xc3\xbcr eine gesunde, ausgewogene Ern\xc3\xa4hrung. \n- Passt hervorragend zu herzhafen Brotbel\xc3\xa4gen \n- Aber auch zu S\xc3\xbc\xc3\x9fem, wie Marmelade oder Honig \n \nDas \xe2\x80\x9eGute des Olivenbaums\xe2\x80\x9c t\xc3\xa4glich aufs Brot! \nDer BERTOLLI Brotaufstrich enth\xc3\xa4lt viele einfach unges\xc3\xa4ttigte Fetts\xc3\xa4uren, die einen wichtigen Bestandteil der traditionellen mediterranen Ern\xc3\xa4hrung darstellen. \nDer BERTOLLI Brotaufstrich tr\xc3\xa4gt somit dem Trend nach einer gesunden und ausgewogenen Ern\xc3\xa4hrung Rechnung. \nEr passt hervorragend sowohl zu herzhaften Brotbel\xc3\xa4gen als auch zu S\xc3\xbc\xc3\x9fem, wie Marmelade oder Honig. Zu den beliebtesten Brotsorten geh\xc3\xb6ren Focaccia, Tramezzino, Ciabatta und Bruschetta. Die mediterranen Brotspezialit\xc3\xa4ten werden oft zusammen mit Tomaten, Oliven und anderen Leckereien als kleiner Imbiss f\xc3\xbcr zwischendurch gereicht. \nDie K\xc3\xbcche Italiens geh\xc3\xb6rt zu den bekanntesten und beliebtesten K\xc3\xbcchen der Welt. Vollkommen zu Recht, denn sie besticht durch ihre frischen Zutaten, ihren Abwechslungsreichtum und gilt zudem als gesund. Hier finden Sie typisch italienische K\xc3\xb6stlichkeiten, mit denen Sie sich \xe2\x80\x9ela Dolce Vita\xe2\x80\x9c in Ihr eigenes Zuhause holen k\xc3\xb6nnen. \n \nBERTOLLI Brotaufstrich ist in 250g und 500g Packungen erh\xc3\xa4ltlich.... mehr anzeigenDas Gute des OlivenbaumsZutaten & AllergeneZutaten: Trinkwasser, pflanzliche \xc3\x96le und Fette (Raps, Palm, Palm ganz geh\xc3\xa4rtet), 7,5% Oliven\xc3\xb6l, BUTTERMILCH, modifizierte St\xc3\xa4rke, Speisesalz (0,4%), Emulgatoren (Mono- und Diglyceride von Speisefetts\xc3\xa4uren, Lecithine), Konservierungsstoff (Kaliumsorbat), S\xc3\xa4uerungsmittel (Citronens\xc3\xa4ure), Aroma, Vitamine (A, D), Farbstoff (Carotin).Allergenhinweise: Enth\xc3\xa4lt: Milch und Milcherzeugnisse (einschlie\xc3\x9flich Lactose).N\xc3\xa4hrwerteDurchschnittliche N\xc3\xa4hrwerteUnzubereitet pro 100 gEnergie1.445 kJEnergie339 kcalFett38 gFett, davon ges\xc3\xa4ttigte Fetts\xc3\xa4uren9 gKohlenhydrate1,7 gKohlenhydrate, davon Zucker< 0,5 gEiwei\xc3\x9f< 0,5 gSalz0,4 gVitamin A800 \xc2\xb5gVitamin D7,5 \xc2\xb5gHinweiseAufbewahrungs- und Verwendungshinweis: Beste Lagerung zwischen +2\xc2\xb0C und +15\xc2\xb0CArtikeldetailsMarke: BertolliUrsprungsland: NiederlandePackungsgr\xc3\xb6\xc3\x9fe: 250gKontaktKontaktname: Upfield Deutschland GmbHKontaktadresse: Valentinskamp 88-90, 20355 HamburgMaximale Bestellmenge: 15 St\xc3\xbcckF\xc3\xbcr die vorstehenden Angaben wird keine Haftung \xc3\xbcbernommen. Bitte pr\xc3\xbcfen Sie im Einzelfall die Angaben auf der jeweiligen Produktverpackung, nur diese sind verbindlich.Das Produktdesign kann von der Abbildung abweichen.'",Grenzhöfer Weg 29,Rewe,Dein Markt für italienischen Genuss,2023-07-09,"Gültig ab morgen bis Samstag, 15.07.2023"
REWE Beste Wahl Gnocchi,https://img.rewe-static.de/REWE28_2023/0118000/23128380-35_digital-image.png?impolicy=s-offers&imwidth=200&output-format=image/webp,,https://shop.rewe.de/p/spee-vollwaschmittel-aktiv-gel-990ml-22wl/8907195,,"frische, italienische Kartoffelklößchen aus 78% Kartoffelpüree , je 400-g-Btl , (1 kg = 3.73)",Aktion,"1,49 €","b'ProduktbeschreibungArtikelnummer 118000Zutaten & AllergeneZutaten: Kartoffelp\xc3\xbcree 80% (Wasser, Kartoffelflocken 16%), WEIZENMEHL, Kartoffelst\xc3\xa4rke, Reismehl, Speisesalz.  Kann Spuren von Soja enthalten.Allergenhinweise: Glutenhaltiges Getreide (Weizen, Gerste, Roggen, Hafer, Dinkel, Kamut oder Hybridst\xc3\xa4mme)N\xc3\xa4hrwerteDurchschnittliche N\xc3\xa4hrwertepro 100 gEnergie630 kJEnergie149 kcalFett0,6 gFett, davon ges\xc3\xa4ttigte Fetts\xc3\xa4uren0 gKohlenhydrate32 gKohlenhydrate, davon Zucker0,3 gEiwei\xc3\x9f3,3 gSalz1,08 gHinweiseAufbewahrungshinweise:  Nach dem \xc3\x96ffnen k\xc3\xbchl lagern und innerhalb von drei Tagen verzehren.Verwendungshinweise: Bei +4 \xc2\xb0C bis +7 \xc2\xb0CArtikeldetailsMarke: REWE Beste WahlUrsprungsland: ItalienPackungsgr\xc3\xb6\xc3\x9fe: 400gKontaktKontaktname: CIEMME ALIMENTARI S.R.L.Kontaktadresse: VIA FOGGIA, 28/30, BARLETTA, 76121, ItalienMaximale Bestellmenge: 15 St\xc3\xbcckF\xc3\xbcr die vorstehenden Angaben wird keine Haftung \xc3\xbcbernommen. Bitte pr\xc3\xbcfen Sie im Einzelfall die Angaben auf der jeweiligen Produktverpackung, nur diese sind verbindlich.Das Produktdesign kann von der Abbildung abweichen.'",Grenzhöfer Weg 29,Rewe,Dein Markt für italienischen Genuss,2023-07-09,"Gültig ab morgen bis Samstag, 15.07.2023"
REWE Feine Welt Burrata,https://img.rewe-static.de/REWE28_2023/8643941/34631257-8_digital-image.png?impolicy=s-offers&imwidth=200&output-format=image/webp,,https://shop.rewe.de/p/spee-vollwaschmittel-aktiv-gel-990ml-22wl/8907195,,"je 250-g-Becher-Pckg , (1 kg = 14.90) , 100-g-Abtropfgew.",Aktion,"1,49 €","b'ProduktbeschreibungArtikelnummer 8643941Zutaten & AllergeneZutaten: Zutaten: K\xc3\x84SEREIMILCH, SAHNE 41 %, Speisesalz, mikrobielles Lab, S\xc3\xa4uerungsmittel Milchs\xc3\xa4ure, Konservierungsstoff Kaliumsorbat. Zusatzstoffe: E 202, E 270Allergenhinweise: Milch und Milcherzeugnisse (einschlie\xc3\x9flich Lactose)N\xc3\xa4hrwerteDurchschnittliche N\xc3\xa4hrwertepro 100 gEnergie1.054 kJEnergie255 kcalFett23,9 gFett, davon ges\xc3\xa4ttigte Fetts\xc3\xa4uren15,3 gKohlenhydrate2 gKohlenhydrate, davon Zucker2 gEiwei\xc3\x9f8 gSalz0,54 gArtikeldetailsMarke: REWE Feine WeltNettof\xc3\xbcllmenge: 250 GUrsprungsland: ItalienAbtropfgewicht: 100 gKontaktKontaktname: DELIZIA S.P.A.Kontaktadresse: Contrada Pizunzo Z.I., Noci (BA), 70015, ItalienMaximale Bestellmenge: 15 St\xc3\xbcckF\xc3\xbcr die vorstehenden Angaben wird keine Haftung \xc3\xbcbernommen. Bitte pr\xc3\xbcfen Sie im Einzelfall die Angaben auf der jeweiligen Produktverpackung, nur diese sind verbindlich.Das Produktdesign kann von der Abbildung abweichen.'",Grenzhöfer Weg 29,Rewe,Dein Markt für italienischen Genuss,2023-07-09,"Gültig ab morgen bis Samstag, 15.07.2023"
La Gioiosa Prosecco Frizzante Treviso DOC,https://img.rewe-static.de/REWE28_2023/0321558/7433190-34_digital-image.png?impolicy=s-offers&imwidth=200&output-format=image/webp,,https://shop.rewe.de/p/spee-vollwaschmittel-aktiv-gel-990ml-22wl/8907195,,"je 0,75-l-Fl , (1 l = 7.99)",Aktion,"5,99 €","b'Bestellung ab 18 Jahren.F\xc3\xbcr dieses Produkt gilt das Jugendschutzgesetz.ProduktbeschreibungArtikelnummer 321558Alkoholgehalt: 10 % Vol. Zutaten & AllergeneZutaten: Nicht deklariert:Perlwein, Antioxidationsmittel (Ascorbins\xc3\xa4ure, Schwefeldioxid). Zusatzstoffe: E 220Allergenhinweise: Schwefeldioxid und Sulfite in einer Konzentration von mehr als 10 mg/kg oder 10 mg/l, als SO2 angegebenN\xc3\xa4hrwerteDurchschnittliche N\xc3\xa4hrwertepro 100 mlEnergie292 kJEnergie70 kcalFett0 gFett, davon ges\xc3\xa4ttigte Fetts\xc3\xa4uren0 gKohlenhydrate2,9 gKohlenhydrate, davon Zucker1,1 gEiwei\xc3\x9f< 0,1 gSalz< 0,02 gHinweiseVerwendungshinweise: Trocken und k\xc3\xbchl lagern. Vor Licht sch\xc3\xbctzen.ArtikeldetailsMarke: La GioiosaUrsprungsland: ItalienKontaktKontaktname: La Gioiosa S.p.A.Kontaktadresse: Crocetta del Montello, 31035, ItalienMaximale Bestellmenge: 15 St\xc3\xbcckF\xc3\xbcr die vorstehenden Angaben wird keine Haftung \xc3\xbcbernommen. Bitte pr\xc3\xbcfen Sie im Einzelfall die Angaben auf der jeweiligen Produktverpackung, nur diese sind verbindlich.Das Produktdesign kann von der Abbildung abweichen.'",Grenzhöfer Weg 29,Rewe,Dein Markt für italienischen Genuss,2023-07-09,"Gültig ab morgen bis Samstag, 15.07.2023"
REWE Beste Wahl Bolognese Pasta Sauce,https://img.rewe-static.de/REWE28_2023/7123786/27851232-24_digital-image.png?impolicy=s-offers&imwidth=200&output-format=image/webp,,https://shop.rewe.de/p/spee-vollwaschmittel-aktiv-gel-990ml-22wl/8907195,,"je 380-ml-Glas , (1 l = 4.18)",Aktion,"1,59 €","b'ProduktbeschreibungArtikelnummer 7123786Zutaten & AllergeneZutaten: Passierte Tomaten 61%, Rindfleisch 28%, Gem\xc3\xbcse 6% (Karotten, Zwiebeln, Knoblauch), Zucker, Salz, S\xc3\xa4uerungsmittel Milchs\xc3\xa4ure, Sonnenblumen\xc3\xb6l, Kr\xc3\xa4uter, Gew\xc3\xbcrze.    Zusatzstoffe: E 270N\xc3\xa4hrwerteDurchschnittliche N\xc3\xa4hrwertepro 100 mlEnergie392 kJEnergie94 kcalFett4,6 gFett, davon ges\xc3\xa4ttigte Fetts\xc3\xa4uren2,3 gKohlenhydrate6,1 gKohlenhydrate, davon Zucker5 gEiwei\xc3\x9f5,9 gSalz1,4 gHinweiseAufbewahrungshinweise: Nach dem \xc3\x96ffnen im K\xc3\xbchlschrank aufbewahren und innerhalb von 3-4 Tagen verbrauchen.Verwendungshinweise: Trocken lagern. Vor W\xc3\xa4rme sch\xc3\xbctzen.ArtikeldetailsMarke: REWE Beste WahlUrsprungsland: ItalienKontaktKontaktname: LA DORIA S.P.A.Kontaktadresse: Via Nazionale, 320, Angri, 84012, ItalienMaximale Bestellmenge: 15 St\xc3\xbcckF\xc3\xbcr die vorstehenden Angaben wird keine Haftung \xc3\xbcbernommen. Bitte pr\xc3\xbcfen Sie im Einzelfall die Angaben auf der jeweiligen Produktverpackung, nur diese sind verbindlich.Das Produktdesign kann von der Abbildung abweichen.'",Grenzhöfer Weg 29,Rewe,Dein Markt für italienischen Genuss,2023-07-09,"Gültig ab morgen bis Samstag, 15.07.2023"
S. Pellegrino Mineralwasser,https://img.rewe-static.de/REWE28_2023/0106565/9482880-6_digital-image.png?impolicy=s-offers&imwidth=200&output-format=image/webp,,https://shop.rewe.de/p/spee-vollwaschmittel-aktiv-gel-990ml-22wl/8907195,,"je 1-l-Fl , zzgl. 0.25 Pfand",Aktion,"0,79 €","b'ProduktbeschreibungArtikelnummer 106565S.Pellegrino bringt echtes italienisches Lebensgef\xc3\xbchl direkt zu Ihnen nach Hause. Ein feinperliges nat\xc3\xbcrliches Mineralwasser f\xc3\xbcr Genie\xc3\x9fer, das stilvoll erfrischt.\n\nUnnachahmlich prickelnd und frisch, so schmeckt S.Pellegrino. Das liegt an der einzigartigen Balance, die das Mineralwasser besonders feinperlig sprudeln l\xc3\xa4sst. Ausgewogen mineralisiert, ist S.Pellegrino ein ebenso spritziger wie authentischer Genuss.\n\nEin Wasser mit Tradition\n\nS.Pellegrino, das bereits seit 1899 Genie\xc3\x9fer begeistert, entspringt in der nahezu unber\xc3\xbchrten Natur der lombardischen Alpen. Auf seiner langen Reise durch breite Schichten Dolomit- und Gipsgestein erh\xc3\xa4lt das Wasser seine ausgewogene Mineralisierung und seine besondere Reinheit. \n\nImmer ein Genuss\n\nMit seinem nat\xc3\xbcrlichen und lebendigen Temperament ist S.Pellegrino ein Wasser, das einfach \xc3\xbcberall genossen werden kann. Darum gibt es den italienischen Klassiker auch in handlichen 1,0L Pet-Flaschen \xe2\x80\x93 Wie geschaffen f\xc3\xbcr geselliges Beisammensein und genussvolles Miteinander. Besonders praktisch: Im Sixpack haben Sie immer eine Flasche in Reserve.\n\nS.Pellegrino\n- Nat\xc3\xbcrliches feinperliges Mineralwasser\n- Erfrischt einfach herrlich italienisch\n- Ein Wasser f\xc3\xbcr anspruchsvolle Genie\xc3\x9fer\n- Ausgewogen mineralisiert und besonders prickelnd\n- Wassergenuss f\xc3\xbcr jede Gelegenheit in handlichen Pet-Flaschen... mehr anzeigenSeit 1899 ist S.Pellegrino eine Ikone italienischen Stils und eines der bekanntesten nat\xc3\xbcrlichen Mineralwasser der Welt. Dank seiner perfekten Balance aus feinperliger Kohlens\xc3\xa4ure, Mineralisierung und einzigartigem Geschmack \xc3\xbcberzeugt es Sommeliers und Spitzenk\xc3\xb6che. \nSo inspiriert S.Pellegrino dazu, genussvolle Momente auszukosten und sie zu teilen.N\xc3\xa4hrwerteDurchschnittliche N\xc3\xa4hrwerteUnzubereitet pro 1 lChlorid49,4 mgCalcium166 mgMagnesium49,5 mgBikarbonat244 mgNatrium30 mgSulfat 4+401 mgHinweiseAufbewahrungs- und Verwendungshinweis: Vor Sonne und Frost sch\xc3\xbctzen und an einem sauberen, trockenen, k\xc3\xbchlen und geruchlosen Ort lagern.Information: Abdampfr\xc3\xbcckstand bei 180 Grad: 853 mg/LpH-Wert an der Quelle: 7,7Aus der S.PELLEGRINO Quelle in SAN PELLEGRINO TERME (BERGAMO) ITALIENArtikeldetailsMarke: San PellegrinoNettof\xc3\xbcllmenge: 1 LUrsprungsland: ItalienPackungsgr\xc3\xb6\xc3\x9fe: 1,0lKontaktKontaktname: SANPELLEGRINO S.P.A.Kontaktadresse: 24016 SAN PELLEGRINO TERME (BG)LOCALIT\xc3\x80 RUSPINO - ITALIENMaximale Bestellmenge: 15 St\xc3\xbcckF\xc3\xbcr die vorstehenden Angaben wird keine Haftung \xc3\xbcbernommen. Bitte pr\xc3\xbcfen Sie im Einzelfall die Angaben auf der jeweiligen Produktverpackung, nur diese sind verbindlich.Das Produktdesign kann von der Abbildung abweichen.'",Grenzhöfer Weg 29,Rewe,Dein Markt für italienischen Genuss,2023-07-09,"Gültig ab morgen bis Samstag, 15.07.2023"
Fabbri Amarenakirschen,https://img.rewe-static.de/REWE28_2023/3797015/1603730-43_digital-image.png?impolicy=s-offers&imwidth=200&output-format=image/webp,,https://shop.rewe.de/p/spee-vollwaschmittel-aktiv-gel-990ml-22wl/8907195,,"Frucht in Sirup , je 230-g-Glas , (1 kg = 39.90) , 100-g-Abtropfgew.",Aktion,"3,99 €","b'ProduktbeschreibungArtikelnummer 3797015Zutaten & AllergeneZutaten: Zucker, Sauerkirschen (43%), Glukose Sirup, Wasser, Sauerkirschen saft (4%), S\xc3\xa4uerungsmittel Zitronens\xc3\xa4ure, Aromen, Farbstoff Anthocyane aus Pflanzenextrakt.N\xc3\xa4hrwerteDurchschnittliche N\xc3\xa4hrwerteUnzubereitet pro 100 gEnergie1.160 kJEnergie273 kcalFett0 gFett, davon ges\xc3\xa4ttigte Fetts\xc3\xa4uren0 gKohlenhydrate67 gKohlenhydrate, davon Zucker61 gEiwei\xc3\x9f0 gSalz0,03 gArtikeldetailsMarke: FabbriNettof\xc3\xbcllmenge: 230 GUrsprungsland: ItalienAbtropfgewicht: 100 gKontaktKontaktname: G. Fabbri Deutschland GmbHKontaktadresse: Witneystr. 1 - 82008 UnterhachingMaximale Bestellmenge: 15 St\xc3\xbcckF\xc3\xbcr die vorstehenden Angaben wird keine Haftung \xc3\xbcbernommen. Bitte pr\xc3\xbcfen Sie im Einzelfall die Angaben auf der jeweiligen Produktverpackung, nur diese sind verbindlich.Das Produktdesign kann von der Abbildung abweichen.'",Grenzhöfer Weg 29,Rewe,Dein Markt für italienischen Genuss,2023-07-09,"Gültig ab morgen bis Samstag, 15.07.2023"
Citterio Mailänder Salami Strafino,https://img.rewe-static.de/REWE28_2023/5310075/23629963-7_digital-image.png?impolicy=s-offers&imwidth=200&output-format=image/webp,,https://shop.rewe.de/p/spee-vollwaschmittel-aktiv-gel-990ml-22wl/8907195,,je 100 g,Aktion,"2,19 €","b'ProduktbeschreibungArtikelnummer 5310075Frisch f\xc3\xbcr dich aus unserer Servicetheke.\n\nZutaten: Schweinefleisch, Nitritp\xc3\xb6kelsalz (Kochsalz), Konservierungsstoff: E250 Gew\xc3\xbcrze, Zucker, Gew\xc3\xbcrzkr\xc3\xa4uter Antioxidationsmittel: E300, E 301, Konservierungsstoff. E252.\n\n100g Salami werden hergestellt aus 155g Schweinefleisch.\n\nN\xc3\xa4hrwerte je 100g:\nEnergie: 1660kj\nEnergie: 400kcal\nFett: 32g\nFett, davon ges\xc3\xa4ttigte Fetts\xc3\xa4uren: 13g\nKohlenhydrate: 0,5g\nKohlenhydrate, davon Zucker: 0,5g\nEiwei\xc3\x9f: 28g\nSalz: 4,6g fein gek\xc3\xb6rnte Spitzenqualit\xc3\xa4t, leicht ger\xc3\xa4uchert, mindestens 3 Monate gereiftZutaten & AllergeneZutaten: Schweinefleisch, Nitritp\xc3\xb6kelsalz (Kochsalz, Konservierungsstoff: Natriumnitrit), Zucker, Gew\xc3\xbcrze, Gew\xc3\xbcrzkr\xc3\xa4uter, Antioxidationsmittel: Natriumascorbat, Ascorbins\xc3\xa4ure; Konservierungsstoff: Kaliumnitrat. 100g Salami hergestellt aus 155g Schweinefleisch.Allergenhinweise: Enth\xc3\xa4lt: Keine deklarationspflichtigen Allergene enthalten.N\xc3\xa4hrwerteDurchschnittliche N\xc3\xa4hrwerteUnzubereitet pro 100 gEnergie1.660 kJEnergie400 kcalFett32 gFett, davon ges\xc3\xa4ttigte Fetts\xc3\xa4uren13 gKohlenhydrate0,5 gKohlenhydrate, davon Zucker0,5 gEiwei\xc3\x9f28 gSalz4,6 gHinweiseAufbewahrungs- und Verwendungshinweis: Unter +7\xc2\xb0C lagern, nach dem \xc3\x96ffnen innerhalb kurzer Zeit verzehren.Information: Konservierungsstoff: E250 (Natriumnitrit), E252(Kaliumnitrat); Antioxidationsmittel: E301 (Natriumascorbat), E300 (Ascorbins\xc3\xa4ure); Wursth\xc3\xbclle nicht essbar.ArtikeldetailsUrsprungsland: ItalienKontaktKontaktname: Giuseppe Citterio Salumificio S.P.A.Kontaktadresse: Corso Europa 206, 20017 RhoMaximale Bestellmenge: 15 St\xc3\xbcckF\xc3\xbcr die vorstehenden Angaben wird keine Haftung \xc3\xbcbernommen. Bitte pr\xc3\xbcfen Sie im Einzelfall die Angaben auf der jeweiligen Produktverpackung, nur diese sind verbindlich.Das Produktdesign kann von der Abbildung abweichen.'",Grenzhöfer Weg 29,Rewe,Dein Markt für italienischen Genuss,2023-07-09,"Gültig ab morgen bis Samstag, 15.07.2023"
Mestemacher Wraps,https://img.rewe-static.de/REWE28_2023/8722477/35581003-6_digital-image.png?impolicy=s-offers&imwidth=200&output-format=image/webp,,https://shop.rewe.de/p/spee-vollwaschmittel-aktiv-gel-990ml-22wl/8907195,,"versch. Sorten , je 300-g-Pckg , (1 kg = 7.30)",Aktion,"2,19 €","b'ProduktbeschreibungArtikelnummer 8722477Man nehme italienisches Temperament, ein Originalrezept und kaltgepresstes Oliven\xc3\xb6l. Diese Zutaten machen unsere Wraps zu etwas ganz Besonderem!Zutaten & AllergeneZutaten: DINKELMEHL*1), Wasser, natives Oliven\xc3\xb6l extra* (5 %), Sonnenblumen\xc3\xb6l*, Meersalz, nat\xc3\xbcrliches Rosmarinaroma. * aus biologischem Landbau 1)Mit Dinkelmehl aus der EU. Kann Spuren von SOJA und SENF enthalten.Allergenhinweise: Enth\xc3\xa4lt: Glutenhaltiges Getreide und glutenhaltige Getreideerzeugnisse. Dinkel und Dinkelerzeugnisse (glutenhaltiges Getreide). Kann enthalten: Soja und Sojaerzeugnisse. Senf- und Senferzeugnisse.N\xc3\xa4hrwerteDurchschnittliche N\xc3\xa4hrwerteUnzubereitet pro 100 gEnergie1.280 kJEnergie304 kcalFett8,6 gFett, davon ges\xc3\xa4ttigte Fetts\xc3\xa4uren1,1 gKohlenhydrate45,7 gKohlenhydrate, davon Zucker1 gBallaststoffe3,1 gEiwei\xc3\x9f9,5 gSalz1,1 gHinweiseAufbewahrungs- und Verwendungshinweis: K\xc3\xbchl und trocken lagern.ArtikeldetailsMarkeMestemacherEigenschaftenVegan, BioUrsprungslandItalienServiervorschlagNach Belieben f\xc3\xbcllen, z.B. mit Salat oder Geschnetzeltem.\xc3\x96ko KontrollstelleIT-BIO-007Ort der ErzeugungEU-LandwirtschaftKontaktKontaktname: Mestemacher GmbHKontaktadresse: Postfach 2451 - 33254 G\xc3\xbcterslohF\xc3\xbcr die vorstehenden Angaben wird keine Haftung \xc3\xbcbernommen. Bitte pr\xc3\xbcfen Sie im Einzelfall die Angaben auf der jeweiligen Produktverpackung, nur diese sind verbindlich.Das Produktdesign kann von der Abbildung abweichen.'",Grenzhöfer Weg 29,Rewe,Dein Markt für italienischen Genuss,2023-07-09,"Gültig ab morgen bis Samstag, 15.07.2023"
Ponnath Delikatess Prosciutto Cotto,https://img.rewe-static.de/REWE28_2023/2231617/25159847-9_digital-image.png?impolicy=s-offers&imwidth=200&output-format=image/webp,,https://shop.rewe.de/p/spee-vollwaschmittel-aktiv-gel-990ml-22wl/8907195,,"je 150-g-Pckg , (1 kg = 15.27)",Aktion,"2,29 €","b'ProduktbeschreibungArtikelnummer 2231617Original italienisches Rezept. Zutaten & AllergeneZutaten: Schweinefleisch, S\xc3\xa4ureregulatoren: Kaliumlactat, Natriumacetate; jodiertes Speisesalz (Speisesalz, Kaliumjodat), Glukosesirup, Gew\xc3\xbcrzextrakte, Gew\xc3\xbcrze, Stabilisator: Triphosphate, Antioxidationsmittel: Natriumascorbat, Konservierungsstoff: Natriumnitrit.N\xc3\xa4hrwerteDurchschnittliche N\xc3\xa4hrwerteUnzubereitet pro 100 gEnergie455 kJEnergie108 kcalFett2,5 gFett, davon ges\xc3\xa4ttigte Fetts\xc3\xa4uren1,1 gKohlenhydrate1 gKohlenhydrate, davon Zucker0,8 gEiwei\xc3\x9f20,2 gSalz2,1 gHinweiseAufbewahrungs- und Verwendungshinweis: Bei unter + 7\xc2\xb0CInformation: Unter Schutzatmosph\xc3\xa4re verpackt.ArtikeldetailsMarke: PonnathUrsprungsland: DeutschlandKontaktKontaktname: Ponnath DIE MEISTERMETZGER GmbHKontaktadresse: Bayreuther Str. 40, D-95478 KemnathF\xc3\xbcr die vorstehenden Angaben wird keine Haftung \xc3\xbcbernommen. Bitte pr\xc3\xbcfen Sie im Einzelfall die Angaben auf der jeweiligen Produktverpackung, nur diese sind verbindlich.Das Produktdesign kann von der Abbildung abweichen.'",Grenzhöfer Weg 29,Rewe,Dein Markt für italienischen Genuss,2023-07-09,"Gültig ab morgen bis Samstag, 15.07.2023"
Saupiquet Thunfisch,https://img.rewe-static.de/REWE28_2023/2071371/2519210-44_digital-image.png?impolicy=s-offers&imwidth=200&output-format=image/webp,,https://shop.rewe.de/p/spee-vollwaschmittel-aktiv-gel-990ml-22wl/8907195,,"Naturale ohne Öl oder in Sonnenblumenöl , je 185-g-Dose , (1 kg = 17.79) , 140-g-Abtropfgew.",Aktion,"2,49 €","b'ProduktbeschreibungArtikelnummer 2071371Zutaten & AllergeneZutaten: THUNFISCH (Skipjack, Katsuwonus pelamis), Wasser, Salz.Allergenhinweise: Enth\xc3\xa4lt: Fisch und Fischerzeugnisse.N\xc3\xa4hrwerteDurchschnittliche N\xc3\xa4hrwerteUnzubereitet pro 100 gEnergie410 kJEnergie97 kcalFett0,5 gFett, davon ges\xc3\xa4ttigte Fetts\xc3\xa4uren0,2 gKohlenhydrate0 gKohlenhydrate, davon Zucker0 gBallaststoffe0 gEiwei\xc3\x9f23 gSalz1,3 gHinweiseAufbewahrungs- und Verwendungshinweis: Mindestens haltbar bis: siehe VerpackungsaufdruckArtikeldetailsMarke: SaupiquetNettof\xc3\xbcllmenge: 185 GUrsprungsland: EcuadorAbtropfgewicht: 140 gSorte: Naturale ohne \xc3\x96lKontaktKontaktname: Saupiquet D GmbHKontaktadresse: Postfach 9307, 47750 KrefeldMaximale Bestellmenge: 15 St\xc3\xbcckF\xc3\xbcr die vorstehenden Angaben wird keine Haftung \xc3\xbcbernommen. Bitte pr\xc3\xbcfen Sie im Einzelfall die Angaben auf der jeweiligen Produktverpackung, nur diese sind verbindlich.Das Produktdesign kann von der Abbildung abweichen.'",Grenzhöfer Weg 29,Rewe,Dein Markt für italienischen Genuss,2023-07-09,"Gültig ab morgen bis Samstag, 15.07.2023"
Lavazza Crema e Gusto oder Espresso,https://img.rewe-static.de/REWE28_2023/7713584/29141056-8_digital-image.png?impolicy=s-offers&imwidth=200&output-format=image/webp,,https://shop.rewe.de/p/spee-vollwaschmittel-aktiv-gel-990ml-22wl/8907195,,"versch. Sorten , je 250-g-Pckg , (1 kg = 13.96)",Aktion,"3,49 €","b'ProduktbeschreibungArtikelnummer 7713584Die Mischung besteht aus einer Auswahl hochwertiger, rassiger Arabicas (30 %) und Robustas (70 %) und ist ideal f\xc3\xbcr all diejenigen geeignet, die jeden Augenblick des Tages ein intensives Geschmackserlebnis genie\xce\xb2en m\xc3\xb6chten. HinweiseAufbewahrungs- und Verwendungshinweis: trocken lagern.ArtikeldetailsMarke: LavazzaUrsprungsland: ItalienSorte: Crema e GustoKontaktKontaktname: LUIGI LAVAZZA S.p.A.Kontaktadresse: C. SO NOVARA, 59- 10154 TORINO - ITALIAMaximale Bestellmenge: 15 St\xc3\xbcckF\xc3\xbcr die vorstehenden Angaben wird keine Haftung \xc3\xbcbernommen. Bitte pr\xc3\xbcfen Sie im Einzelfall die Angaben auf der jeweiligen Produktverpackung, nur diese sind verbindlich.Das Produktdesign kann von der Abbildung abweichen.'",Grenzhöfer Weg 29,Rewe,Dein Markt für italienischen Genuss,2023-07-09,"Gültig ab morgen bis Samstag, 15.07.2023"
Gelb- oder weißfleischige Nektarinen,https://img.rewe-static.de/REWE28_2023/1952216/8687110-16_digital-image.png?impolicy=s-offers&imwidth=200&output-format=image/webp,,https://shop.rewe.de/p/spee-vollwaschmittel-aktiv-gel-990ml-22wl/8907195,,"Kl. I , je 1 kg",Aktion,"2,99 €",nan,Grenzhöfer Weg 29,Rewe,Obst & Gemüse,2023-07-09,"Gültig ab morgen bis Samstag, 15.07.2023"
Cherry Romatomaten,https://img.rewe-static.de/REWE28_2023/7011307/31264808-6_digital-image.png?impolicy=s-offers&imwidth=200&output-format=image/webp,,https://shop.rewe.de/p/spee-vollwaschmittel-aktiv-gel-990ml-22wl/8907195,,"Kl. I , je 400-g-Eimer , (1 kg = 6.23)",Aktion,"2,49 €",nan,Grenzhöfer Weg 29,Rewe,Obst & Gemüse,2023-07-09,"Gültig ab morgen bis Samstag, 15.07.2023"
Kluth Nusskernmischung,https://img.rewe-static.de/REWE28_2023/7137980/26996585-15_digital-image.png?impolicy=s-offers&imwidth=200&output-format=image/webp,,https://shop.rewe.de/p/spee-vollwaschmittel-aktiv-gel-990ml-22wl/8907195,,"je 200-g-Btl , (1 kg = 14.95)",Aktion,"2,99 €","b'ProduktbeschreibungArtikelnummer 7137980Zutaten & AllergeneZutaten: CASHEWKERNE, MANDELN(blanchiert), MANDELN, R\xc3\x96MER-HASELNUSSKERNE, WALNUSSKERNEKann Spuren von weiteren Schalenfr\xc3\xbcchten und Erdn\xc3\xbcssen enthalten.Allergenhinweise: Kann enthalten: N\xc3\xbcsse und Nusserzeugnisse.N\xc3\xa4hrwerteDurchschnittliche N\xc3\xa4hrwerteUnzubereitet pro 100 gEnergie2.608 kJEnergie630 kcalFett54 gFett, davon ges\xc3\xa4ttigte Fetts\xc3\xa4uren5,6 gFett, davon einfach unges\xc3\xa4ttigte Fetts\xc3\xa4uren32 gFett, davon mehrfach unges\xc3\xa4ttigte Fetts\xc3\xa4uren14 gKohlenhydrate11 gKohlenhydrate, davon Zucker4,8 gBallaststoffe7,7 gEiwei\xc3\x9f21 gSalz0,01 gVitamin E16 mgHinweiseAufbewahrungs- und Verwendungshinweis: Bei trockener Lagerung mindestens haltbar bis Ende: siehe VerpackungsaufdruckInformation: unter Schutzatmosph\xc3\xa4re verpacktArtikeldetailsMarke: KluthUrsprungsland: DeutschlandKontaktKontaktname: Herbert Kluth (GmbH & Co. KG)Kontaktadresse: Heidekoppel 31, 24558 Henstedt-UlzburgF\xc3\xbcr die vorstehenden Angaben wird keine Haftung \xc3\xbcbernommen. Bitte pr\xc3\xbcfen Sie im Einzelfall die Angaben auf der jeweiligen Produktverpackung, nur diese sind verbindlich.Das Produktdesign kann von der Abbildung abweichen.'",Grenzhöfer Weg 29,Rewe,Obst & Gemüse,2023-07-09,"Gültig ab morgen bis Samstag, 15.07.2023"
Honigmelone,https://img.rewe-static.de/REWE28_2023/8436752/8613000-32_digital-image.png?impolicy=s-offers&imwidth=200&output-format=image/webp,,https://shop.rewe.de/p/spee-vollwaschmittel-aktiv-gel-990ml-22wl/8907195,,"Kl. I , je St",Aktion,"2,99 €",nan,Grenzhöfer Weg 29,Rewe,Obst & Gemüse,2023-07-09,"Gültig ab morgen bis Samstag, 15.07.2023"
Mini Rispentomaten,https://img.rewe-static.de/REWE28_2023/1365342/31264784-8_digital-image.png?impolicy=s-offers&imwidth=200&output-format=image/webp,,https://shop.rewe.de/p/spee-vollwaschmittel-aktiv-gel-990ml-22wl/8907195,,"Kl. I , je 350-g-Schale , (1 kg = 4.26)",Aktion,"1,49 €",nan,Grenzhöfer Weg 29,Rewe,Obst & Gemüse,2023-07-09,"Gültig ab morgen bis Samstag, 15.07.2023"
Paprika Mix,https://img.rewe-static.de/REWE28_2023/1913973/20938720-3_digital-image.png?impolicy=s-offers&imwidth=200&output-format=image/webp,,https://shop.rewe.de/p/spee-vollwaschmittel-aktiv-gel-990ml-22wl/8907195,,"Kl. I , je 500-g-Pckg , (1 kg = 3.38)",Aktion,"1,69 €",nan,Grenzhöfer Weg 29,Rewe,Obst & Gemüse,2023-07-09,"Gültig ab morgen bis Samstag, 15.07.2023"
Gelb- oder weißfleischige Bio Nektarinen,https://img.rewe-static.de/REWE28_2023/0429803/31335233-4_digital-image.png?impolicy=s-offers&imwidth=200&output-format=image/webp,,https://shop.rewe.de/p/spee-vollwaschmittel-aktiv-gel-990ml-22wl/8907195,,"Kl. II , je 1 kg",,"3,99 €",nan,Grenzhöfer Weg 29,Rewe,Obst & Gemüse,2023-07-09,"Gültig ab morgen bis Samstag, 15.07.2023"
Speisemöhren,https://img.rewe-static.de/REWE28_2023/8108969/34636887-3_digital-image.png?impolicy=s-offers&imwidth=200&output-format=image/webp,,https://shop.rewe.de/p/spee-vollwaschmittel-aktiv-gel-990ml-22wl/8907195,,"Kl. I , je 1-kg-Btl",Aktion,"1,29 €",nan,Grenzhöfer Weg 29,Rewe,Obst & Gemüse,2023-07-09,"Gültig ab morgen bis Samstag, 15.07.2023"
Avocados,https://img.rewe-static.de/REWE28_2023/8906591/33086431-2_digital-image.png?impolicy=s-offers&imwidth=200&output-format=image/webp,,https://shop.rewe.de/p/spee-vollwaschmittel-aktiv-gel-990ml-22wl/8907195,,"»Hass«, Kl. I , je 700-g-Netz , (1 kg = 2.84)",Aktion,"1,99 €",nan,Grenzhöfer Weg 29,Rewe,Obst & Gemüse,2023-07-09,"Gültig ab morgen bis Samstag, 15.07.2023"
Bio Bunte Salate,https://img.rewe-static.de/REWE28_2023/0146421/27990259-3_digital-image.png?impolicy=s-offers&imwidth=200&output-format=image/webp,,https://shop.rewe.de/p/spee-vollwaschmittel-aktiv-gel-990ml-22wl/8907195,,"Kl. II , je St",,"1,99 €",nan,Grenzhöfer Weg 29,Rewe,Obst & Gemüse,2023-07-09,"Gültig ab morgen bis Samstag, 15.07.2023"
Rote Bio Tafeläpfel,https://img.rewe-static.de/REWE28_2023/3366162/30888510-8_digital-image.png?impolicy=s-offers&imwidth=200&output-format=image/webp,,https://shop.rewe.de/p/spee-vollwaschmittel-aktiv-gel-990ml-22wl/8907195,,"Sorte: siehe Etikett, Kl. II , je 1-kg-Netz",,"1,99 €",nan,Grenzhöfer Weg 29,Rewe,Obst & Gemüse,2023-07-09,"Gültig ab morgen bis Samstag, 15.07.2023"
Bio Bananen,https://img.rewe-static.de/REWE28_2023/7708685/30177546-11_digital-image.png?impolicy=s-offers&imwidth=200&output-format=image/webp,,https://shop.rewe.de/p/spee-vollwaschmittel-aktiv-gel-990ml-22wl/8907195,,je 1 kg,,"1,79 €",nan,Grenzhöfer Weg 29,Rewe,Obst & Gemüse,2023-07-09,"Gültig ab morgen bis Samstag, 15.07.2023"
Mini Gurken,https://img.rewe-static.de/REWE28_2023/7240489/32111765-5_digital-image.png?impolicy=s-offers&imwidth=200&output-format=image/webp,,https://shop.rewe.de/p/spee-vollwaschmittel-aktiv-gel-990ml-22wl/8907195,,"Kl. I , je St",Aktion,"0,45 €",nan,Grenzhöfer Weg 29,Rewe,Obst & Gemüse,2023-07-09,"Gültig ab morgen bis Samstag, 15.07.2023"
Brombeeren,https://img.rewe-static.de/REWE28_2023/0561586/12563490-11_digital-image.png?impolicy=s-offers&imwidth=200&output-format=image/webp,,https://shop.rewe.de/p/spee-vollwaschmittel-aktiv-gel-990ml-22wl/8907195,,"Kl. I , je 125-g-Schale , (1 kg = 14.32)",Aktion,"1,79 €",nan,Grenzhöfer Weg 29,Rewe,Obst & Gemüse,2023-07-09,"Gültig ab morgen bis Samstag, 15.07.2023"
Rispentomaten,https://img.rewe-static.de/REWE28_2023/2061181/34638052-8_digital-image.png?impolicy=s-offers&imwidth=200&output-format=image/webp,,https://shop.rewe.de/p/spee-vollwaschmittel-aktiv-gel-990ml-22wl/8907195,,"Kl. I , je 1 kg",Aktion,"0,89 €",nan,Grenzhöfer Weg 29,Rewe,Obst & Gemüse,2023-07-09,"Gültig ab morgen bis Samstag, 15.07.2023"
Speisekartoffeln,https://img.rewe-static.de/REWE28_2023/8019779/33066527-3_digital-image.png?impolicy=s-offers&imwidth=200&output-format=image/webp,,https://shop.rewe.de/p/spee-vollwaschmittel-aktiv-gel-990ml-22wl/8907195,,"Sorte, Kocheigenschaft und Ursprung: siehe Etikett, Qualität I , je 2-kg-Netz , (1 kg = 1.50)",Aktion,"2,99 €",nan,Grenzhöfer Weg 29,Rewe,Obst & Gemüse,2023-07-09,"Gültig ab morgen bis Samstag, 15.07.2023"
Zitronen,https://img.rewe-static.de/REWE28_2023/8131318/8722460-33_digital-image.png?impolicy=s-offers&imwidth=200&output-format=image/webp,,https://shop.rewe.de/p/spee-vollwaschmittel-aktiv-gel-990ml-22wl/8907195,,"Sorte: siehe Etikett, Kl. I , je 500-g-Netz , (1 kg = 2.58)",Aktion,"1,29 €",nan,Grenzhöfer Weg 29,Rewe,Obst & Gemüse,2023-07-09,"Gültig ab morgen bis Samstag, 15.07.2023"
Plattnektarinen,https://img.rewe-static.de/REWE28_2023/2454901/12387090-12_digital-image.png?impolicy=s-offers&imwidth=200&output-format=image/webp,,https://shop.rewe.de/p/spee-vollwaschmittel-aktiv-gel-990ml-22wl/8907195,,"Kl. I , je 500-g-Schale , (1 kg = 3.98)",Aktion,"1,99 €","b'ProduktbeschreibungArtikelnummer 2454901Spanien; Klasse I; Ursprungsland und Klasse k\xc3\xb6nnen je nach Angebot abweichen. \n\nSind im online Shop bei einem Produkt alternative Herkunftsl\xc3\xa4nder angegeben, so gilt das an der Ware ausgezeichnete Herkunftsland, welches Sie bei Warenlieferung \xc3\xbcberpr\xc3\xbcfen k\xc3\xb6nnen. ArtikeldetailsUrsprungsland: SpanienF\xc3\xbcr die vorstehenden Angaben wird keine Haftung \xc3\xbcbernommen. Bitte pr\xc3\xbcfen Sie im Einzelfall die Angaben auf der jeweiligen Produktverpackung, nur diese sind verbindlich.Das Produktdesign kann von der Abbildung abweichen.'",Grenzhöfer Weg 29,Rewe,Obst & Gemüse,2023-07-09,"Gültig ab morgen bis Samstag, 15.07.2023"
Eisbergsalat,https://img.rewe-static.de/REWE28_2023/1366237/36750087-3_digital-image.png?impolicy=s-offers&imwidth=200&output-format=image/webp,,https://shop.rewe.de/p/spee-vollwaschmittel-aktiv-gel-990ml-22wl/8907195,,"Kl. I , je St",Aktion,"0,75 €",nan,Grenzhöfer Weg 29,Rewe,Obst & Gemüse,2023-07-09,"Gültig ab morgen bis Samstag, 15.07.2023"
Radieschen,https://img.rewe-static.de/REWE28_2023/6909086/4732590-14_digital-image.png?impolicy=s-offers&imwidth=200&output-format=image/webp,,https://shop.rewe.de/p/spee-vollwaschmittel-aktiv-gel-990ml-22wl/8907195,,"Kl. I , je Bund",Aktion,"0,49 €",nan,Grenzhöfer Weg 29,Rewe,Obst & Gemüse,2023-07-09,"Gültig ab morgen bis Samstag, 15.07.2023"
Rote Stachelbeeren oder Rote Johannisbeeren,https://img.rewe-static.de/REWE28_2023/8399383/8570030-27_digital-image.png?impolicy=s-offers&imwidth=200&output-format=image/webp,,https://shop.rewe.de/p/spee-vollwaschmittel-aktiv-gel-990ml-22wl/8907195,,"Kl. I , je z.B. 500 g , (1 kg = 4.98)",Aktion,"2,49 €",nan,Grenzhöfer Weg 29,Rewe,Obst & Gemüse,2023-07-09,"Gültig ab morgen bis Samstag, 15.07.2023"
Bio Zucchini,https://img.rewe-static.de/REWE28_2023/8181276/29354659-9_digital-image.png?impolicy=s-offers&imwidth=200&output-format=image/webp,,https://shop.rewe.de/p/spee-vollwaschmittel-aktiv-gel-990ml-22wl/8907195,,"Kl. II , je 500-g-Pckg , (1 kg = 2.58)",,"1,29 €",nan,Grenzhöfer Weg 29,Rewe,Obst & Gemüse,2023-07-09,"Gültig ab morgen bis Samstag, 15.07.2023"
Gelb- oder weißfleischige Pfirsiche,https://img.rewe-static.de/REWE28_2023/7126212/31363907-4_digital-image.png?impolicy=s-offers&imwidth=200&output-format=image/webp,,https://shop.rewe.de/p/spee-vollwaschmittel-aktiv-gel-990ml-22wl/8907195,,"Kl. I , je 1-kg-Schale",Aktion,"1,69 €",nan,Grenzhöfer Weg 29,Rewe,Obst & Gemüse,2023-07-09,"Gültig ab morgen bis Samstag, 15.07.2023"
Dunkle Pflaumen,https://img.rewe-static.de/REWE28_2023/7673066/20190760-11_digital-image.png?impolicy=s-offers&imwidth=200&output-format=image/webp,,https://shop.rewe.de/p/spee-vollwaschmittel-aktiv-gel-990ml-22wl/8907195,,"Kl. I , je 500-g-Schale , (1 kg = 3.38)",Aktion,"1,69 €",nan,Grenzhöfer Weg 29,Rewe,Obst & Gemüse,2023-07-09,"Gültig ab morgen bis Samstag, 15.07.2023"
10% Rabatt auf alle REWE Beste Wahl Produkte,https://img.rewe-static.de/REWE_TH25_2023/8939024/39291866-9_digital-image.png?impolicy=s-offers&imwidth=200&output-format=image/webp,,https://shop.rewe.de/p/spee-vollwaschmittel-aktiv-gel-990ml-22wl/8907195,,Beim Kauf von mindestens 2 Produkten,App Deal,-10%,nan,Grenzhöfer Weg 29,Rewe,Mit der REWE App sparen,2023-07-09,"Gültig ab morgen bis Samstag, 15.07.2023"
Freixenet Produkten,https://img.rewe-static.de/REWE28_2023/8467214/31461078-22_digital-image.png?impolicy=s-offers&imwidth=200&output-format=image/webp,20fach Punkte,https://shop.rewe.de/p/spee-vollwaschmittel-aktiv-gel-990ml-22wl/8907195,im Gesamtwert von über 2 €,,,,nan,Grenzhöfer Weg 29,Rewe,PAYBACK Punkte Highlights,2023-07-09,"Gültig ab morgen bis Samstag, 15.07.2023"
Batterien Energizer/Duracell,https://img.rewe-static.de/REWE28_2023/7996783/40194438-6_digital-image.png?impolicy=s-offers&imwidth=200&output-format=image/webp,10fach Punkte,https://shop.rewe.de/p/spee-vollwaschmittel-aktiv-gel-990ml-22wl/8907195,im Gesamtwert von über 2 €,,,,nan,Grenzhöfer Weg 29,Rewe,PAYBACK Punkte Highlights,2023-07-09,"Gültig ab morgen bis Samstag, 15.07.2023"
Ültje Produkten,https://img.rewe-static.de/REWE28_2023/7884382/33479751-4_digital-image.png?impolicy=s-offers&imwidth=200&output-format=image/webp,30fach Punkte,https://shop.rewe.de/p/spee-vollwaschmittel-aktiv-gel-990ml-22wl/8907195,im Gesamtwert von über 2 €,,,,nan,Grenzhöfer Weg 29,Rewe,PAYBACK Punkte Highlights,2023-07-09,"Gültig ab morgen bis Samstag, 15.07.2023"
Capri Sun Produkten,https://img.rewe-static.de/REWE28_2023/0194646/26222775-19_digital-image.png?impolicy=s-offers&imwidth=200&output-format=image/webp,20fach Punkte,https://shop.rewe.de/p/spee-vollwaschmittel-aktiv-gel-990ml-22wl/8907195,im Gesamtwert von über 2 €,,,,nan,Grenzhöfer Weg 29,Rewe,PAYBACK Punkte Highlights,2023-07-09,"Gültig ab morgen bis Samstag, 15.07.2023"
Fackelbrot,https://img.rewe-static.de/REWE28_2023/2149313/25038501-16_digital-image.png?impolicy=s-offers&imwidth=200&output-format=image/webp,,https://shop.rewe.de/p/spee-vollwaschmittel-aktiv-gel-990ml-22wl/8907195,,"versch. Sorten , je 100 g",Knaller,"1,29 €","b'ProduktbeschreibungArtikelnummer 2149313Frisch f\xc3\xbcr dich aus unserer Servicetheke. \n \nZutaten: 60% Weizentortilla (69% Weizenmehl, Wasser, Raps\xc3\xb6l, Backmittel (Backtriebmittel: E500, E450; Emulgator: E471; Traubenzucker, Konservierungsstoff: E202, E282; S\xc3\xa4uerungsmittel: E296; Stabilisator: E466; Mehlbehandlungsmittel: E920; Feuchthaltemittel: E422), Leinsamen, jodiertes Speisesalz, Karamell), 27% Fr\xc3\xbchlingszwiebelf\xc3\xbcllung (Salatmayonnaise 50% Fett (Raps\xc3\xb6l, Wasser, modifizierte St\xc3\xa4rke, Eigelb, Verdickungsmittel: E401, E412; Senfsaaten, Zucker, Branntweinessig, Salz, Gew\xc3\xbcrze), 24% Fr\xc3\xbchlingszwiebel, Gew\xc3\xbcrze (Sellerie), Kr\xc3\xa4uter, Salz, Glucosesirup, Raps\xc3\xb6l, Knoblauch, S\xc3\xa4uerungsmittel: E330; Verdickungsmittel: E417, E412; Konservierungsstoffe: E211, E202; modifizierte St\xc3\xa4rke, St\xc3\xa4rke, Maltodextrin, Hefe, Milcheiwei\xc3\x9f), 13 % Cheddar-Mozzarella-K\xc3\xa4semix 45% Fett i.Tr. (Milch, Salz, St\xc3\xa4rke, Farbstoff: E160b). \n \nN\xc3\xa4hrwerte je 100g: \nEnergie: 1390kJ \nEnergie: 332kcal \nFett: 19g \nFett, davon ges\xc3\xa4ttigte Fetts\xc3\xa4uren: 4,7g \nKohlenhydrate: 31g \nKohlenhydrate, davon Zucker: 2,5g \nEiwei\xc3\x9f: 9g \nNatrium: 0,8g \nBallaststoffe: 2,2g \n \nHerkunftsland: \nWeizentortilla: D\xc3\xa4nemark \nFr\xc3\xbchlingszwiebelf\xc3\xbcllung: Deutschland \nCheddar-Mozzarella-K\xc3\xa4semix: Niederlande... mehr anzeigenZutaten & AllergeneZutaten: 60% WEIzenfladen (WEIZENMEHL, Wasser, Palm\xc3\xb6l, jodiertes SpEIsesalz (SpEIsesalz, Kaliumjodat), LEInsamen, Backtriebmittel E500, S\xc3\xa4ureregulator E330, E296, Verdickungsmittel E412, Feuchthaltemittel E422, Emulgator E471, Konservierungsstoffe E202, E282), 26% Fr\xc3\xbchlingszwiebelf\xc3\xbcllung (Salatmayonnaise 50% Fett (Raps\xc3\xb6l, Wasser, modifizierte St\xc3\xa4rke, EIgelb, Verdickungsmittel E401, E412, SENFsaat, Zucker, BranntwEInessig, Salz, Gew\xc3\xbcrze), 24% Fr\xc3\xbchlingszwiebel, Gew\xc3\xbcrze (SELLERIE), Kr\xc3\xa4uter, Salz, Glucosesirup, Raps\xc3\xb6l, Knoblauch, S\xc3\xa4uerungsmittel E330, Verdickungsmittel E417, E412, Konservierungsstoffe E211, E202, modifizierte St\xc3\xa4rke, St\xc3\xa4rke, Maltodextrin, Hefe, MILCHEIwEI\xc3\x9f), 13 % Cheddar-Mozzarella-K\xc3\xa4semix 45% Fett i.Tr. (MILCH, SpEIsesalz, St\xc3\xa4rke, Farbstoff E160b), Karamell, f\xc3\xa4rbend.  Sesam, Soja, Sulfit, Erdnuss, LupineArtikeldetailsMarke: BardF\xc3\xbcr die vorstehenden Angaben wird keine Haftung \xc3\xbcbernommen. Bitte pr\xc3\xbcfen Sie im Einzelfall die Angaben auf der jeweiligen Produktverpackung, nur diese sind verbindlich.Das Produktdesign kann von der Abbildung abweichen.'",Grenzhöfer Weg 29,Rewe,Frische & Convenience,2023-07-09,"Gültig ab morgen bis Samstag, 15.07.2023"
Schweine-Filet,https://img.rewe-static.de/REWE28_2023/2532018/34373114-10_digital-image.png?impolicy=s-offers&imwidth=200&output-format=image/webp,,https://shop.rewe.de/p/spee-vollwaschmittel-aktiv-gel-990ml-22wl/8907195,,je 100 g,Knaller,"0,88 €","b'ProduktbeschreibungArtikelnummer 2532018Das beste St\xc3\xbcck vom Schwein, ideal auch f\xc3\xbcr Medaillons; SB-verpackt. Ursprung: Deutschland. Um einen Hinweis zur tats\xc3\xa4chlichen Herkunft zu erhalten, beachten Sie bitte die Angaben auf der Ihnen gelieferten Ware selbst; nur diese sind ma\xc3\x9fgeblich wie auch verbindlich. VOR DEM VERZEHR GUT DURCHGAREN. NICHT ZUM ROHVERZEHR GEEIGNET. Die Haltbarkeit des Produktes ist bis zum angegebenen Datum durch die Einhaltung der angegebenen Temperatur gesichert. Bei einer Unterbrechung der K\xc3\xbchlkette \xc3\xbcber +4 \xc2\xb0C, empfehlen wir Ihnen den Verzehr am Tag des Einkaufes. Nach \xc3\x96ffnen der Packung Ware noch am selben Tag verwenden.... mehr anzeigenZutaten & AllergeneZutaten: -  -N\xc3\xa4hrwerteDurchschnittliche N\xc3\xa4hrwertepro 100 gEnergie448 kJEnergie106 kcalFett2 gFett, davon ges\xc3\xa4ttigte Fetts\xc3\xa4uren0,7 gKohlenhydrate0 gKohlenhydrate, davon Zucker0 gBallaststoffe0 gEiwei\xc3\x9f22 gSalz0,19 gArtikeldetailsMarke: Wilhelm BrandenburgNachhaltigkeitWeitere Informationen zu den Siegeln findest du in unserer Siegelkunde.Maximale Bestellmenge: 15 St\xc3\xbcckF\xc3\xbcr die vorstehenden Angaben wird keine Haftung \xc3\xbcbernommen. Bitte pr\xc3\xbcfen Sie im Einzelfall die Angaben auf der jeweiligen Produktverpackung, nur diese sind verbindlich.Das Produktdesign kann von der Abbildung abweichen.'",Grenzhöfer Weg 29,Rewe,Frische & Convenience,2023-07-09,"Gültig ab morgen bis Samstag, 15.07.2023"
Spare Ribs,https://img.rewe-static.de/REWE28_2023/2290040/31070165-4_digital-image.png?impolicy=s-offers&imwidth=200&output-format=image/webp,,https://shop.rewe.de/p/spee-vollwaschmittel-aktiv-gel-990ml-22wl/8907195,,"vom Schwein, in versch. Marinaden, SB-verpackt , je 1 kg",Knaller,"9,90 €",nan,Grenzhöfer Weg 29,Rewe,Frische & Convenience,2023-07-09,"Gültig ab morgen bis Samstag, 15.07.2023"
Rote Wurst,https://img.rewe-static.de/REWE28_2023/7731883/23270769-10_digital-image.png?impolicy=s-offers&imwidth=200&output-format=image/webp,,https://shop.rewe.de/p/spee-vollwaschmittel-aktiv-gel-990ml-22wl/8907195,,je 100 g,Aktion,"0,88 €","b'ProduktbeschreibungArtikelnummer 7731883Frisch f\xc3\xbcr dich aus unserer Servicetheke.\n\nZutaten: Schweinefleisch 80%, Wasser, Speck, jodiertes Speisesalz (Speisesalz, Kaliumjodat), Konservierungsstoff (Natriumnitrit), Gew\xc3\xbcrze, Stabilisatoren (Natriumcitrate, Diphosphate), Dextrose, Antioxidationsmittel (Ascorbins\xc3\xa4ure) , Gew\xc3\xbcrzextrakte, Maltodextrin, Schweinedarm, Rauch.\n\nKann Spuren von GLUTEN, MILCH und SENF enthalten.\n\nN\xc3\xa4hrwerte je 100g:\nEnergie: 1179kJ\nEnergie: 285kcal\nFett: 26g\nFett, davon ges\xc3\xa4ttigte Fetts\xc3\xa4uren: 12g\nKohlenhydrate: 0,5g\nKohlenhydrate, davon Zucker: 0,5g\nEiwei\xc3\x9f: 12g\nSalz: 2,2g... mehr anzeigenArtikeldetailsMarke: Wilhelm BrandenburgMaximale Bestellmenge: 15 St\xc3\xbcckF\xc3\xbcr die vorstehenden Angaben wird keine Haftung \xc3\xbcbernommen. Bitte pr\xc3\xbcfen Sie im Einzelfall die Angaben auf der jeweiligen Produktverpackung, nur diese sind verbindlich.Das Produktdesign kann von der Abbildung abweichen.Bei abgewogenen Waren zahlen Sie die im Markt tats\xc3\xa4chlich gewogene Menge. Der bei Abholung oder Lieferung zu zahlende Betrag kann deshalb von dem hier angegebenen Betrag abweichen. F\xc3\xbcr die Berechnung des hier angegebenen Betrags wird ein Durchschnittsgewicht des jeweiligen Artikels zu Grunde gelegt.'",Grenzhöfer Weg 29,Rewe,Frische & Convenience,2023-07-09,"Gültig ab morgen bis Samstag, 15.07.2023"
Bresso Kräuter der Provence,https://img.rewe-static.de/REWE28_2023/4533135/9167380-57_digital-image.png?impolicy=s-offers&imwidth=200&output-format=image/webp,,https://shop.rewe.de/p/spee-vollwaschmittel-aktiv-gel-990ml-22wl/8907195,,"60% Fett i.Tr. , je 150-g-Pckg , (1 kg = 9.27)",Aktion,"1,39 €","b'ProduktbeschreibungArtikelnummer 4533135Die Qualit\xc3\xa4t der exklusiv von BRESSO entwickelten Kr\xc3\xa4uter-Mischung wird durch die Auswahl eigener Setzlinge und deren Anbau in der Provence garantiert. BRESSO steht f\xc3\xbcr unbeschwerten Frischk\xc3\xa4se-Genuss & provenzalisch-mediterrane Lebensweise. \nDie hohe Qualit\xc3\xa4t der vielf\xc3\xa4ltigen Zutaten kombiniert mit locker aufgeschlagenem Frischk\xc3\xa4se machen unseren BRESSO so besonders.\nDie Qualit\xc3\xa4t der exklusiv von BRESSO verwendeten Kr\xc3\xa4uter wird durch die Auswahl eigener Setzlinge & deren Anbau in der Provence garantiert. \nBRESSO. BESTE ZUTATEN IN LUFTIG-LOCKEREN FRISCHK\xc3\x84SE.\nOHNE GENTECHNIK, gem\xc3\xa4\xc3\x9f dem deutschen EG-Gentechnik-Durchf\xc3\xbchrungsgesetz.Zutaten & AllergeneZutaten: FRISCHK\xc3\x84SE, CREME FRA\xc3\x8eCHE, BUTTER, Kr\xc3\xa4uter der Provence, Kr\xc3\xa4uter, St\xc3\xa4rke, Gew\xc3\xbcrze, Speisesalz, nat\xc3\xbcrliche Aromen, Stickstoff zum Aufschlagen. Kann Spuren von Sellerie enthalten.Allergenhinweise: MilchEnth\xc3\xa4lt: Milch und Milcherzeugnisse (einschlie\xc3\x9flich Lactose). Kann enthalten: Sellerie und Sellerieerzeugnisse.N\xc3\xa4hrwerteDurchschnittliche N\xc3\xa4hrwerteUnzubereitet pro 100 gEnergie974 kJEnergie235 kcalFett21 gFett, davon ges\xc3\xa4ttigte Fetts\xc3\xa4uren14 gKohlenhydrate4,4 gKohlenhydrate, davon Zucker2,8 gEiwei\xc3\x9f7,2 gSalz1,1 gHinweiseAufbewahrungs- und Verwendungshinweis: Bei +2\xc2\xb0C bis +8\xc2\xb0C mindestens haltbar bis: siehe VerpackungsaufdruckInformation: 62% Fett i.Tr./F.i.T.ArtikeldetailsMarke: BressoUrsprungsland: DeutschlandKontaktKontaktname: Edelweiss GmbH & Co.KGKontaktadresse: D-87435 Kempten/Allg\xc3\xa4uMaximale Bestellmenge: 15 St\xc3\xbcckF\xc3\xbcr die vorstehenden Angaben wird keine Haftung \xc3\xbcbernommen. Bitte pr\xc3\xbcfen Sie im Einzelfall die Angaben auf der jeweiligen Produktverpackung, nur diese sind verbindlich.Das Produktdesign kann von der Abbildung abweichen.'",Grenzhöfer Weg 29,Rewe,Frische & Convenience,2023-07-09,"Gültig ab morgen bis Samstag, 15.07.2023"
Etorki,https://img.rewe-static.de/REWE28_2023/7327242/24091218-12_digital-image.png?impolicy=s-offers&imwidth=200&output-format=image/webp,,https://shop.rewe.de/p/spee-vollwaschmittel-aktiv-gel-990ml-22wl/8907195,,"frz. Schnittkäse, aus Schafsmilch hergestellt, 54% Fett i.Tr. , je 100 g",Aktion,"1,89 €","b'ProduktbeschreibungArtikelnummer 7327242Frisch f\xc3\xbcr dich aus unserer Servicetheke. \n \nZutaten: pasteurisierte SCHAFSMILCH, Speisesalz, Konservierungsstoffe: Natamycin, LYSOZYM (aus EI), tierisches Lab. \n \nAllergene: Kuh-, Ziegen- und SCHAFSMILCH. \n \nLaktosefrei* \n*Laktosegehalt: unter 0, 1g/100g \n \nKunststoff\xc3\xbcberzug nicht zum Verzehr geeignet! Hergestellt in Maul\xc3\xa9on im Herzen des Baskenlandes, aus Schafsmilch, die in einem Umkreis von 80 km um die K\xc3\xa4serei gesammelt wird.  ETORKI\xc2\xae RESERVE symbolisiert die ganze Kraft und den Reichtum des Baskenlandes. Von unseren K\xc3\xa4semeistern gereift und ausgew\xc3\xa4hlt, ist sein Geschmack offen und schafartig. Seine Textur ist schmelzend und charakteristisch.Zutaten & AllergeneZutaten: pasteurisierte SCHAFSMILCH, Speisesalz, K\xc3\xa4sereikulturen, Lab, Konservierungsstoffe Natamycin (in der Rinde), Lysozym ( aus EIKLAR ). Hergestellt in einer K\xc3\xa4serei die Kuh- , Ziegen - und Schafsmilch verarbeitet.Allergenhinweise: Milch,EiklarEnth\xc3\xa4lt: Milch und Milcherzeugnisse (einschlie\xc3\x9flich Lactose). Eier und Eierzeugnisse.N\xc3\xa4hrwerteDurchschnittliche N\xc3\xa4hrwerteUnzubereitet pro 100 gEnergie1.629 kJEnergie393 kcalFett33 gFett, davon ges\xc3\xa4ttigte Fetts\xc3\xa4uren23 gKohlenhydrate< 0,5 gKohlenhydrate, davon Zucker< 0,5 gEiwei\xc3\x9f24 gSalz1,5 gCalcium710 mgHinweiseAufbewahrungs- und Verwendungshinweis: Bei +2\xc2\xb0C bis +8\xc2\xb0C mindestens haltbar bis: siehe VerpackungsaufdruckInformation: Kunststoff\xc3\xbcberzug nicht zum Verzehr geeignet., 54% Fett i.Tr.ArtikeldetailsMarke: EtorkiUrsprungsland: FrankreichKontaktKontaktname: Fromageries des ChaumesKontaktadresse: 155 avenue Rauski 64110 Juran\xc3\xa7on FranceMaximale Bestellmenge: 15 St\xc3\xbcckF\xc3\xbcr die vorstehenden Angaben wird keine Haftung \xc3\xbcbernommen. Bitte pr\xc3\xbcfen Sie im Einzelfall die Angaben auf der jeweiligen Produktverpackung, nur diese sind verbindlich.Das Produktdesign kann von der Abbildung abweichen.'",Grenzhöfer Weg 29,Rewe,Frische & Convenience,2023-07-09,"Gültig ab morgen bis Samstag, 15.07.2023"
St. Mang Allgäuer Limburger,https://img.rewe-static.de/REWE28_2023/4485173/942460-35_digital-image.png?impolicy=s-offers&imwidth=200&output-format=image/webp,,https://shop.rewe.de/p/spee-vollwaschmittel-aktiv-gel-990ml-22wl/8907195,,"Weichkäse, 40% Fett i.Tr. , je 200-g-Pckg , (1 kg = 9.45)",Aktion,"1,89 €","b'ProduktbeschreibungArtikelnummer 4485173Der St.Mang Limburger ist ein \xe2\x80\x9eOriginal Allg\xc3\xa4uer\xe2\x80\x9c \xe2\x80\x93 so charaktervoll und\nausdrucksstark, wie das Allg\xc3\xa4u. Zur  Herstellung unserer K\xc3\xa4sespezialit\xc3\xa4ten verwenden wir nur\nbeste Allg\xc3\xa4uer Kuhmilch und die Original St.Mang Rotkulturen, welche unserem Limburger seine typische orangerote Rinde verleihen. Der Geschmack entwickelt sich je nach Reifestadium von\nmild-w\xc3\xbcrzig bis herzhaft-pikant.Zutaten & AllergeneZutaten: pasteurisierte MILCH, Salz, mikrobielles Lab, Milchs\xc3\xa4uerungskulturen, Reifungskulturen.Allergenhinweise: Enth\xc3\xa4lt: Milch und Milcherzeugnisse (einschlie\xc3\x9flich Lactose).N\xc3\xa4hrwerteDurchschnittliche N\xc3\xa4hrwerteUnzubereitet pro 100 gEnergie1.103 kJEnergie265 kcalFett19 gFett, davon ges\xc3\xa4ttigte Fetts\xc3\xa4uren12 gKohlenhydrate< 0,5 gKohlenhydrate, davon Zucker< 0,5 gEiwei\xc3\x9f23 gSalz2,3 gHinweiseAufbewahrungs- und Verwendungshinweis: Bei +2\xc2\xb0C - +8\xc2\xb0C mindestens haltbar bis: siehe Verpackungsaufdruck.ArtikeldetailsMarke: St. MangNettof\xc3\xbcllmenge: 200 GEigenschaften: VegetarischUrsprungsland: DeutschlandKontaktKontaktname: Mang K\xc3\xa4sewerkKontaktadresse: Untere Hauptstra\xc3\x9fe 287754 Kammlach/Allg\xc3\xa4uMaximale Bestellmenge: 15 St\xc3\xbcckF\xc3\xbcr die vorstehenden Angaben wird keine Haftung \xc3\xbcbernommen. Bitte pr\xc3\xbcfen Sie im Einzelfall die Angaben auf der jeweiligen Produktverpackung, nur diese sind verbindlich.Das Produktdesign kann von der Abbildung abweichen.'",Grenzhöfer Weg 29,Rewe,Frische & Convenience,2023-07-09,"Gültig ab morgen bis Samstag, 15.07.2023"
Schulte Edelsalami,https://img.rewe-static.de/REWE28_2023/8261047/25900106-4_digital-image.png?impolicy=s-offers&imwidth=200&output-format=image/webp,,https://shop.rewe.de/p/spee-vollwaschmittel-aktiv-gel-990ml-22wl/8907195,,"mit Rind , je 100 g",Aktion,"1,99 €","b'ProduktbeschreibungArtikelnummer 8261047Frisch f\xc3\xbcr dich aus unserer Servicetheke. \n \nZutaten Schweinefleisch, Rindfleisch, jodiertes Speisesalz (Speisesalz, Kaliumjodat),Gew\xc3\xbcrze, Dextrose, Antioxidationsmittel: Natriumascorbat, Konservierungsstoff: Natriumnitrit, Reifekultur, Buchenholzrauch. \n \nKann Spuren von SENF, SELLERIE und MILCH enthalten. \n \n100g Salami werden aus 108g Schweinefleisch und 27g Rindfleisch hergestellt. \n \nN\xc3\xa4hrwerte je 100g: \nEnergie: 1387kJ \nEnergie: 334kcal \nFett: 26g \nFett, davon ges\xc3\xa4ttigte Fetts\xc3\xa4uren: 12,2g \nKohlenhydrate: 1g \nKohlenhydrate, davon Zucker: 1g \nEiwei\xc3\x9f: 24g \nSalz: 3,8g... mehr anzeigenArtikeldetailsMarke: SchulteMaximale Bestellmenge: 15 St\xc3\xbcckF\xc3\xbcr die vorstehenden Angaben wird keine Haftung \xc3\xbcbernommen. Bitte pr\xc3\xbcfen Sie im Einzelfall die Angaben auf der jeweiligen Produktverpackung, nur diese sind verbindlich.Das Produktdesign kann von der Abbildung abweichen.'",Grenzhöfer Weg 29,Rewe,Frische & Convenience,2023-07-09,"Gültig ab morgen bis Samstag, 15.07.2023"
Gazi Schaf- oder Ziegenkäse,https://img.rewe-static.de/REWE28_2023/7711509/37883476-6_digital-image.png?impolicy=s-offers&imwidth=200&output-format=image/webp,,https://shop.rewe.de/p/spee-vollwaschmittel-aktiv-gel-990ml-22wl/8907195,,"50% Fett i.Tr. , je 150-g-Pckg , (1 kg = 14.60)",Aktion,"2,19 €","b'ProduktbeschreibungArtikelnummer 7711509Zutaten & AllergeneZutaten: pasteurisierte SCHAFMILCH, Speisesalz, mikrobielles Lab, Milchs\xc3\xa4urekulturenAllergenhinweise: Enth\xc3\xa4lt: Milch und Milcherzeugnisse (einschlie\xc3\x9flich Lactose).N\xc3\xa4hrwerteDurchschnittliche N\xc3\xa4hrwerteUnzubereitet pro 100 gEnergie1.140 kJEnergie275 kcalFett23 gFett, davon ges\xc3\xa4ttigte Fetts\xc3\xa4uren17 gKohlenhydrate1 gKohlenhydrate, davon Zucker0,1 gEiwei\xc3\x9f16 gSalz2,4 gHinweiseAufbewahrungs- und Verwendungshinweis: Unge\xc3\xb6ffnet bei +4\xc2\xb0C bis +8\xc2\xb0C mindestens haltbar bis: siehe AufdruckInformation: 50% Fett i.Tr.ArtikeldetailsMarke: GaziNettof\xc3\xbcllmenge: 150 GUrsprungsland: GriechenlandKontaktKontaktname: garmo AGKontaktadresse: Ulmer Stra\xc3\x9fe 181-191, 70188 StuttgartF\xc3\xbcr die vorstehenden Angaben wird keine Haftung \xc3\xbcbernommen. Bitte pr\xc3\xbcfen Sie im Einzelfall die Angaben auf der jeweiligen Produktverpackung, nur diese sind verbindlich.Das Produktdesign kann von der Abbildung abweichen.'",Grenzhöfer Weg 29,Rewe,Frische & Convenience,2023-07-09,"Gültig ab morgen bis Samstag, 15.07.2023"
"Zwiebelmettwurst, Zwiebelmettwurst- kugel oder Puten-zwiebelmettwurst",https://img.rewe-static.de/REWE28_2023/7225733/30597714-6_digital-image.png?impolicy=s-offers&imwidth=200&output-format=image/webp,,https://shop.rewe.de/p/spee-vollwaschmittel-aktiv-gel-990ml-22wl/8907195,,je 100 g,Aktion,"1,49 €","b'ProduktbeschreibungArtikelnummer 7225733Frisch f\xc3\xbcr dich aus unserer Servicetheke. \n \nZutaten: 91 % Schweinefleisch, S\xc3\xa4ureregulator Kaliumlactrat, jodiertes Nitritp\xc3\xb6kelsalz (Speisesalz), Konservierungsstoff Natriumnitrit, S\xc3\xa4uerungsmittel: MILCHS\xc3\x84URE, Zwiebeln, Trockenglukosesirup, Verdickungsmittel: Guarkernmehl, Johannisbrotkernmehl, Xanthan, Gew\xc3\xbcrze (enth\xc3\xa4lt SELLERIE), Dextrose, Geschmacksverst\xc3\xa4rker: Mononatriumglutamat, Antioxidationsmittel: Natriumascorbat, Ascorbins\xc3\xa4ure. \n \nKann Spuren von SENF enthalten. \n \nN\xc3\xa4hrwerte je 100g: \nEnergie: 655kJ \nEnergie: 157kcal \nFett: 8,5g \nFett, davon ges\xc3\xa4ttigt: 4,5g \nKohlenhydrate: 1g \nKohlenhydrate, davon Zucker: 1g \nEiwei\xc3\x9f: 19g \nSalz: 2,5g... mehr anzeigenZutaten & AllergeneAllergenhinweise: nullN\xc3\xa4hrwerteDurchschnittliche N\xc3\xa4hrwerteUnzubereitet pro 100 gEnergie655 kJEnergie157 kcalFett8,5 gFett, davon ges\xc3\xa4ttigte Fetts\xc3\xa4uren4,5 gKohlenhydrate1 gKohlenhydrate, davon Zucker1 gEiwei\xc3\x9f19 gSalz2,5 gArtikeldetailsMarke: Wilhelm BrandenburgMaximale Bestellmenge: 15 St\xc3\xbcckF\xc3\xbcr die vorstehenden Angaben wird keine Haftung \xc3\xbcbernommen. Bitte pr\xc3\xbcfen Sie im Einzelfall die Angaben auf der jeweiligen Produktverpackung, nur diese sind verbindlich.Das Produktdesign kann von der Abbildung abweichen.Bei abgewogenen Waren zahlen Sie die im Markt tats\xc3\xa4chlich gewogene Menge. Der bei Abholung oder Lieferung zu zahlende Betrag kann deshalb von dem hier angegebenen Betrag abweichen. F\xc3\xbcr die Berechnung des hier angegebenen Betrags wird ein Durchschnittsgewicht des jeweiligen Artikels zu Grunde gelegt.'",Grenzhöfer Weg 29,Rewe,Frische & Convenience,2023-07-09,"Gültig ab morgen bis Samstag, 15.07.2023"
Spinat-Käse-Bratwurst,https://img.rewe-static.de/REWE28_2023/0074010/25041032-9_digital-image.png?impolicy=s-offers&imwidth=200&output-format=image/webp,,https://shop.rewe.de/p/spee-vollwaschmittel-aktiv-gel-990ml-22wl/8907195,,"je 3 x 90-g-Pckg , (1 kg = 10.33)",Aktion,"2,79 €","b'ProduktbeschreibungArtikelnummer 74010Zutaten & AllergeneZutaten: Schweinefleisch 62%, Spinat 12%, K\xc3\x84SE 10%, Wasser, jodiertes Speisesalz, Gew\xc3\xbcrze, Maismehl, Glukosesirup, Emulgator Mono- und Diglyceride von Speisefetts\xc3\xa4uren, Stabilisatoren (Natriumcitrate, Diphosphate), Dextrose, Zitronen\xc3\xb6l, Gew\xc3\xbcrzextrakte, S\xc3\xa4uerungsmittel Citronens\xc3\xa4ure, Antioxidationsmittel Ascorbins\xc3\xa4ure, S\xc3\xa4ureregulator Natriumacetate, Schweinedarm. Zusatzstoffe: E 262, E 300, E 330, E 331, E 450, E 471N\xc3\xa4hrwerteDurchschnittliche N\xc3\xa4hrwertepro 100 gEnergie983 kJEnergie237 kcalFett18,4 gFett, davon ges\xc3\xa4ttigte Fetts\xc3\xa4uren8,3 gKohlenhydrate1,8 gKohlenhydrate, davon Zucker0,8 gBallaststoffe0,1 gEiwei\xc3\x9f15,9 gSalz1,77 gArtikeldetailsMarke: Wilhelm BrandenburgKontaktKontaktname: Metzgerei Robert M\xc3\xbcller Gro\xc3\x9fkunden GmbHKontaktadresse: Industriestr. 2;36103;Flieden;DEUF\xc3\xbcr die vorstehenden Angaben wird keine Haftung \xc3\xbcbernommen. Bitte pr\xc3\xbcfen Sie im Einzelfall die Angaben auf der jeweiligen Produktverpackung, nur diese sind verbindlich.Das Produktdesign kann von der Abbildung abweichen.'",Grenzhöfer Weg 29,Rewe,Frische & Convenience,2023-07-09,"Gültig ab morgen bis Samstag, 15.07.2023"
Merl Zarte Heringsfilets,https://img.rewe-static.de/REWE28_2023/6920730/7398540-35_digital-image.png?impolicy=s-offers&imwidth=200&output-format=image/webp,,https://shop.rewe.de/p/spee-vollwaschmittel-aktiv-gel-990ml-22wl/8907195,,"in Sahnesauce, versch. Sorten , je 250-g-Becher , (1 kg = 9.16)",Aktion,"2,29 €","b'ProduktbeschreibungArtikelnummer 6920730Ohne KonservierungsstoffeZutaten & AllergeneZutaten: 40% enth\xc3\xa4utete HERINGSFILETS ,40% Sahnesauce ( Raps\xc3\xb6l,Trinkwasser, Zucker, SAURE SAHNE, 10% SCHLAGSAHNE,Branntweinessig, EIGELB, Speisesalz, SENFMEHL, Gew\xc3\xbcrze,Verdickungsmittel (Johannisbrotkernmehl,Guarkernmehl)), 7% \xc3\x84pfel,7% Zwiebeln, 6% Gurken.Hering (Clupea harengus),gefangen im Nordostatlantik (Nordsee undNorwegische See),FAO (27-16,27-03),Fangmethoden: Ringwaden ohne FADs und pelagische SchleppnetzeN\xc3\xa4hrwerteDurchschnittliche N\xc3\xa4hrwerteUnzubereitet pro 100 gEnergie1.033 kJEnergie249 kcalFett20,7 gFett, davon ges\xc3\xa4ttigte Fetts\xc3\xa4uren3,1 gKohlenhydrate7,2 gKohlenhydrate, davon Zucker7,1 gBallaststoffe0,3 gEiwei\xc3\x9f7,8 gSalz1,4 gHinweiseAufbewahrungs- und Verwendungshinweis: Bei +2\xc2\xb0C bis +7\xc2\xb0C mindestens haltbar bis: siehe AufdruckArtikeldetailsMarke: MerlNettof\xc3\xbcllmenge: 250 GUrsprungsland: DeutschlandSorte: In SahnesauceKontaktKontaktname: Edmund Merl GmbH & Co. KGKontaktadresse: 50321 Br\xc3\xbchl Wesselinger Str. 18-20Maximale Bestellmenge: 15 St\xc3\xbcckF\xc3\xbcr die vorstehenden Angaben wird keine Haftung \xc3\xbcbernommen. Bitte pr\xc3\xbcfen Sie im Einzelfall die Angaben auf der jeweiligen Produktverpackung, nur diese sind verbindlich.Das Produktdesign kann von der Abbildung abweichen.'",Grenzhöfer Weg 29,Rewe,Frische & Convenience,2023-07-09,"Gültig ab morgen bis Samstag, 15.07.2023"
Deutsche See Lachs-Filet,https://img.rewe-static.de/REWE28_2023/8437260/30793152-8_digital-image.png?impolicy=s-offers&imwidth=200&output-format=image/webp,,https://shop.rewe.de/p/spee-vollwaschmittel-aktiv-gel-990ml-22wl/8907195,,"mit Haut , je 250-g-Schale , (1 kg = 19.96)",Aktion,"4,99 €","b'ProduktbeschreibungArtikelnummer 8437260Zutaten & AllergeneZutaten: LACHSFILETAllergenhinweise: Enth\xc3\xa4lt: Fisch und Fischerzeugnisse.N\xc3\xa4hrwerteDurchschnittliche N\xc3\xa4hrwerteUnzubereitet pro 100 gEnergie924 kJEnergie222 kcalFett16 gFett, davon ges\xc3\xa4ttigte Fetts\xc3\xa4uren3,3 gKohlenhydrate0 gKohlenhydrate, davon Zucker0 gEiwei\xc3\x9f20,2 gSalz0,24 gHinweiseAufbewahrungs- und Verwendungshinweis: bei 0 - 2\xc2\xb0CInformation: Nur im durchgegarten Zustand verzehren!. Auf 70 \xc2\xb0C Kerntemperatur erhitzen und mind. 2 Min. halten. Unter Schutzatmosp\xc3\xa4re verpackt.ArtikeldetailsMarke: Deutsche SeeUrsprungsland: DeutschlandKontaktKontaktname: Deutsche See GmbHKontaktadresse: Maifischstrasse 3-9, 27572 BremerhavenF\xc3\xbcr die vorstehenden Angaben wird keine Haftung \xc3\xbcbernommen. Bitte pr\xc3\xbcfen Sie im Einzelfall die Angaben auf der jeweiligen Produktverpackung, nur diese sind verbindlich.Das Produktdesign kann von der Abbildung abweichen.'",Grenzhöfer Weg 29,Rewe,Frische & Convenience,2023-07-09,"Gültig ab morgen bis Samstag, 15.07.2023"
Virginia Pfefferschinken,https://img.rewe-static.de/REWE28_2023/1428942/37769208-6_digital-image.png?impolicy=s-offers&imwidth=200&output-format=image/webp,,https://shop.rewe.de/p/spee-vollwaschmittel-aktiv-gel-990ml-22wl/8907195,,"geräuchert und luftgetrocknet, besonders mild , je 100 g",Aktion,"2,79 €","b'ProduktbeschreibungArtikelnummer 1428942Frisch f\xc3\xbcr dich aus unserer Servicetheke. \n \nZutaten: Schweinefleisch, Speisesalz, Dextrose, Maltodextrin, Gew\xc3\xbcrze, Kr\xc3\xa4uter, Kr\xc3\xa4uterextrakte, S\xc3\xa4ureregulator: Natriumlactat, Geschmacksverst\xc3\xa4rker: Mononatriumglutamat, Antioxidationsmittel: Natriumascorbat, Konservierungsstoff: Natriumnitrit, Kaliumnitrat, Fermente, Raucharoma, Rauch. \n \nPfefferh\xc3\xbclle: Pfeffer, St\xc3\xa4rke, MILCHPULVER, Schweinegelatine, Konservierungsstoff: Kaliumsorbat. \n \n100g Produkt bereitet aus 135g Fleisch und 4g Pfeffer. Zutaten & AllergeneAllergenhinweise: nullN\xc3\xa4hrwerteDurchschnittliche N\xc3\xa4hrwerteUnzubereitet pro 100 gEnergie602 kJEnergie143 kcalFett3 gFett, davon ges\xc3\xa4ttigte Fetts\xc3\xa4uren1,1 gKohlenhydrate0,9 gKohlenhydrate, davon Zucker0,9 gEiwei\xc3\x9f28 gSalz4,4 gMaximale Bestellmenge: 15 St\xc3\xbcckF\xc3\xbcr die vorstehenden Angaben wird keine Haftung \xc3\xbcbernommen. Bitte pr\xc3\xbcfen Sie im Einzelfall die Angaben auf der jeweiligen Produktverpackung, nur diese sind verbindlich.Das Produktdesign kann von der Abbildung abweichen.'",Grenzhöfer Weg 29,Rewe,Frische & Convenience,2023-07-09,"Gültig ab morgen bis Samstag, 15.07.2023"
REWE Beste Wahl Tagliatelle,https://img.rewe-static.de/REWE28_2023/0118047/22923270-33_digital-image.png?impolicy=s-offers&imwidth=200&output-format=image/webp,,https://shop.rewe.de/p/spee-vollwaschmittel-aktiv-gel-990ml-22wl/8907195,,"je 400-g-Btl , (1 kg = 3.73)",Aktion,"1,49 €","b'ProduktbeschreibungArtikelnummer 118047Hergestellt f\xc3\xbcr: REWE Markt GmbH, D-50603 K\xc3\xb6ln Zutaten & AllergeneZutaten: HARTWEIZENGRIESS, Wasser, VOLLEI* 13%, Raps\xc3\xb6l, Speisesalz.*aus FreilandhaltungAllergenhinweise: Eier und Eierzeugnisse , Glutenhaltiges Getreide (Weizen, Gerste, Roggen, Hafer, Dinkel, Kamut oder Hybridst\xc3\xa4mme)N\xc3\xa4hrwerteDurchschnittliche N\xc3\xa4hrwertepro 100 gEnergie759 kJEnergie180 kcalFett2,5 gFett, davon ges\xc3\xa4ttigte Fetts\xc3\xa4uren0,5 gKohlenhydrate31 gKohlenhydrate, davon Zucker0,5 gEiwei\xc3\x9f7 gSalz0,5 gHinweiseVerwendungshinweise: bei +2 \xc2\xb0C bis +7 \xc2\xb0C lagernArtikeldetailsMarke: REWE Beste WahlUrsprungsland: DeutschlandKontaktKontaktname: Landmanns GmbHKontaktadresse: 91183 Abenberg, DeutschlandMaximale Bestellmenge: 15 St\xc3\xbcckF\xc3\xbcr die vorstehenden Angaben wird keine Haftung \xc3\xbcbernommen. Bitte pr\xc3\xbcfen Sie im Einzelfall die Angaben auf der jeweiligen Produktverpackung, nur diese sind verbindlich.Das Produktdesign kann von der Abbildung abweichen.'",Grenzhöfer Weg 29,Rewe,Frische & Convenience,2023-07-09,"Gültig ab morgen bis Samstag, 15.07.2023"
Palatum Partyschale,https://img.rewe-static.de/REWE28_2023/1387047/24370859-16_digital-image.png?impolicy=s-offers&imwidth=200&output-format=image/webp,,https://shop.rewe.de/p/spee-vollwaschmittel-aktiv-gel-990ml-22wl/8907195,,"versch. Sorten , je 270-g-Schale , (1 kg = 14.78)",Aktion,"3,99 €","b'ProduktbeschreibungArtikelnummer 1387047Zutaten & AllergeneZutaten: Oliven gr\xc3\xbcn ohne Stein , Gem\xc3\xbcsek\xc3\xbcrbisse, Champignon gegrillt, Sonnenblumen\xc3\xb6l, FRISCHK\xc3\x84SE (66 % Fett i.Tr., aus Kuhmilch), Kirschpaprika, Oliven\xc3\xb6l, Zucker, Peperoni, Salz, Ahornsirup, Kr\xc3\xa4uter, Gew\xc3\xbcrzmischung, Knoblauch, modifizierte St\xc3\xa4rke (Mais), Festigungsmittel: Calciumchlorid, Antioxidationsmittel: Ascorbins\xc3\xa4ure, S\xc3\xa4uerungsmittel: Milchs\xc3\xa4ure, Citronens\xc3\xa4ure und Essigs\xc3\xa4ure, Konservierungsstoff: Sorbins\xc3\xa4ure und Benzoes\xc3\xa4ure. Spuren von GLUTEN/WEIZEN und SELLERIE m\xc3\xb6glich.Allergenhinweise: Enth\xc3\xa4lt: Milch und Milcherzeugnisse (einschlie\xc3\x9flich Lactose). Kann enthalten: Weizen und Weizenerzeugnisse (glutenhaltiges Getreide). Sellerie und Sellerieerzeugnisse.N\xc3\xa4hrwerteDurchschnittliche N\xc3\xa4hrwerteUnzubereitet pro 100 gEnergie743 kJEnergie180 kcalFett15,6 gFett, davon ges\xc3\xa4ttigte Fetts\xc3\xa4uren3,7 gKohlenhydrate6,2 gKohlenhydrate, davon Zucker5,4 gBallaststoffe2 gEiwei\xc3\x9f2,6 gSalz1,89 gHinweiseAufbewahrungs- und Verwendungshinweis: Bei 4-7 \xc2\xb0C lagern. Nach dem \xc3\x96ffnen innerhalb von 3 Tagen verzehren.Information: Unter Schutzatmosph\xc3\xa4re verpackt.ArtikeldetailsNettof\xc3\xbcllmenge: 270 GEigenschaften: VegetarischUrsprungsland: DeutschlandKontaktKontaktname: Palatum Feinkost KGKontaktadresse: Carl-von-Linde-Str. 28, 85716 Unterschlei\xc3\x9fheim, DEMaximale Bestellmenge: 15 St\xc3\xbcckF\xc3\xbcr die vorstehenden Angaben wird keine Haftung \xc3\xbcbernommen. Bitte pr\xc3\xbcfen Sie im Einzelfall die Angaben auf der jeweiligen Produktverpackung, nur diese sind verbindlich.Das Produktdesign kann von der Abbildung abweichen.'",Grenzhöfer Weg 29,Rewe,Frische & Convenience,2023-07-09,"Gültig ab morgen bis Samstag, 15.07.2023"
Reinert Aspik-Aufschnitt,https://img.rewe-static.de/REWE28_2023/8844402/39006025-7_digital-image.png?impolicy=s-offers&imwidth=200&output-format=image/webp,,https://shop.rewe.de/p/spee-vollwaschmittel-aktiv-gel-990ml-22wl/8907195,,"versch. Sorten , je 100 g",Aktion,"1,19 €","b'ProduktbeschreibungArtikelnummer 8844402Frisch f\xc3\xbcr dich aus unserer Servicetheke.\n\nZutaten: 51% Schweinefleisch, Wasser, 5% Champignons, Branntweinessig, Zucker, Speisegelatine (Schwein), Speisesalz, S\xc3\xa4uerungsmittel: Citronens\xc3\xa4ure; Stabilisator: Diphosphate; Antioxidationsmittel: Natriumascorbat; Konservierungsstoff: Natriumnitrit. Wursth\xc3\xbclle nicht essbar Zutaten & AllergeneAllergenhinweise: nullN\xc3\xa4hrwerteDurchschnittliche N\xc3\xa4hrwerteUnzubereitet pro 100 gEnergie408 kJEnergie97 kcalFett2 gFett, davon ges\xc3\xa4ttigte Fetts\xc3\xa4uren0,8 gKohlenhydrate2,5 gKohlenhydrate, davon Zucker2 gEiwei\xc3\x9f17 gSalz2 gArtikeldetailsMarke: ReinertMaximale Bestellmenge: 15 St\xc3\xbcckF\xc3\xbcr die vorstehenden Angaben wird keine Haftung \xc3\xbcbernommen. Bitte pr\xc3\xbcfen Sie im Einzelfall die Angaben auf der jeweiligen Produktverpackung, nur diese sind verbindlich.Das Produktdesign kann von der Abbildung abweichen.'",Grenzhöfer Weg 29,Rewe,Frische & Convenience,2023-07-09,"Gültig ab morgen bis Samstag, 15.07.2023"
Mondarella Grill-Camembert,https://img.rewe-static.de/REWE28_2023/7684624/39489687-7_digital-image.png?impolicy=s-offers&imwidth=200&output-format=image/webp,,https://shop.rewe.de/p/spee-vollwaschmittel-aktiv-gel-990ml-22wl/8907195,,"versch. Sorten , je 95-g-Pckg , (1 kg = 20.95)",Aktion,"1,99 €","b'ProduktbeschreibungArtikelnummer 7684624Zutaten & AllergeneZutaten: Wasser, pflanzliches Fett (Sheabutter), 10 % Mandeln (gemahlen), native St\xc3\xa4rke, Salz, Verdickungsmittel (Carrageen), Dextrose, nat\xc3\xbcrliches Aroma, Inulin, S\xc3\xa4uerungsmittel (\xc3\x84pfels\xc3\xa4ure), vegane EdelschimmelkulturenAllergenhinweise: Enth\xc3\xa4lt: Mandeln und Mandelerzeugnisse.N\xc3\xa4hrwerteDurchschnittliche N\xc3\xa4hrwerteUnzubereitet pro 100 gEnergie1.001 kJEnergie242 kcalFett21 gFett, davon ges\xc3\xa4ttigte Fetts\xc3\xa4uren9 gKohlenhydrate8,1 gKohlenhydrate, davon Zucker0,9 gBallaststoffe3,1 gEiwei\xc3\x9f3,6 gSalz1,9 gHinweiseAufbewahrungs- und Verwendungshinweis: Unge\xc3\xb6ffnet bei max. +8\xc2\xb0C mindestens haltbar bis: tt.mm.jjjjArtikeldetailsEigenschaften: Laktosefrei, VeganUrsprungsland: DeutschlandKontaktKontaktname: Mondarella GmbHKontaktadresse: Oberwallstr. 6 10117 Berlin, DeutschlandF\xc3\xbcr die vorstehenden Angaben wird keine Haftung \xc3\xbcbernommen. Bitte pr\xc3\xbcfen Sie im Einzelfall die Angaben auf der jeweiligen Produktverpackung, nur diese sind verbindlich.Das Produktdesign kann von der Abbildung abweichen.'",Grenzhöfer Weg 29,Rewe,Frische & Convenience,2023-07-09,"Gültig ab morgen bis Samstag, 15.07.2023"
Lamm-Keule,https://img.rewe-static.de/REWE28_2023/0499226/3251580-11_digital-image.png?impolicy=s-offers&imwidth=200&output-format=image/webp,,https://shop.rewe.de/p/spee-vollwaschmittel-aktiv-gel-990ml-22wl/8907195,,"mit Röhrenknochen, SB-verpackt , je 1 kg",Aktion,"11,99 €",nan,Grenzhöfer Weg 29,Rewe,Frische & Convenience,2023-07-09,"Gültig ab morgen bis Samstag, 15.07.2023"
REWE Beste Wahl Lasagne Bolognese,https://img.rewe-static.de/REWE28_2023/2316984/23559547-28_digital-image.png?impolicy=s-offers&imwidth=200&output-format=image/webp,,https://shop.rewe.de/p/spee-vollwaschmittel-aktiv-gel-990ml-22wl/8907195,,"je 400-g-Pckg , (1 kg = 5.73)",Aktion,"2,29 €","b'ProduktbeschreibungArtikelnummer 2316984Zutaten & AllergeneZutaten: Wasser, Rindfleisch gegart 14%, HARTWEIZENGRIESS, Tomatenkonzentrat 7%, Tomaten 6%, Emmentaler 6%, modifizierte St\xc3\xa4rke, Zwiebeln, Raps\xc3\xb6l, St\xc3\xa4rke, MILCHPULVER, WEIZENMEHL, Speisesalz, Gew\xc3\xbcrze, Gew\xc3\xbcrzextrakte, Dextrose, Zucker, Branntweinessigpulver, Kr\xc3\xa4uter, Olivenextrakt.  Kann Spuren von Ei, Soja und Sellerie enthalten.N\xc3\xa4hrwerteDurchschnittliche N\xc3\xa4hrwertepro 100 gEnergie549 kJEnergie131 kcalFett5,7 gFett, davon ges\xc3\xa4ttigte Fetts\xc3\xa4uren2,6 gKohlenhydrate13,4 gKohlenhydrate, davon Zucker2,5 gEiwei\xc3\x9f6 gSalz0,89 gHinweiseVerwendungshinweise: bei +2 \xc2\xb0C bis +7 \xc2\xb0C lagernArtikeldetailsMarke: REWE Beste WahlUrsprungsland: \xc3\x96sterreichKontaktKontaktname: Condeli GmbHKontaktadresse: Gewerbepark 1, 4193 Reichenthal, \xc3\x96sterreichMaximale Bestellmenge: 15 St\xc3\xbcckF\xc3\xbcr die vorstehenden Angaben wird keine Haftung \xc3\xbcbernommen. Bitte pr\xc3\xbcfen Sie im Einzelfall die Angaben auf der jeweiligen Produktverpackung, nur diese sind verbindlich.Das Produktdesign kann von der Abbildung abweichen.'",Grenzhöfer Weg 29,Rewe,Frische & Convenience,2023-07-09,"Gültig ab morgen bis Samstag, 15.07.2023"
Werz Käseknacker,https://img.rewe-static.de/REWE28_2023/0560657/23781380-9_digital-image.png?impolicy=s-offers&imwidth=200&output-format=image/webp,,https://shop.rewe.de/p/spee-vollwaschmittel-aktiv-gel-990ml-22wl/8907195,,je 100 g,Aktion,"1,29 €","b'ProduktbeschreibungArtikelnummer 50677N\xc3\xa4hrwerteDurchschnittliche N\xc3\xa4hrwerteUnzubereitet pro 1 lKalium1,5 mgChlorid5,2 mgCalcium16,2 mgMagnesium3,1 mgMangan< 0,05 mgBikarbonat8 mgNatrium6,8 mgNitrate< 1 mgSulfat 4+55 mgHinweiseAufbewahrungs- und Verwendungshinweis: Bitte k\xc3\xbchl, trocken und lichtgesch\xc3\xbctzt lagern.Information: aus der Bad Liebenwerda Mineralquelle, Bad Liebenwerda, Analysenauszug vom15.11.17 des SGS INSTITUT FRESENIUS, best\xc3\xa4tigt durch laufende KontrollenArtikeldetailsMarke: Bad LiebenwerdaNettof\xc3\xbcllmenge: 0,5 LKontaktKontaktname: Mineralquellen Bad Liebenwerda GmbHKontaktadresse: 04924 Bad LiebenwerdaF\xc3\xbcr die vorstehenden Angaben wird keine Haftung \xc3\xbcbernommen. Bitte pr\xc3\xbcfen Sie im Einzelfall die Angaben auf der jeweiligen Produktverpackung, nur diese sind verbindlich.Das Produktdesign kann von der Abbildung abweichen.'",Grenzhöfer Weg 29,Rewe,Frische & Convenience,2023-07-09,"Gültig ab morgen bis Samstag, 15.07.2023"
Rougette Grill- und Ofentaler,https://img.rewe-static.de/REWE28_2023/8920655/38882164-4_digital-image.png?impolicy=s-offers&imwidth=200&output-format=image/webp,,https://shop.rewe.de/p/spee-vollwaschmittel-aktiv-gel-990ml-22wl/8907195,,"versch. Sorten , je 140-g-Pckg , (1 kg = 15.86)",Aktion,"2,22 €","b'ProduktbeschreibungArtikelnummer 8920655Ein runder Genuss f\xc3\xbcr alle ROUGETTE-Fans! Der vegane Grill- & Ofentaler raffiniert mariniert in der praktischen Aluschale, das ist leckere Abwechslung f\xc3\xbcr jeden Tag.Zutaten & AllergeneZutaten: 86 % Pflanzliche Lebensmittelzubereitung (Wasser, Raps\xc3\xb6l, St\xc3\xa4rke, modifizierte St\xc3\xa4rke, Verdickungsmittel: Cellulose, Methylcellulose; 6 % gesch\xc3\xa4lte Hanfsamen, 6 % Blumenkohl, glutenfreies HAFERvollkornmehl, Salz, nat\xc3\xbcrliches Aroma, S\xc3\xa4uerungsmittel: Zitronens\xc3\xa4ure), 14 % Marinade (Raps\xc3\xb6l, Gew\xc3\xbcrze, Kr\xc3\xa4uter, Paprika, Raps\xc3\xb6l (ganz geh\xc3\xa4rtet), Zucker, nat\xc3\xbcrliches Aroma, Salz, Gew\xc3\xbcrzextrakt).N\xc3\xa4hrwerteDurchschnittliche N\xc3\xa4hrwerteUnzubereitet pro 100 gEnergie1.328 kJEnergie321 kcalFett29 gFett, davon ges\xc3\xa4ttigte Fetts\xc3\xa4uren2,5 gKohlenhydrate13 gKohlenhydrate, davon Zucker1,4 gEiwei\xc3\x9f2 gSalz2,7 gHinweiseAufbewahrungs- und Verwendungshinweis: Bei +2\xc2\xb0C - +8\xc2\xb0C mindestens haltbar bis: siehe VerpackungsaufdruckArtikeldetailsMarke: RougetteEigenschaften: Laktosefrei, VeganUrsprungsland: DeutschlandKontaktKontaktname: K\xc3\xa4serei ChampignonKontaktadresse: Kemptener Stra\xc3\x9fe 17-2487493 Lauben/Allg\xc3\xa4uMaximale Bestellmenge: 15 St\xc3\xbcckF\xc3\xbcr die vorstehenden Angaben wird keine Haftung \xc3\xbcbernommen. Bitte pr\xc3\xbcfen Sie im Einzelfall die Angaben auf der jeweiligen Produktverpackung, nur diese sind verbindlich.Das Produktdesign kann von der Abbildung abweichen.'",Grenzhöfer Weg 29,Rewe,Frische & Convenience,2023-07-09,"Gültig ab morgen bis Samstag, 15.07.2023"
Bonduelle Gartensalat,https://img.rewe-static.de/REWE28_2023/2284666/27054891-28_digital-image.png?impolicy=s-offers&imwidth=200&output-format=image/webp,,https://shop.rewe.de/p/spee-vollwaschmittel-aktiv-gel-990ml-22wl/8907195,,"je 150-g-Btl , (1 kg = 11.93)",Aktion,"1,79 €","b'ProduktbeschreibungArtikelnummer 2284666Zutaten & AllergeneZutaten: Gr\xc3\xbcner Salanova-Kopfsalat, roter Salatnova-Kopfsalat, PetersilieN\xc3\xa4hrwerteDurchschnittliche N\xc3\xa4hrwerteUnzubereitet pro 100 gEnergie64 kJEnergie15 kcalFett0,2 gFett, davon ges\xc3\xa4ttigte Fetts\xc3\xa4uren0 gKohlenhydrate1,3 gKohlenhydrate, davon Zucker1 gBallaststoffe1,5 gEiwei\xc3\x9f1,3 gSalz0,02 gHinweiseAufbewahrungs- und Verwendungshinweis: K\xc3\xbchl lagern bei +2\xc2\xb0 bis +7\xc2\xb0C.Information: Unter Schutzatmosph\xc3\xa4re verpacktArtikeldetailsMarke: BonduelleUrsprungsland: DeutschlandKontaktKontaktname: Bonduelle Deutschland GmbHKontaktadresse: Am Heilbrunnen 136/13872766 ReutlingenMaximale Bestellmenge: 15 St\xc3\xbcckF\xc3\xbcr die vorstehenden Angaben wird keine Haftung \xc3\xbcbernommen. Bitte pr\xc3\xbcfen Sie im Einzelfall die Angaben auf der jeweiligen Produktverpackung, nur diese sind verbindlich.Das Produktdesign kann von der Abbildung abweichen.'",Grenzhöfer Weg 29,Rewe,Frische & Convenience,2023-07-09,"Gültig ab morgen bis Samstag, 15.07.2023"
Kalbs-Tafelspitz,https://img.rewe-static.de/REWE28_2023/0922048/38900259-2_digital-image.png?impolicy=s-offers&imwidth=200&output-format=image/webp,,https://shop.rewe.de/p/spee-vollwaschmittel-aktiv-gel-990ml-22wl/8907195,,je 100 g,Aktion,"1,29 €",nan,Grenzhöfer Weg 29,Rewe,Frische & Convenience,2023-07-09,"Gültig ab morgen bis Samstag, 15.07.2023"
Frische Hähnchen-Unterschenkel,https://img.rewe-static.de/REWE28_2023/7697813/25859719-6_digital-image.png?impolicy=s-offers&imwidth=200&output-format=image/webp,,https://shop.rewe.de/p/spee-vollwaschmittel-aktiv-gel-990ml-22wl/8907195,,"natur, Hkl. A, oder gewürzt, Haltungsform 2, SB-verpackt , je 1 kg",Aktion,"4,99 €","b'ProduktbeschreibungArtikelnummer 7697813Ursprung: Deutschland, \xc3\x96sterreich, Niederlande oder Italien. Um einen Hinweis zur tats\xc3\xa4chlichen Herkunft zu erhalten, beachten Sie bitte die Angaben auf der Ihnen gelieferten Ware selbst; nur diese sind ma\xc3\x9fgeblich wie auch verbindlich. VOR DEM VERZEHR GUT DURCHGAREN. NICHT ZUM ROHVERZEHR GEEIGNET. Die Haltbarkeit des Produktes ist bis zum angegebenen Datum durch die Einhaltung der angegebenen Temperatur gesichert. Bei einer Unterbrechung der K\xc3\xbchlkette \xc3\xbcber +4 \xc2\xb0C, empfehlen wir Ihnen den Verzehr am Tag des Einkaufes. Nach \xc3\x96ffnen der Packung Ware noch am selben Tag verwenden. Rohes Gefl\xc3\xbcgelfleisch nicht mit anderen Lebensmittel in Kontakt bringen. Tropfsaft sorgf\xc3\xa4ltig entsorgen. Geschirr und H\xc3\xa4nde gr\xc3\xbcndlich reinigen.... mehr anzeigenZutaten & AllergeneZutaten: KEINE  KEINEN\xc3\xa4hrwerteDurchschnittliche N\xc3\xa4hrwertepro 100 gEnergie543 kJEnergie130 kcalFett6,4 gFett, davon ges\xc3\xa4ttigte Fetts\xc3\xa4uren2,1 gKohlenhydrate0 gKohlenhydrate, davon Zucker0 gBallaststoffe0 gEiwei\xc3\x9f18 gSalz0,2 gArtikeldetailsMarke: Wilhelm BrandenburgNachhaltigkeitWeitere Informationen zu den Siegeln findest du in unserer Siegelkunde.F\xc3\xbcr die vorstehenden Angaben wird keine Haftung \xc3\xbcbernommen. Bitte pr\xc3\xbcfen Sie im Einzelfall die Angaben auf der jeweiligen Produktverpackung, nur diese sind verbindlich.Das Produktdesign kann von der Abbildung abweichen.'",Grenzhöfer Weg 29,Rewe,Frische & Convenience,2023-07-09,"Gültig ab morgen bis Samstag, 15.07.2023"
Spanferkel-Cevapcici,https://img.rewe-static.de/REWE28_2023/8405213/31022150-11_digital-image.png?impolicy=s-offers&imwidth=200&output-format=image/webp,,https://shop.rewe.de/p/spee-vollwaschmittel-aktiv-gel-990ml-22wl/8907195,,"je 300-g-Pckg , (1 kg = 9.97)",Aktion,"2,99 €","b'ProduktbeschreibungArtikelnummer 8405213Zutaten & AllergeneZutaten: Spanferkelfleisch (98%), jodiertes Speisesalz (Kochsalz, Kaliumjodat), Speisesalz, Zwiebel, Gew\xc3\xbcrze, W\xc3\xbcrze, Glukosesirup, Knoblauch, Gew\xc3\xbcrzextrakte, Stabilisator: E 262, E331; Dextrose, St\xc3\xa4rke.Allergenhinweise: Enth\xc3\xa4lt: Keine deklarationspflichtigen Allergene enthalten.N\xc3\xa4hrwerteDurchschnittliche N\xc3\xa4hrwerteUnzubereitet pro 100 gEnergie929 kJEnergie223 kcalFett13,3 gFett, davon ges\xc3\xa4ttigte Fetts\xc3\xa4uren5,1 gKohlenhydrate6,2 gKohlenhydrate, davon Zucker1,8 gEiwei\xc3\x9f19,5 gSalz2,5 gHinweiseAufbewahrungs- und Verwendungshinweis: unge\xc3\xb6ffnet und gek\xc3\xbchlt bei +2\xc2\xb0C bis +4\xc2\xb0C zu verbrauchen bis: siehe VerpackungsaufdruckArtikeldetailsMarke: BeckUrsprungsland: Europ\xc3\xa4ische UnionNachhaltigkeitWeitere Informationen zu den Siegeln findest du in unserer Siegelkunde.KontaktKontaktname: Beck GmbH & Co. KGKontaktadresse: Flurweg 21, 74635 Neu-KupferF\xc3\xbcr die vorstehenden Angaben wird keine Haftung \xc3\xbcbernommen. Bitte pr\xc3\xbcfen Sie im Einzelfall die Angaben auf der jeweiligen Produktverpackung, nur diese sind verbindlich.Das Produktdesign kann von der Abbildung abweichen.'",Grenzhöfer Weg 29,Rewe,Frische & Convenience,2023-07-09,"Gültig ab morgen bis Samstag, 15.07.2023"
Rostbratwurst,https://img.rewe-static.de/REWE28_2023/8940242/39624544-8_digital-image.png?impolicy=s-offers&imwidth=200&output-format=image/webp,,https://shop.rewe.de/p/spee-vollwaschmittel-aktiv-gel-990ml-22wl/8907195,,"je 300-g-Pckg , (1 kg = 11.30)",Aktion,"3,39 €",nan,Grenzhöfer Weg 29,Rewe,Frische & Convenience,2023-07-09,"Gültig ab morgen bis Samstag, 15.07.2023"
REWE Beste Wahl Grüne & Rote Pfefferonen,https://img.rewe-static.de/REWE28_2023/2028724/21917891-21_digital-image.png?impolicy=s-offers&imwidth=200&output-format=image/webp,,https://shop.rewe.de/p/spee-vollwaschmittel-aktiv-gel-990ml-22wl/8907195,,"je 150-g-Schale , (1 kg = 11.93)",Aktion,"1,79 €","b'ProduktbeschreibungArtikelnummer 2028724Hergestellt f\xc3\xbcr: REWE Markt GmbH, D-50603 K\xc3\xb6ln. Zutaten & AllergeneZutaten: Gr\xc3\xbcne und rote Peperoni 42%, FRISCHK\xc3\x84SE 34%, Raps\xc3\xb6l, Kalamata Oliven mit Stein 3 %, Branntweinessig, St\xc3\xa4rke, Zucker, jodiertes Speisesalz, Kr\xc3\xa4uter, Speisesalz, Gew\xc3\xbcrze, Knoblauch, Chili, S\xc3\xa4uerungsmittel Citronens\xc3\xa4ureAllergenhinweise: Enth\xc3\xa4lt: Milch und Milcherzeugnisse (einschlie\xc3\x9flich Lactose).N\xc3\xa4hrwerteDurchschnittliche N\xc3\xa4hrwerteUnzubereitet pro 100 gEnergie1.141 kJEnergie277 kcalFett26,9 gFett, davon ges\xc3\xa4ttigte Fetts\xc3\xa4uren7,5 gKohlenhydrate5,3 gKohlenhydrate, davon Zucker1,5 gEiwei\xc3\x9f2,9 gSalz1,72 gHinweiseAufbewahrungs- und Verwendungshinweis: Unge\xc3\xb6ffnet bei unter +7\xc2\xb0C mindestens haltbar bis: siehe AufdruckInformation: unter Schutzatmosph\xc3\xa4re verpacktArtikeldetailsMarke: REWE Beste WahlNettof\xc3\xbcllmenge: 150 GUrsprungsland: DeutschlandAbtropfgewicht: 150 gKontaktKontaktname: Heinrich K\xc3\xbchlmann GmbH & Co.KGKontaktadresse: 33397 RietbergMaximale Bestellmenge: 15 St\xc3\xbcckF\xc3\xbcr die vorstehenden Angaben wird keine Haftung \xc3\xbcbernommen. Bitte pr\xc3\xbcfen Sie im Einzelfall die Angaben auf der jeweiligen Produktverpackung, nur diese sind verbindlich.Das Produktdesign kann von der Abbildung abweichen.'",Grenzhöfer Weg 29,Rewe,Frische & Convenience,2023-07-09,"Gültig ab morgen bis Samstag, 15.07.2023"
Schweine-Nackensteaks,https://img.rewe-static.de/REWE28_2023/2172863/25004517-4_digital-image.png?impolicy=s-offers&imwidth=200&output-format=image/webp,,https://shop.rewe.de/p/spee-vollwaschmittel-aktiv-gel-990ml-22wl/8907195,,"Classic BBQ Spicy , je 1 kg",Aktion,"12,90 €",nan,Grenzhöfer Weg 29,Rewe,Frische & Convenience,2023-07-09,"Gültig ab morgen bis Samstag, 15.07.2023"
Greenforce Vegane Fleischalternative,https://img.rewe-static.de/REWE28_2023/8678106/34780508-16_digital-image.png?impolicy=s-offers&imwidth=200&output-format=image/webp,,https://shop.rewe.de/p/spee-vollwaschmittel-aktiv-gel-990ml-22wl/8907195,,"versch. Sorten , je 180-g-Pckg , (1 kg = 14.94)",Aktion,"2,69 €","b'ProduktbeschreibungArtikelnummer 8678106Zutaten & AllergeneZutaten: Trinkwasser, 13% texturiertes Erbsenprotein (Erbsenprotein, Erbsenextrakt), Paprika, Raps\xc3\xb6l, Gew\xc3\xbcrze, Sonnenblumenkerne teilent\xc3\xb6lt, Zwiebeln, Kokosfett(ganz geh\xc3\xa4rtet), Verdickungsmittel: Methylcellulose, Cellulose; 3% Erbsenmehl, 2% Erbseneiwei\xc3\x9f, Speisesalz, Kartoffelst\xc3\xa4rke, Aromen, Rauch, S\xc3\xa4ureregulatoren: Kaliumlactat, Natriumacetate; Maltodextrin.Allergenhinweise: Kann enthalten: Soja und Sojaerzeugnisse. Glutenhaltiges Getreide und glutenhaltige Getreideerzeugnisse. Senf- und Senferzeugnisse.N\xc3\xa4hrwerteDurchschnittliche N\xc3\xa4hrwerteUnzubereitet pro 100 gEnergie972 kJEnergie234 kcalFett16 gFett, davon ges\xc3\xa4ttigte Fetts\xc3\xa4uren4 gKohlenhydrate6,5 gKohlenhydrate, davon Zucker1,5 gBallaststoffe6 gEiwei\xc3\x9f13 gSalz2,2 gHinweiseAufbewahrungs- und Verwendungshinweis: im K\xc3\xbchlschrank bei max. 7\xc2\xb0 GradArtikeldetailsMarke: GREENFORCEEigenschaften: VeganKontaktKontaktname: Greenforce Future Food AGKontaktadresse: Tal 12, D-80331 M\xc3\xbcnchenF\xc3\xbcr die vorstehenden Angaben wird keine Haftung \xc3\xbcbernommen. Bitte pr\xc3\xbcfen Sie im Einzelfall die Angaben auf der jeweiligen Produktverpackung, nur diese sind verbindlich.Das Produktdesign kann von der Abbildung abweichen.'",Grenzhöfer Weg 29,Rewe,Frische & Convenience,2023-07-09,"Gültig ab morgen bis Samstag, 15.07.2023"
Bonduelle Wildkräutersalat,https://img.rewe-static.de/REWE28_2023/8741381/35929479-7_digital-image.png?impolicy=s-offers&imwidth=200&output-format=image/webp,,https://shop.rewe.de/p/spee-vollwaschmittel-aktiv-gel-990ml-22wl/8907195,,"je 110-g-Btl , (1 kg = 16.27)",Aktion,"1,79 €",nan,Grenzhöfer Weg 29,Rewe,Frische & Convenience,2023-07-09,"Gültig ab morgen bis Samstag, 15.07.2023"
Meica Bratmaxe,https://img.rewe-static.de/REWE28_2023/8559132/32684863-3_digital-image.png?impolicy=s-offers&imwidth=200&output-format=image/webp,,https://shop.rewe.de/p/spee-vollwaschmittel-aktiv-gel-990ml-22wl/8907195,,"für Grill & Pfanne, versch. Sorten , je 560-g-Pckg , (1 kg = 10.70)",Aktion,"5,99 €",nan,Grenzhöfer Weg 29,Rewe,Frische & Convenience,2023-07-09,"Gültig ab morgen bis Samstag, 15.07.2023"
Aoste Ringsalami,https://img.rewe-static.de/REWE28_2023/2152240/2456630-90_digital-image.png?impolicy=s-offers&imwidth=200&output-format=image/webp,,https://shop.rewe.de/p/spee-vollwaschmittel-aktiv-gel-990ml-22wl/8907195,,"luftgetrocknet , je 250-g-Pckg , (1 kg = 17.96)",Aktion,"4,49 €","b'ProduktbeschreibungArtikelnummer 2152240Zutaten & AllergeneZutaten: Schweinefleisch, Salz, LAKTOSE, Dextrose, Zucker, Gew\xc3\xbcrze, Konservierungsstoffe: Kaliumnitrat, Natriumnitrit; Starterkulturen. Salami-H\xc3\xbclle nicht essbar. Bitte vor Verzehr entfernen. Kann Spuren von Schalenfr\xc3\xbcchten und Milcheiwei\xc3\x9fen enthalten. 100 g Salami werden aus 160 g Schweinefleisch hergestellt.Allergenhinweise: Enth\xc3\xa4lt LAKTOSE.Enth\xc3\xa4lt: Milchzucker (Laktose). Kann enthalten: N\xc3\xbcsse und Nusserzeugnisse. Milch und Milcherzeugnisse (einschlie\xc3\x9flich Lactose).N\xc3\xa4hrwerteDurchschnittliche N\xc3\xa4hrwerteUnzubereitet pro 100 gEnergie1.845 kJEnergie445 kcalFett37 gFett, davon ges\xc3\xa4ttigte Fetts\xc3\xa4uren15 gKohlenhydrate2 gKohlenhydrate, davon Zucker1,5 gEiwei\xc3\x9f26 gSalz5 gHinweiseAufbewahrungs- und Verwendungshinweis: Vor Hitze sch\xc3\xbctzen und trocken lagern. Nach dem \xc3\x96ffnen innerhalb kurzer Zeit verzehren.Information: Unter Schutzatmosph\xc3\xa4re verpackt.Salami-H\xc3\xbclle nicht essbar. Bitte vor Verzehr entfernen.Identit\xc3\xa4tskennzeichen: FR 69.238.001 CEArtikeldetailsMarke: AosteUrsprungsland: FrankreichPackungsgr\xc3\xb6\xc3\x9fe: 250gKontaktKontaktname: Aoste SNCKontaktadresse: Hameau de Saint Didier - RD 592 - 38490 Aoste - FranceMaximale Bestellmenge: 15 St\xc3\xbcckF\xc3\xbcr die vorstehenden Angaben wird keine Haftung \xc3\xbcbernommen. Bitte pr\xc3\xbcfen Sie im Einzelfall die Angaben auf der jeweiligen Produktverpackung, nur diese sind verbindlich.Das Produktdesign kann von der Abbildung abweichen.'",Grenzhöfer Weg 29,Rewe,Frische & Convenience,2023-07-09,"Gültig ab morgen bis Samstag, 15.07.2023"
Rinder-Filet,https://img.rewe-static.de/REWE28_2023/3455289/39482382-2_digital-image.png?impolicy=s-offers&imwidth=200&output-format=image/webp,,https://shop.rewe.de/p/spee-vollwaschmittel-aktiv-gel-990ml-22wl/8907195,,"vom Jungbullen, am Stück oder in Scheiben , je 100 g",Aktion,"4,99 €","b'ProduktbeschreibungArtikelnummer 3455289Frisch f\xc3\xbcr dich aus unserer Servicetheke. F\xc3\xbcr die vorstehenden Angaben wird keine Haftung \xc3\xbcbernommen. Bitte pr\xc3\xbcfen Sie im Einzelfall die Angaben auf der jeweiligen Produktverpackung, nur diese sind verbindlich.Das Produktdesign kann von der Abbildung abweichen.'",Grenzhöfer Weg 29,Rewe,Frische & Convenience,2023-07-09,"Gültig ab morgen bis Samstag, 15.07.2023"
Hackfleisch gemischt,https://img.rewe-static.de/REWE28_2023/8818612/36852327-13_digital-image.png?impolicy=s-offers&imwidth=200&output-format=image/webp,,https://shop.rewe.de/p/spee-vollwaschmittel-aktiv-gel-990ml-22wl/8907195,,"vom Rind und Schwein, XXL Family Pack , je 1000-g-Pckg",Aktion,"7,77 €",nan,Grenzhöfer Weg 29,Rewe,Frische & Convenience,2023-07-09,"Gültig ab morgen bis Samstag, 15.07.2023"
Butcher’s Burger Patties,https://img.rewe-static.de/REWE28_2023/7938024/33031415-14_digital-image.png?impolicy=s-offers&imwidth=200&output-format=image/webp,,https://shop.rewe.de/p/spee-vollwaschmittel-aktiv-gel-990ml-22wl/8907195,,"vom Rind, versch. Sorten , je 230-g-Pckg , (1 kg = 15.17)",Aktion,"3,49 €","ProduktbeschreibungArtikelnummer 7938024Zutaten & AllergeneZutaten: Rindfleisch 98 %, Speisesalz, Gewürze, Gewürzextrakte, Antioxidationsmittel Ascorbinsäure.  Kann Spuren von Senf und Sellerie enthalten.NährwerteDurchschnittliche Nährwertepro 100 gEnergie1.038 kJEnergie250 kcalFett20 gFett, davon gesättigte Fettsäuren8 gKohlenhydrate0,5 gKohlenhydrate, davon Zucker0,5 gBallaststoffe0 gEiweiß17 gSalz1,5 gArtikeldetailsMarke: Butcher's BurgerFür die vorstehenden Angaben wird keine Haftung übernommen. Bitte prüfen Sie im Einzelfall die Angaben auf der jeweiligen Produktverpackung, nur diese sind verbindlich.Das Produktdesign kann von der Abbildung abweichen.",Grenzhöfer Weg 29,Rewe,Frische & Convenience,2023-07-09,"Gültig ab morgen bis Samstag, 15.07.2023"
Lammkeulen-Scheiben,https://img.rewe-static.de/REWE28_2023/8766589/40055970-2_digital-image.png?impolicy=s-offers&imwidth=200&output-format=image/webp,,https://shop.rewe.de/p/spee-vollwaschmittel-aktiv-gel-990ml-22wl/8907195,,"in Kräuterbutter-Marinade, mit Knochen, SB-verpackt , je 1 kg",Aktion,"19,90 €","ProduktbeschreibungArtikelnummer 8766589Zutaten & AllergeneZutaten: Lammfleisch mit Knochen 94 %, Marinade 6 % (Rapsöl, Speisesalz, Gewürze (enthalten SENF), Butter, Kräuter, Palmfett, Gewürzextrakte).  SellerieNährwerteDurchschnittliche Nährwertepro 100 gEnergie599 kJEnergie143 kcalFett7 gFett, davon gesättigte Fettsäuren2,6 gKohlenhydrate1 gKohlenhydrate, davon Zucker1 gBallaststoffe0 gEiweiß19 gSalz1,2 gFür die vorstehenden Angaben wird keine Haftung übernommen. Bitte prüfen Sie im Einzelfall die Angaben auf der jeweiligen Produktverpackung, nur diese sind verbindlich.Das Produktdesign kann von der Abbildung abweichen.",Grenzhöfer Weg 29,Rewe,Frische & Convenience,2023-07-09,"Gültig ab morgen bis Samstag, 15.07.2023"
Stielkotelett,https://img.rewe-static.de/REWE28_2023/2832136/25554026-3_digital-image.png?impolicy=s-offers&imwidth=200&output-format=image/webp,,https://shop.rewe.de/productList?search=2832136,,je 100 g,Aktion,"1,19 €",,Grenzhöfer Weg 29,Rewe,Frische & Convenience,2023-07-09,"Gültig ab morgen bis Samstag, 15.07.2023"
Grünländer mild & nussig,https://img.rewe-static.de/REWE28_2023/4092074/34973807-8_digital-image.png?impolicy=s-offers&imwidth=200&output-format=image/webp,,https://shop.rewe.de/productList?search=2832136,,"Schnittkäse, 48% Fett i.Tr. , je 100 g",Aktion,"0,99 €","b'ProduktbeschreibungArtikelnummer 4092074Frisch f\xc3\xbcr dich aus unserer Servicetheke. \n \nZutaten: pasteurisierte MILCH, Farbstoff: Beta-Carotin, mikrobielles Lab, Kulturen, Speisesalz. \n \nLaktosefrei* \n*Laktosegehalt: unter 0, 1g/100g \n \nRinde zum Verzehr geeignet! Zutaten & AllergeneAllergenhinweise: nullN\xc3\xa4hrwerteDurchschnittliche N\xc3\xa4hrwerteUnzubereitet pro 100 gEnergie1.481 kJEnergie357 kcalFett29 gFett, davon ges\xc3\xa4ttigte Fetts\xc3\xa4uren19 gKohlenhydrate0,1 gKohlenhydrate, davon Zucker0,1 gEiwei\xc3\x9f24 gSalz0,8 gArtikeldetailsMarke: Gr\xc3\xbcnl\xc3\xa4nderMaximale Bestellmenge: 15 St\xc3\xbcckF\xc3\xbcr die vorstehenden Angaben wird keine Haftung \xc3\xbcbernommen. Bitte pr\xc3\xbcfen Sie im Einzelfall die Angaben auf der jeweiligen Produktverpackung, nur diese sind verbindlich.Das Produktdesign kann von der Abbildung abweichen.'",Grenzhöfer Weg 29,Rewe,Frische & Convenience,2023-07-09,"Gültig ab morgen bis Samstag, 15.07.2023"
Arla Finello Gratinkäse,https://img.rewe-static.de/REWE28_2023/0674328/21064797-16_digital-image.png?impolicy=s-offers&imwidth=200&output-format=image/webp,,https://shop.rewe.de/productList?search=2832136,,"dän. Reibekäse , je 150-g-Pckg , (1 kg = 9.93)",Aktion,"1,49 €","b'ProduktbeschreibungArtikelnummer 674328Zutaten & AllergeneZutaten: K\xc3\x84SE, Kartoffelst\xc3\xa4rke.Allergenhinweise: Enth\xc3\xa4lt: Milch und Milcherzeugnisse (einschlie\xc3\x9flich Lactose).N\xc3\xa4hrwerteDurchschnittliche N\xc3\xa4hrwerteUnzubereitet pro 100 gEnergie1.305 kJEnergie314 kcalFett23 gFett, davon ges\xc3\xa4ttigte Fetts\xc3\xa4uren14 gKohlenhydrate2,8 gKohlenhydrate, davon Zucker0,6 gEiwei\xc3\x9f24 gSalz1,5 gHinweiseAufbewahrungs- und Verwendungshinweis: Nach dem \xc3\x96ffnen k\xc3\xbchl aufbewahren.Bei 8 \xc2\xb0C mindestens haltbar bis: siehe VerpackungsaufdruckInformation: Unter Schutzatmosph\xc3\xa4re verpackt.ArtikeldetailsMarke: ArlaUrsprungsland: D\xc3\xa4nemarkSorte: Gratink\xc3\xa4seKontaktKontaktname: Arla Foods ambaKontaktadresse: DK-8260 Viby JMaximale Bestellmenge: 15 St\xc3\xbcckF\xc3\xbcr die vorstehenden Angaben wird keine Haftung \xc3\xbcbernommen. Bitte pr\xc3\xbcfen Sie im Einzelfall die Angaben auf der jeweiligen Produktverpackung, nur diese sind verbindlich.Das Produktdesign kann von der Abbildung abweichen.'",Grenzhöfer Weg 29,Rewe,Frische & Convenience,2023-07-09,"Gültig ab morgen bis Samstag, 15.07.2023"
Salakis Schafskäse Natur,https://img.rewe-static.de/REWE28_2023/8874226/37902848-5_digital-image.png?impolicy=s-offers&imwidth=200&output-format=image/webp,,https://shop.rewe.de/productList?search=2832136,,"je 180-g-Pckg , (1 kg = 9.94)",Aktion,"1,79 €","b'ProduktbeschreibungArtikelnummer 8874226Zutaten & AllergeneZutaten: pasteurisierte SchafMILCH, Lab, SalzAllergenhinweise: Enth\xc3\xa4lt: Milch und Milcherzeugnisse (einschlie\xc3\x9flich Lactose).N\xc3\xa4hrwerteDurchschnittliche N\xc3\xa4hrwerteUnzubereitet pro 100 gEnergie1.126 kJEnergie272 kcalFett23 gFett, davon ges\xc3\xa4ttigte Fetts\xc3\xa4uren16 gKohlenhydrate0,8 gKohlenhydrate, davon Zucker0,8 gEiwei\xc3\x9f16 gSalz2,8 gHinweiseAufbewahrungs- und Verwendungshinweis: bei 8\xc2\xb0C mindestens haltbar bis: siehe Verpackungsaufdruck: tt.mm.jjjjArtikeldetailsMarke: SalakisNettof\xc3\xbcllmenge: 180 GUrsprungsland: FrankreichKontaktKontaktname: Lactalis Deutschland GmbHKontaktadresse: Am Yachthafen 2, 77694 KehlMaximale Bestellmenge: 15 St\xc3\xbcckF\xc3\xbcr die vorstehenden Angaben wird keine Haftung \xc3\xbcbernommen. Bitte pr\xc3\xbcfen Sie im Einzelfall die Angaben auf der jeweiligen Produktverpackung, nur diese sind verbindlich.Das Produktdesign kann von der Abbildung abweichen.'",Grenzhöfer Weg 29,Rewe,Frische & Convenience,2023-07-09,"Gültig ab morgen bis Samstag, 15.07.2023"
Wiltmann Salami,https://img.rewe-static.de/REWE28_2023/4240936/6554940-38_digital-image.png?impolicy=s-offers&imwidth=200&output-format=image/webp,,https://shop.rewe.de/productList?search=2832136,,"versch. Sorten , je 80-g-Pckg , (1 kg = 16.13)",Aktion,"1,29 €","b'ProduktbeschreibungArtikelnummer 4240936Feinschmecker-Salami aus Rind- und Schweinefleisch. Zutaten & AllergeneZutaten: Schweinefleisch, Rindfleisch, jodierters Speisesalz (Speisesalz, Kaliumiodat), Traubenzucker, Trockenglucose, Gew\xc3\xbcrze, Gew\xc3\xbcrzextrakte, Antioxidationsmittel: Natriumascorbat; Konservierungsstoff: Natriumnitrit; Reifekulturen, Buchenholzrauch. 100g Salami, hergestellt aus 119g Schweinefleisch und 21g Rindfleisch.N\xc3\xa4hrwerteDurchschnittliche N\xc3\xa4hrwerteUnzubereitet pro 100 gEnergie1.474 kJEnergie355 kcalFett28,1 gFett, davon ges\xc3\xa4ttigte Fetts\xc3\xa4uren11 gKohlenhydrate1 gKohlenhydrate, davon Zucker1 gEiwei\xc3\x9f24,1 gSalz4,1 gHinweiseAufbewahrungs- und Verwendungshinweis: Bei maximal 7\xc2\xb0C unge\xc3\xb6ffnet mindestens haltbar bis: siehe VerpackungsaufdruckArtikeldetailsMarke: WiltmannUrsprungsland: DeutschlandKontaktKontaktname: Franz Wiltmann GmbH & Co. KGKontaktadresse: Wilhelm-Kleine-Strasse 16, D-33775 VersmoldMaximale Bestellmenge: 15 St\xc3\xbcckF\xc3\xbcr die vorstehenden Angaben wird keine Haftung \xc3\xbcbernommen. Bitte pr\xc3\xbcfen Sie im Einzelfall die Angaben auf der jeweiligen Produktverpackung, nur diese sind verbindlich.Das Produktdesign kann von der Abbildung abweichen.'",Grenzhöfer Weg 29,Rewe,Frische & Convenience,2023-07-09,"Gültig ab morgen bis Samstag, 15.07.2023"
Bresso Feine Kräuter,https://img.rewe-static.de/REWE28_2023/0396707/3684540-43_digital-image.png?impolicy=s-offers&imwidth=200&output-format=image/webp,,https://shop.rewe.de/productList?search=2832136,,"60% Fett i.Tr. , je 120-g-Pckg , (1 kg = 11.58)",Aktion,"1,39 €","b""ProduktbeschreibungArtikelnummer 396707BRESSO steht f\xc3\xbcr unbeschwerten Frischk\xc3\xa4se-Genuss & provenzalisch-mediterrane Lebensweise. Eine Frischk\xc3\xa4se-Spezialit\xc3\xa4t mit feinen Kr\xc3\xa4utern veredelt und mit Knoblauch raffiniert abgerundet \xe2\x80\x93 unser Klassiker unter den BRESSO Frischk\xc3\xa4se-Portionen \xe2\x80\x93 mit aromatischer Geschmacksnote. Als Packung mit acht praktischen Portionen erh\xc3\xa4ltlich.Zutaten & AllergeneZutaten: FRISCHK\xc3\x84SE (pasteurisierte KUHMILCH, pasteurisierte SAHNE/RAHM), Speisesalz, Knoblauch, Kr\xc3\xa4uter, Pfeffer, Konservierungsstoff (Kaliumsorbat). Dieser Frischk\xc3\xa4se kann Spuren von Schalenfr\xc3\xbcchten und Ziegenmilch enthalten.Allergenhinweise: Frischk\xc3\xa4se, Kuhmilch, Sahne/RahmEnth\xc3\xa4lt: Milch und Milcherzeugnisse (einschlie\xc3\x9flich Lactose). Kann enthalten: N\xc3\xbcsse und Nusserzeugnisse.N\xc3\xa4hrwerteDurchschnittliche N\xc3\xa4hrwerteUnzubereitet pro 100 gEnergie1.391 kJEnergie337 kcalFett32 gFett, davon ges\xc3\xa4ttigte Fetts\xc3\xa4uren23 gKohlenhydrate3 gKohlenhydrate, davon Zucker2,4 gEiwei\xc3\x9f9,2 gSalz1,2 gHinweiseAufbewahrungs- und Verwendungshinweis: Bei +2\xc2\xb0C bis +8\xc2\xb0C mindestens haltbar bis: siehe VerpackungsaufdruckInformation: DoppelrahmstufeArtikeldetailsMarke: BressoUrsprungsland: FrankreichKontaktKontaktname: FromarsacKontaktadresse: Marsac sur L'Isle, 24052 P\xc3\xa9rigueux, Cedex 9, FranceMaximale Bestellmenge: 15 St\xc3\xbcckF\xc3\xbcr die vorstehenden Angaben wird keine Haftung \xc3\xbcbernommen. Bitte pr\xc3\xbcfen Sie im Einzelfall die Angaben auf der jeweiligen Produktverpackung, nur diese sind verbindlich.Das Produktdesign kann von der Abbildung abweichen.""",Grenzhöfer Weg 29,Rewe,Frische & Convenience,2023-07-09,"Gültig ab morgen bis Samstag, 15.07.2023"
Rana Tortelloni,https://img.rewe-static.de/REWE28_2023/8657317/33918696-8_digital-image.png?impolicy=s-offers&imwidth=200&output-format=image/webp,,https://shop.rewe.de/productList?search=2832136,,"versch. Sorten , je 250-g-Pckg , (1 kg = 10.76)",Aktion,"2,69 €","b'ProduktbeschreibungArtikelnummer 8657317Zutaten & AllergeneZutaten: F\xc3\x9cLLUNG 53%: Basilikum Pesto 35%,(Sonnenblumen\xc3\xb6l, Basilikum 27% Pecorino Romano g.U. (gesch\xc3\xbctzte Ursprungsbezeichnung) K\xc3\x84SE 14%, KACHUN\xc3\x9cSSE, geriebener K\xc3\x84SE, Kochsalz, Pinienkerne 3%), Ricotta 33% (MOLKE, MILCH, Kochsalz), Pflanzenfasern (Mais und Kartoffeln) Mozzarella K\xc3\x84SE, Paniermehl (WeichWEIZENmehl, Wasser, Kochsalz, Hefe), LAKTOSE, St\xc3\xa4rke, nat\xc3\xbcrliche Aromen (enth\xc3\xa4lt GERSTE). TEIGWAREN 47%: WeichWEIZENmehl, EIER 30%,HartWEIZENgrie\xc3\x9f. Hergestellt in einem Werk, das auch SCHALENFR\xc3\x9cCHTE, FISCHE, KREBSTIERE, WICHTIERE, SOJABOHNEN und SELLERIE verwendet.Allergenhinweise: Enth\xc3\xa4lt: Glutenhaltiges Getreide und glutenhaltige Getreideerzeugnisse. Milch und Milcherzeugnisse (einschlie\xc3\x9flich Lactose). N\xc3\xbcsse und Nusserzeugnisse. Eier und Eierzeugnisse. Kann enthalten: Krebstiere und Krebstiererzeugnisse. Weichtiere und Weichtiererzeugnisse. Fisch und Fischerzeugnisse. Soja und Sojaerzeugnisse. Sellerie und Sellerieerzeugnisse.N\xc3\xa4hrwerteDurchschnittliche N\xc3\xa4hrwerteUnzubereitet pro 100 gEnergie1.225 kJEnergie292 kcalFett12 gFett, davon ges\xc3\xa4ttigte Fetts\xc3\xa4uren3,1 gKohlenhydrate32 gKohlenhydrate, davon Zucker4,1 gBallaststoffe6,2 gEiwei\xc3\x9f11 gSalz0,98 gHinweiseAufbewahrungs- und Verwendungshinweis: Im K\xc3\xbchlschrank bei +4\xc2\xb0C bis max. +7\xc2\xb0C aufbewahren. Nach dem \xc3\x96ffnen innerhalb von 3 Tagen verbrauchen.Information: Unter Schutzatmosph\xc3\xa4re verpackt.ArtikeldetailsMarke: Giovanni RanaUrsprungsland: ItalienKontaktKontaktname: Pastificio RANA S.p.A.Kontaktadresse: Via Pacinotti, 25 - 37057 San Giovanni Lupatoto (VR) - ItaliaMaximale Bestellmenge: 15 St\xc3\xbcckF\xc3\xbcr die vorstehenden Angaben wird keine Haftung \xc3\xbcbernommen. Bitte pr\xc3\xbcfen Sie im Einzelfall die Angaben auf der jeweiligen Produktverpackung, nur diese sind verbindlich.Das Produktdesign kann von der Abbildung abweichen.'",Grenzhöfer Weg 29,Rewe,Frische & Convenience,2023-07-09,"Gültig ab morgen bis Samstag, 15.07.2023"
Homann Kartoffel- oder Pellkartoffelsalat,https://img.rewe-static.de/REWE28_2023/8698632/34937248-11_digital-image.png?impolicy=s-offers&imwidth=200&output-format=image/webp,,https://shop.rewe.de/productList?search=2832136,,"versch. Sorten , je 400-g-Pckg , (1 kg = 4.23)",Aktion,"1,69 €","b'ProduktbeschreibungArtikelnummer 8698632Zutaten & AllergeneZutaten: 62% Kartoffeln, Raps\xc3\xb6l, 8% H\xc3\x9cHNEREIER, 6% Gurken, Wasser, Zucker, Branntweinessig, 2% Zwiebeln, Speisesalz, H\xc3\x9cHNEREIGELB, S\xc3\xa4ureregulatoren: Calciumchlorid und Natriumacetate, Sahne (MILCH), Konservierungsstoff: Kaliumsorbat, St\xc3\xa4rke, Gew\xc3\xbcrze (enth\xc3\xa4lt SENF), f\xc3\xa4rbendes Lebensmittel: Karottenkonzentrat, Verdickungsmittel: Guarkernmehl, S\xc3\xa4uerungsmittel: Citronens\xc3\xa4ure, Antioxidationsmittel: Ascorbins\xc3\xa4ure, Stabilisator: Carrageen. Kann Spuren von Erdn\xc3\xbcssen, Fischen, glutenhaltiges Getreide, Krebstieren, Schalenfr\xc3\xbcchten, Sellerie, Sesamsamen und Sojabohnen enthalten.Allergenhinweise: Enth\xc3\xa4lt: Eier und Eierzeugnisse. Milch und Milcherzeugnisse (einschlie\xc3\x9flich Lactose). Senf- und Senferzeugnisse. Kann enthalten: Erdn\xc3\xbcsse und Erdnusserzeugnisse. Glutenhaltiges Getreide und glutenhaltige Getreideerzeugnisse. N\xc3\xbcsse und Nusserzeugnisse. Sellerie und Sellerieerzeugnisse. Sesamsamen und Sesamsamenerzeugnisse. Soja und Sojaerzeugnisse. Weizen und Weizenerzeugnisse (glutenhaltiges Getreide). Fisch und Fischerzeugnisse.N\xc3\xa4hrwerteDurchschnittliche N\xc3\xa4hrwerteUnzubereitet pro 100 gEnergie770 kJEnergie185 kcalFett13,2 gFett, davon ges\xc3\xa4ttigte Fetts\xc3\xa4uren1,2 gKohlenhydrate12,8 gKohlenhydrate, davon Zucker3 gEiwei\xc3\x9f2,6 gSalz1,3 gHinweiseAufbewahrungs- und Verwendungshinweis: Gek\xc3\xbchlt bei max. +7\xc2\xb0CArtikeldetailsMarke: HomannUrsprungsland: NiederlandeKontaktKontaktname: Signature Foods Deutschland GmbHKontaktadresse: Winkelhausenstra\xc3\x9fe 10, 49090 Osnabr\xc3\xbcckMaximale Bestellmenge: 15 St\xc3\xbcckF\xc3\xbcr die vorstehenden Angaben wird keine Haftung \xc3\xbcbernommen. Bitte pr\xc3\xbcfen Sie im Einzelfall die Angaben auf der jeweiligen Produktverpackung, nur diese sind verbindlich.Das Produktdesign kann von der Abbildung abweichen.'",Grenzhöfer Weg 29,Rewe,Frische & Convenience,2023-07-09,"Gültig ab morgen bis Samstag, 15.07.2023"
Alta Badia,https://img.rewe-static.de/REWE28_2023/0351001/26962937-8_digital-image.png?impolicy=s-offers&imwidth=200&output-format=image/webp,,https://shop.rewe.de/productList?search=2832136,,"ital. Hartkäse, mind. 50% Fett i.Tr. , je 100 g",Aktion,"1,99 €","b'ProduktbeschreibungArtikelnummer 351001Frisch f\xc3\xbcr dich aus unserer Servicetheke. \n \nZutaten: pasteurisierte MILCH, Salz, MILCHS\xc3\x84UREBAKTERIEN, tierisches Lab, Konservierungsstoff: LYSOZYM (aus EI), Natamycin, Farbstoff: AMMONSULFITZUCKERKUL\xc3\x96R \n \nLaktosefrei* \n*Laktosegehalt: unter 0, 1g/100g \n \nRinde nicht zum Verzehr geeignet! \n \nN\xc3\xa4hrwerte je 100g: \nEnergie: 1704kJ \nEnergie: 411kcal \nFett: 33,5g \nFett, davon ges\xc3\xa4ttigte Fetts\xc3\xa4uren: 24,1g \nKohlenhydrate: 0,1g \nKohlenhydrate, davon Zucker: 0,1g \nEiwei\xc3\x9f: 27,3g \nSalz: 1,7g ArtikeldetailsEigenschaften: LaktosefreiMaximale Bestellmenge: 15 St\xc3\xbcckF\xc3\xbcr die vorstehenden Angaben wird keine Haftung \xc3\xbcbernommen. Bitte pr\xc3\xbcfen Sie im Einzelfall die Angaben auf der jeweiligen Produktverpackung, nur diese sind verbindlich.Das Produktdesign kann von der Abbildung abweichen.'",Grenzhöfer Weg 29,Rewe,Frische & Convenience,2023-07-09,"Gültig ab morgen bis Samstag, 15.07.2023"
Campofrio Serrano-Schinken,https://img.rewe-static.de/REWE28_2023/0515409/31641266-6_digital-image.png?impolicy=s-offers&imwidth=200&output-format=image/webp,,https://shop.rewe.de/productList?search=2832136,,je 100 g,Aktion,"2,19 €","b'ProduktbeschreibungArtikelnummer 515409Frisch f\xc3\xbcr dich aus unserer Servicetheke. \n \nZutaten: Schweinefleisch, Salz, Konservierungsstoff: Kaliumnitrat, Natriumnitrit. \n \nN\xc3\xa4hrwerte je 100g: \nEnergie: 889kJ \nEnergie: 2120kcal \nFett: 10g \nFett, davon ges\xc3\xa4ttigte Fetts\xc3\xa4uren: 3,8g \nKohlenhydrate: 0,5g \nKohlenhydrate, davon Zucker: 0,5g \nEiwei\xc3\x9f: 30g \nSalz: 5g Zutaten & AllergeneAllergenhinweise: nullN\xc3\xa4hrwerteDurchschnittliche N\xc3\xa4hrwerteUnzubereitet pro 100 gEnergie889 kJEnergie212 kcalFett10 gFett, davon ges\xc3\xa4ttigte Fetts\xc3\xa4uren3,8 gKohlenhydrate0,5 gKohlenhydrate, davon Zucker0,5 gEiwei\xc3\x9f30 gSalz5 gArtikeldetailsMarke: CampofrioMaximale Bestellmenge: 15 St\xc3\xbcckF\xc3\xbcr die vorstehenden Angaben wird keine Haftung \xc3\xbcbernommen. Bitte pr\xc3\xbcfen Sie im Einzelfall die Angaben auf der jeweiligen Produktverpackung, nur diese sind verbindlich.Das Produktdesign kann von der Abbildung abweichen.'",Grenzhöfer Weg 29,Rewe,Frische & Convenience,2023-07-09,"Gültig ab morgen bis Samstag, 15.07.2023"
Galbani Mozzarella Mini,https://img.rewe-static.de/REWE28_2023/0594382/965610-29_digital-image.png?impolicy=s-offers&imwidth=200&output-format=image/webp,,https://shop.rewe.de/productList?search=2832136,,"38% Fett i.Tr. , je 260-g-Pckg , (1 kg = 13.27) , 150-g-Abtropfgew.",Aktion,"1,99 €","b'ProduktbeschreibungArtikelnummer 594382Zutaten & AllergeneZutaten: pasteurisierte KuhMILCH, Lab, Salz, S\xc3\xa4uerungsmittel:Zitronens\xc3\xa4ureAllergenhinweise: Enth\xc3\xa4lt: Milch und Milcherzeugnisse (einschlie\xc3\x9flich Lactose).N\xc3\xa4hrwerteDurchschnittliche N\xc3\xa4hrwerteUnzubereitet pro 100 gEnergie819 kJEnergie197 kcalFett13,5 gFett, davon ges\xc3\xa4ttigte Fetts\xc3\xa4uren9,4 gKohlenhydrate1,3 gKohlenhydrate, davon Zucker0,6 gEiwei\xc3\x9f17,5 gSalz0,6 gHinweiseAufbewahrungs- und Verwendungshinweis: bei 8\xc2\xb0C mindestens haltbar bis: siehe VerpackungsaufdruckArtikeldetailsMarke: GalbaniNettof\xc3\xbcllmenge: 260 GUrsprungsland: ItalienAbtropfgewicht: 150 gKontaktKontaktname: Lactalis Deutschland GmbHKontaktadresse: Am Yachthafen 2, 77694 KehlMaximale Bestellmenge: 15 St\xc3\xbcckF\xc3\xbcr die vorstehenden Angaben wird keine Haftung \xc3\xbcbernommen. Bitte pr\xc3\xbcfen Sie im Einzelfall die Angaben auf der jeweiligen Produktverpackung, nur diese sind verbindlich.Das Produktdesign kann von der Abbildung abweichen.'",Grenzhöfer Weg 29,Rewe,Frische & Convenience,2023-07-09,"Gültig ab morgen bis Samstag, 15.07.2023"
Landliebe Sahnepudding,https://img.rewe-static.de/REWE28_2023/2861852/1862900-49_digital-image.png?impolicy=s-offers&imwidth=200&output-format=image/webp,,https://shop.rewe.de/productList?search=2832136,,"Schokolade , je 150-g-Becher , (1 kg = 3.27)",Aktion,"0,49 €","b'ProduktbeschreibungArtikelnummer 2861852Zutaten & AllergeneZutaten: 82% SAHNE, 9% Schokoladenpulver (Zucker, Kakao*), Zucker, modifizierte St\xc3\xa4rke, 0,9% fettarmer Kakao*, St\xc3\xa4rke.Allergenhinweise: Enth\xc3\xa4lt: Milch und Milcherzeugnisse (einschlie\xc3\x9flich Lactose).N\xc3\xa4hrwerteDurchschnittliche N\xc3\xa4hrwerteUnzubereitet pro 100 gEnergie680 kJEnergie163 kcalFett8,8 gFett, davon ges\xc3\xa4ttigte Fetts\xc3\xa4uren6 gKohlenhydrate17 gKohlenhydrate, davon Zucker14 gEiwei\xc3\x9f3,3 gSalz0,11 gHinweiseAufbewahrungs- und Verwendungshinweis: Bei +8 \xc2\xb0C mindestens haltbar bis: siehe Deckel.Information: * Rainforest Alliance-zertifizierter Kakao. Weitere Informationen unter ra.org.ArtikeldetailsMarke: LandliebeUrsprungsland: DeutschlandSorte: SchokoladeKontaktKontaktname: Landliebe Molkereiprodukte GmbHKontaktadresse: 74078 Heilbronn DEUTSCHLANDMaximale Bestellmenge: 15 St\xc3\xbcckF\xc3\xbcr die vorstehenden Angaben wird keine Haftung \xc3\xbcbernommen. Bitte pr\xc3\xbcfen Sie im Einzelfall die Angaben auf der jeweiligen Produktverpackung, nur diese sind verbindlich.Das Produktdesign kann von der Abbildung abweichen.'",Grenzhöfer Weg 29,Rewe,Kühlung,2023-07-09,"Gültig ab morgen bis Samstag, 15.07.2023"
Landliebe Vollmilchpudding,https://img.rewe-static.de/REWE28_2023/8395149/37709425-7_digital-image.png?impolicy=s-offers&imwidth=200&output-format=image/webp,,https://shop.rewe.de/productList?search=2832136,,"Schoko , je 225-g-Becher , (1 kg = 2.18)",Aktion,"0,49 €","b'ProduktbeschreibungArtikelnummer 8395149Zutaten & AllergeneZutaten: 86% VOLLMILCH, Zucker, 4 % Schokoladenpulver (Zucker, Kakao), modifizierte St\xc3\xa4rke, 1,5 % fettarmer Kakao, St\xc3\xa4rke.Allergenhinweise: Enth\xc3\xa4lt: Milch und Milcherzeugnisse (einschlie\xc3\x9flich Lactose).N\xc3\xa4hrwerteDurchschnittliche N\xc3\xa4hrwerteUnzubereitet pro 100 gEnergie442 kJEnergie105 kcalFett3,7 gFett, davon ges\xc3\xa4ttigte Fetts\xc3\xa4uren2,5 gKohlenhydrate14 gKohlenhydrate, davon Zucker11 gEiwei\xc3\x9f3,5 gSalz0,15 gHinweiseAufbewahrungs- und Verwendungshinweis: Unge\xc3\xb6ffnet bei +8\xc2\xb0C mindestens haltbar bis: siehe Deckel.ArtikeldetailsMarke: LandliebeUrsprungsland: DeutschlandKontaktKontaktname: Landliebe Molkereiprodukte GmbHKontaktadresse: 74078 Heilbronn DEUTSCHLANDMaximale Bestellmenge: 15 St\xc3\xbcckF\xc3\xbcr die vorstehenden Angaben wird keine Haftung \xc3\xbcbernommen. Bitte pr\xc3\xbcfen Sie im Einzelfall die Angaben auf der jeweiligen Produktverpackung, nur diese sind verbindlich.Das Produktdesign kann von der Abbildung abweichen.'",Grenzhöfer Weg 29,Rewe,Kühlung,2023-07-09,"Gültig ab morgen bis Samstag, 15.07.2023"
Landliebe Joghurt,https://img.rewe-static.de/REWE28_2023/6737188/7396340-14_digital-image.png?impolicy=s-offers&imwidth=200&output-format=image/webp,,https://shop.rewe.de/productList?search=2832136,,"versch. Sorten , je 500-g-Glas , (1 kg = 1.98) , zzgl. 0.15 Pfand",Aktion,"0,99 €","b'ProduktbeschreibungArtikelnummer 6737188Zutaten & AllergeneZutaten: Joghurt mildAllergenhinweise: Enth\xc3\xa4lt: Milch und Milcherzeugnisse (einschlie\xc3\x9flich Lactose).N\xc3\xa4hrwerteDurchschnittliche N\xc3\xa4hrwerteUnzubereitet pro 100 gEnergie336 kJEnergie80 kcalFett3,8 gFett, davon ges\xc3\xa4ttigte Fetts\xc3\xa4uren2,6 gKohlenhydrate6,2 gKohlenhydrate, davon Zucker6,2 gEiwei\xc3\x9f5,3 gSalz0,1 gHinweiseAufbewahrungs- und Verwendungshinweis: Bei +8 \xc2\xb0C mindestens haltbar bis:siehe VerpackungsaufdruckArtikeldetailsMarke: LandliebeUrsprungsland: DeutschlandKontaktKontaktname: Landliebe Molkereiprodukte GmbHKontaktadresse: 74078 Heilbronn DEUTSCHLANDMaximale Bestellmenge: 15 St\xc3\xbcckF\xc3\xbcr die vorstehenden Angaben wird keine Haftung \xc3\xbcbernommen. Bitte pr\xc3\xbcfen Sie im Einzelfall die Angaben auf der jeweiligen Produktverpackung, nur diese sind verbindlich.Das Produktdesign kann von der Abbildung abweichen.'",Grenzhöfer Weg 29,Rewe,Kühlung,2023-07-09,"Gültig ab morgen bis Samstag, 15.07.2023"
Alpro Mandel Drink,https://img.rewe-static.de/REWE28_2023/3215020/26398683-18_digital-image.png?impolicy=s-offers&imwidth=200&output-format=image/webp,,https://shop.rewe.de/productList?search=2832136,,"versch. Sorten , je 1-l-Pckg",Aktion,"1,99 €","b'ProduktbeschreibungArtikelnummer 3215020FEINER MARZIPAN-GESCHMACK. Unser Drink schmeckt frisch und cremig mit Mandeln, die aus Italien und Spanien kommen. Unger\xc3\xb6stet behalten sie ihr urspr\xc3\xbcnglich feines Aroma. Ein EINZIGARTIGES MANDELERLEBNIS nach italienischer Art. Ein Genuss zu M\xc3\xbcsli oder gek\xc3\xbchlt im Glas. DRINK \xe2\x80\x93 ALMOND \xe2\x80\x93 UNROASTED \xe2\x80\x93 NS \xe2\x80\x93 SD \xe2\x80\x93 LONG \xe2\x80\x93 SIG2 Mit CALCIUM und Vitamin D2, die zur Erhaltung der Knochen beitragen. Von Natur aus FETTARM. Au\xc3\x9ferdem OHNE ein einzigesg ZUCKER! VOR ALLEM DURCH REGEN BEW\xc3\x84SSERT, verbraucht 8-mal weniger Wasser als herk\xc3\xb6mmlich bew\xc3\xa4sserte Mandeln.* *Werte basieren auf einer \xc3\x96kobilanz des Alpro Mandeldrinks vs. Milch in der EU, (Expertengutachten: Quantis 2021). Unsere Mandeln verbrauchen 80% des f\xc3\xbcr die Herstellung dieses Produktes ben\xc3\xb6tigten Wassers. Unsere Mandeln brauchen mehr Land als herk\xc3\xb6mmlich bew\xc3\xa4sserte Mandeln. Ihr Wasserbedarf wird mindestens zu 2/3 durch Regen abgedeckt. Mehr auf alpro.com/planetZutaten & AllergeneZutaten: Wasser, MANDELN (2,3%), Calcium (Tricalciumphosphat), Meersalz, Stabilisatoren (Johannisbrotkernmehl, Gellan), Emulgator (Lecithine), nat\xc3\xbcrliches Aroma, Vitamine (B2, B12, E, D2). Mandeln aus Italien und Spanien. Kann Spuren von Schalenfr\xc3\xbcchten (keine Erdn\xc3\xbcsse) enthalten.Allergenhinweise: MANDELNEnth\xc3\xa4lt: N\xc3\xbcsse und Nusserzeugnisse.N\xc3\xa4hrwerteDurchschnittliche N\xc3\xa4hrwerteUnzubereitet pro 100 mlEnergie56 kJEnergie13 kcalFett1,1 gFett, davon ges\xc3\xa4ttigte Fetts\xc3\xa4uren0,1 gFett, davon einfach unges\xc3\xa4ttigte Fetts\xc3\xa4uren0,8 gFett, davon mehrfach unges\xc3\xa4ttigte Fetts\xc3\xa4uren0,2 gKohlenhydrate0 gKohlenhydrate, davon Zucker0 gBallaststoffe0,2 gEiwei\xc3\x9f0,5 gSalz0,14 gVitamin D0,75 \xc2\xb5gVitamin E1,8 mgVitamin C0 mgThiamin0,09 mgRiboflavin0,21 mgCalcium120 mgNatrium0,06 gVitamin B120,38 \xc2\xb5gLaktose0 gHinweiseAufbewahrungs- und Verwendungshinweis: Mindestens haltbar bis: siehe Oberseite. Nach Anbruch 5 Tage im K\xc3\xbchlschrank haltbar (+1\xc2\xb0C bis +7\xc2\xb0C). Gut sch\xc3\xbctteln.Information: Ohne ZuckerArtikeldetailsMarke: AlproEigenschaften: Laktosefrei, VeganUrsprungsland: GrossbritannienServiervorschlag: 100% pflanzlich.KontaktKontaktname: Danone Deutschland GmbHKontaktadresse: Postfach 100359, 60003 FrankfurtF\xc3\xbcr die vorstehenden Angaben wird keine Haftung \xc3\xbcbernommen. Bitte pr\xc3\xbcfen Sie im Einzelfall die Angaben auf der jeweiligen Produktverpackung, nur diese sind verbindlich.Das Produktdesign kann von der Abbildung abweichen.'",Grenzhöfer Weg 29,Rewe,Kühlung,2023-07-09,"Gültig ab morgen bis Samstag, 15.07.2023"
Meggle Kräuter-Tube Vegan,https://img.rewe-static.de/REWE28_2023/7814816/35135529-6_digital-image.png?impolicy=s-offers&imwidth=200&output-format=image/webp,,https://shop.rewe.de/productList?search=2832136,,"je 80-ml-Tube , (1 l = 18.63)",Aktion,"1,49 €","b'ProduktbeschreibungArtikelnummer 7814816Zutaten & AllergeneZutaten: Pflanzliche \xc3\x96le und Fette (Raps, Kokos, Shea, in ver\xc3\xa4nderlichen Gewichtsanteilen), Wasser, Zwiebeln 11%, Petersilie 6%, Knoblauch 4%, Salz, St\xc3\xa4rke, Gew\xc3\xbcrze, Kr\xc3\xa4uter, Zitronensaftkonzentrat, Emulgatoren: Lecithin (SOJA), Mono- und Diglyceride von Speisefetts\xc3\xa4uren; nat\xc3\xbcrliches Knoblaucharoma, Farbstoff: Beta-Carotin.N\xc3\xa4hrwerteDurchschnittliche N\xc3\xa4hrwerteUnzubereitet pro 100 gEnergie2.092 kJEnergie509 kcalFett55 gFett, davon ges\xc3\xa4ttigte Fetts\xc3\xa4uren16 gKohlenhydrate2,3 gKohlenhydrate, davon Zucker0,9 gEiwei\xc3\x9f0,6 gSalz1,9 gHinweiseAufbewahrungs- und Verwendungshinweis: K\xc3\xbchlung bei < 10 \xc2\xb0C ohne UnterbrechungArtikeldetailsMarke: MeggleEigenschaften: Vegan, LaktosefreiUrsprungsland: DeutschlandKontaktKontaktname: MEGGLE GmbH & Co. KGKontaktadresse: Megglestr. 6-12 83512 WasserburgF\xc3\xbcr die vorstehenden Angaben wird keine Haftung \xc3\xbcbernommen. Bitte pr\xc3\xbcfen Sie im Einzelfall die Angaben auf der jeweiligen Produktverpackung, nur diese sind verbindlich.Das Produktdesign kann von der Abbildung abweichen.'",Grenzhöfer Weg 29,Rewe,Kühlung,2023-07-09,"Gültig ab morgen bis Samstag, 15.07.2023"
Meggle Kräuter-Butter,https://img.rewe-static.de/REWE28_2023/4529472/7395990-34_digital-image.png?impolicy=s-offers&imwidth=200&output-format=image/webp,,https://shop.rewe.de/productList?search=2832136,,"je 5 x 20-g-Pckg , (1 kg = 14.90)",Aktion,"1,49 €","b'ProduktbeschreibungArtikelnummer 4529472Zutaten & AllergeneZutaten: BUTTER, Zwiebeln, Petersilie 6%, Knoblauch 3%, Salz, Kr\xc3\xa4uter, Gew\xc3\xbcrze, St\xc3\xa4rke, Zitronensaft*, nat\xc3\xbcrliches Knoblaucharoma. *aus KonzentratAllergenhinweise: Enth\xc3\xa4lt: Milch und Milcherzeugnisse (einschlie\xc3\x9flich Lactose).N\xc3\xa4hrwerteDurchschnittliche N\xc3\xa4hrwerteUnzubereitet pro 100 gEnergie2.377 kJEnergie578 kcalFett62 gFett, davon ges\xc3\xa4ttigte Fetts\xc3\xa4uren40 gKohlenhydrate3,3 gKohlenhydrate, davon Zucker2,4 gBallaststoffe0,6 gEiwei\xc3\x9f1,2 gSalz2,1 gNatrium0,85 gHinweiseAufbewahrungs- und Verwendungshinweis: K\xc3\xbchlung bei < 10 \xc2\xb0C ohne Unterbrechung oder tiefgek\xc3\xbchlt (\xe2\x89\xa4-18 \xc2\xb0C)ArtikeldetailsMarke: MeggleUrsprungsland: DeutschlandPackungsgr\xc3\xb6\xc3\x9fe: 5x20gKontaktKontaktname: MEGGLE GmbH & Co. KGKontaktadresse: Megglestr. 6-1283512 WasserburgMaximale Bestellmenge: 15 St\xc3\xbcckF\xc3\xbcr die vorstehenden Angaben wird keine Haftung \xc3\xbcbernommen. Bitte pr\xc3\xbcfen Sie im Einzelfall die Angaben auf der jeweiligen Produktverpackung, nur diese sind verbindlich.Das Produktdesign kann von der Abbildung abweichen.'",Grenzhöfer Weg 29,Rewe,Kühlung,2023-07-09,"Gültig ab morgen bis Samstag, 15.07.2023"
Cheestrings Original,https://img.rewe-static.de/REWE28_2023/7033238/26586529-15_digital-image.png?impolicy=s-offers&imwidth=200&output-format=image/webp,,https://shop.rewe.de/productList?search=2832136,,"je 4 x 20-g-Pckg , (1 kg = 21.13)",Aktion,"1,69 €","b'ProduktbeschreibungArtikelnummer 7033238Zutaten & AllergeneZutaten: MILCH (96%), Salz, S\xc3\xa4ureregulatoren (Citronens\xc3\xa4ure, Milchs\xc3\xa4ure), Mikrobieller Labersatzstoff, Starterkulturen (MILCH), Vitamin B6, Vitamin B12.Allergenhinweise: Enth\xc3\xa4lt: Milch und Milcherzeugnisse (einschlie\xc3\x9flich Lactose).N\xc3\xa4hrwerteDurchschnittliche N\xc3\xa4hrwerteUnzubereitet pro 100 gEnergie1.264 kJEnergie304 kcalFett22,5 gFett, davon ges\xc3\xa4ttigte Fetts\xc3\xa4uren14,2 gKohlenhydrate2,5 gKohlenhydrate, davon Zucker1 gEiwei\xc3\x9f23 gSalz1,8 gHinweiseAufbewahrungs- und Verwendungshinweis: Bei 4-8\xc2\xb0C mindestens haltbar bis: siehe VerpackungsaufdruckArtikeldetailsMarke: CheestringsUrsprungsland: IrlandKontaktKontaktname: Privatmolkerei Bauer GmbH & Co. KGKontaktadresse: 83512 Wasserburg/InnMaximale Bestellmenge: 15 St\xc3\xbcckF\xc3\xbcr die vorstehenden Angaben wird keine Haftung \xc3\xbcbernommen. Bitte pr\xc3\xbcfen Sie im Einzelfall die Angaben auf der jeweiligen Produktverpackung, nur diese sind verbindlich.Das Produktdesign kann von der Abbildung abweichen.'",Grenzhöfer Weg 29,Rewe,Kühlung,2023-07-09,"Gültig ab morgen bis Samstag, 15.07.2023"
Milram Müritzer Scheiben,https://img.rewe-static.de/REWE28_2023/7215406/27484152-9_digital-image.png?impolicy=s-offers&imwidth=200&output-format=image/webp,,https://shop.rewe.de/productList?search=2832136,,"Schnittkäse, 55% Fett i.Tr. , je 150-g-Pckg , (1 kg = 9.93)",Knaller,"1,49 €","b'ProduktbeschreibungArtikelnummer 7215406Zutaten & AllergeneZutaten: pasteurisierte KUHMILCH, Speisesalz, S\xc3\xa4uerungskulturen, mikrobielles Lab, Farbstoff: Carotin, Annatto Norbixin(pflanzlicher Farbstoff)Allergenhinweise: Enth\xc3\xa4lt: Milch und Milcherzeugnisse (einschlie\xc3\x9flich Lactose).N\xc3\xa4hrwerteDurchschnittliche N\xc3\xa4hrwerteUnzubereitet pro 100 gEnergie1.599 kJEnergie386 kcalFett33 gFett, davon ges\xc3\xa4ttigte Fetts\xc3\xa4uren22,8 gKohlenhydrate< 0,1 gKohlenhydrate, davon Zucker< 0,1 gEiwei\xc3\x9f21 gSalz1,8 gCalcium650 mgHinweiseAufbewahrungs- und Verwendungshinweis: Unge\xc3\xb6ffnet bei +4\xc2\xb0C bis +8\xc2\xb0C mindestens haltbar bis: Nach dem \xc3\x96ffnen k\xc3\xbchl lagern und innerhalb weniger Tage verbrauchen.Information: unter Schutzatmosph\xc3\xa4re verpackt.ArtikeldetailsMarke: MilramEigenschaften: LaktosefreiUrsprungsland: DeutschlandKontaktKontaktname: DMK GmbHKontaktadresse: 27400 ZevenMaximale Bestellmenge: 15 St\xc3\xbcckF\xc3\xbcr die vorstehenden Angaben wird keine Haftung \xc3\xbcbernommen. Bitte pr\xc3\xbcfen Sie im Einzelfall die Angaben auf der jeweiligen Produktverpackung, nur diese sind verbindlich.Das Produktdesign kann von der Abbildung abweichen.'",Grenzhöfer Weg 29,Rewe,Kühlung,2023-07-09,"Gültig ab morgen bis Samstag, 15.07.2023"
"Rama zum Streichen, Backen & Kochen",https://img.rewe-static.de/REWE28_2023/8826343/36666364-10_digital-image.png?impolicy=s-offers&imwidth=200&output-format=image/webp,,https://shop.rewe.de/productList?search=2832136,,"je 400-g-Becher , (1 kg = 2.98)",Knaller,"1,19 €","b'ProduktbeschreibungArtikelnummer 8826343100% nat\xc3\xbcrliche Zutaten, 100% Pflanzlich, \nGern k\xc3\xbchl lagern. Mit 100% nat\xc3\xbcrlichen Zutaten ist Rama auch k\xc3\xbchlschrankkalt immer einsatzbereit.Zutaten & AllergeneZutaten: pflanzliche \xc3\x96le und Fette (Raps, Palm, Sonnenblumen in ver\xc3\xa4nderlichen Gewichtsanteilen), Trinkwasser, Speisesalz (0.5%), Emulgatoren (Lecithine, Mono- und Diglyceride von Speisefetts\xc3\xa4uren), nat\xc3\xbcrliche Aromen, S\xc3\xa4uerungsmittel (Citronens\xc3\xa4ure), Vitamine (A, D, E), Farbstoff (Carotin).N\xc3\xa4hrwerteDurchschnittliche N\xc3\xa4hrwerteUnzubereitet pro 100 gEnergie2.235 kJEnergie536 kcalFett60 gFett, davon ges\xc3\xa4ttigte Fetts\xc3\xa4uren21 gKohlenhydrate< 0,5 gKohlenhydrate, davon Zucker< 0,5 gEiwei\xc3\x9f< 0,5 gSalz0,5 gVitamin A800 \xc2\xb5gVitamin D7,5 \xc2\xb5gVitamin E9,2 mgHinweiseAufbewahrungs- und Verwendungshinweis: Beste Lagerung zwischen +2\xc2\xb0C und +15 \xc2\xb0C.ArtikeldetailsMarke: RamaUrsprungsland: DeutschlandKontaktKontaktname: Upfield Deutschland GmbHKontaktadresse: Postfach 10 25 27 20017 HamburgMaximale Bestellmenge: 15 St\xc3\xbcckF\xc3\xbcr die vorstehenden Angaben wird keine Haftung \xc3\xbcbernommen. Bitte pr\xc3\xbcfen Sie im Einzelfall die Angaben auf der jeweiligen Produktverpackung, nur diese sind verbindlich.Das Produktdesign kann von der Abbildung abweichen.'",Grenzhöfer Weg 29,Rewe,Kühlung,2023-07-09,"Gültig ab morgen bis Samstag, 15.07.2023"
Ehrmann Almighurt,https://img.rewe-static.de/REWE28_2023/7659300/9176090-16_digital-image.png?impolicy=s-offers&imwidth=200&output-format=image/webp,,https://shop.rewe.de/productList?search=2832136,,"versch. Sorten , je 150-g-Becher , (1 kg = 2.20)",Knaller,"0,33 €","b'ProduktbeschreibungArtikelnummer 7659300Erlesene Fruchtzubereitung aus Deutschland.Gute Allg\xc3\xa4uer Milch von Familienh\xc3\xb6fen.Zutaten & AllergeneZutaten: JOGHURT mild, Zucker, Heidelbeeren 6,8%, modifizierte St\xc3\xa4rke, f\xc3\xa4rbendes Pflanzenkonzentrat (Karotte), Verdickungsmittel (Pektine, Guarkernmehl), Aroma. Ohne Konservierungsstoffe.Allergenhinweise: Enth\xc3\xa4lt: JoghurtEnth\xc3\xa4lt: Milch und Milcherzeugnisse (einschlie\xc3\x9flich Lactose). Milchzucker (Laktose).N\xc3\xa4hrwerteDurchschnittliche N\xc3\xa4hrwerteUnzubereitet pro 100 gEnergie389 kJEnergie92 kcalFett2,7 gFett, davon ges\xc3\xa4ttigte Fetts\xc3\xa4uren1,8 gKohlenhydrate14 gKohlenhydrate, davon Zucker13 gEiwei\xc3\x9f3 gSalz0,1 gHinweiseAufbewahrungs- und Verwendungshinweis: Bei max. +8 \xc2\xb0C mindestens haltbar bis: siehe DeckelArtikeldetailsMarke: EhrmannUrsprungsland: DeutschlandSorte: HeidelbeereKontaktKontaktname: Ehrmann GmbHKontaktadresse: A.-Ehrmann-Stra\xc3\x9fe 2, 87770 Obersch\xc3\xb6neggMaximale Bestellmenge: 15 St\xc3\xbcckF\xc3\xbcr die vorstehenden Angaben wird keine Haftung \xc3\xbcbernommen. Bitte pr\xc3\xbcfen Sie im Einzelfall die Angaben auf der jeweiligen Produktverpackung, nur diese sind verbindlich.Das Produktdesign kann von der Abbildung abweichen.'",Grenzhöfer Weg 29,Rewe,Kühlung,2023-07-09,"Gültig ab morgen bis Samstag, 15.07.2023"
Mövenpick Caffè Cappuccino,https://img.rewe-static.de/REWE28_2023/0021685/21145285-37_digital-image.png?impolicy=s-offers&imwidth=200&output-format=image/webp,,https://shop.rewe.de/productList?search=2832136,,"koffeinhaltig , je 189-ml-Becher , (1 l = 4.71)",Aktion,"0,89 €","b'ProduktbeschreibungArtikelnummer 21685F\xc3\xbcr alle, die es gerne mild und schokoladig m\xc3\xb6gen, ist unser ""Iced Coffee Cappuccino"" genau das Richtige. Hier treffen feinste Hochland-Arabica-Bohnen auf Robusta-Bohnen, beste Milch und feinsten Kakao. Ein cremig-schokoladiger Eiskaffee - f\xc3\xbcr echte Cappuccino-Freunde.Zutaten & AllergeneZutaten: 79% fettarme MILCH, 16% Kaffee (fl\xc3\xbcssiger Kaffee-Extrakt, Wasser), Zucker, 0,5% Kakaopulver, Verdickungsmittel Carrageen. Koffeingehalt: ca. 37 mg/100 mlAllergenhinweise: Enth\xc3\xa4lt: Milch und Milcherzeugnisse (einschlie\xc3\x9flich Lactose).N\xc3\xa4hrwerteDurchschnittliche N\xc3\xa4hrwerteUnzubereitet pro 100 gEnergie277 kJEnergie66 kcalFett1,5 gFett, davon ges\xc3\xa4ttigte Fetts\xc3\xa4uren1 gKohlenhydrate9,4 gKohlenhydrate, davon Zucker8,9 gEiwei\xc3\x9f3,6 gSalz0,1 gHinweiseAufbewahrungs- und Verwendungshinweis: Bei +8\xc2\xb0C mindestens haltbar: siehe DeckelArtikeldetailsMarke: M\xc3\xb6venpickUrsprungsland: DeutschlandSorte: CappuccinoKontaktKontaktname: Privatmolkerei BauerKontaktadresse: 83512 WasserburgMaximale Bestellmenge: 15 St\xc3\xbcckF\xc3\xbcr die vorstehenden Angaben wird keine Haftung \xc3\xbcbernommen. Bitte pr\xc3\xbcfen Sie im Einzelfall die Angaben auf der jeweiligen Produktverpackung, nur diese sind verbindlich.Das Produktdesign kann von der Abbildung abweichen.'",Grenzhöfer Weg 29,Rewe,Kühlung,2023-07-09,"Gültig ab morgen bis Samstag, 15.07.2023"
Mövenpick Caffè Macchiato,https://img.rewe-static.de/REWE28_2023/2807955/969690-46_digital-image.png?impolicy=s-offers&imwidth=200&output-format=image/webp,,https://shop.rewe.de/productList?search=2832136,,"koffeinhaltig , je 190-ml-Becher , (1 l = 4.68)",Aktion,"0,89 €","b'ProduktbeschreibungArtikelnummer 2807955F\xc3\xbcr alle, die es gerne mild und cremig m\xc3\xb6gen, ist unser ""Iced Coffee Macchiato"" genau das Richtige. Hier treffen feinste Hochland-Arabica-Bohnen auf Robusta-Bohnen und einen Schuss Vollmilch und kreieren so einen einzigartigen runden und harmonischen Milchkaffee.Zutaten & AllergeneZutaten: 79 % VOLLMILCH, 16% Kaffee (fl\xc3\xbcssiger Kaffee-Extrakt, Wasser), Zucker, Verdickungsmittel: Carrageen. Koffeingehalt: ca. 34 mg/100 mlAllergenhinweise: Enth\xc3\xa4lt: Milch und Milcherzeugnisse (einschlie\xc3\x9flich Lactose).N\xc3\xa4hrwerteDurchschnittliche N\xc3\xa4hrwerteUnzubereitet pro 100 gEnergie351 kJEnergie82 kcalFett3,7 gFett, davon ges\xc3\xa4ttigte Fetts\xc3\xa4uren2,6 gKohlenhydrate9,2 gKohlenhydrate, davon Zucker8,8 gEiwei\xc3\x9f3,4 gSalz0,1 gHinweiseAufbewahrungs- und Verwendungshinweis: Bei +8\xc2\xb0C mindestens haltbar bis: siehe DeckelArtikeldetailsMarke: M\xc3\xb6venpickUrsprungsland: DeutschlandSorte: MacchiatoKontaktKontaktname: Privatmolkerei BauerKontaktadresse: 83512 Wasserburg/InnMaximale Bestellmenge: 15 St\xc3\xbcckF\xc3\xbcr die vorstehenden Angaben wird keine Haftung \xc3\xbcbernommen. Bitte pr\xc3\xbcfen Sie im Einzelfall die Angaben auf der jeweiligen Produktverpackung, nur diese sind verbindlich.Das Produktdesign kann von der Abbildung abweichen.'",Grenzhöfer Weg 29,Rewe,Kühlung,2023-07-09,"Gültig ab morgen bis Samstag, 15.07.2023"
Weihenstephan Butter oder die Streichzarte,https://img.rewe-static.de/REWE28_2023/5005051/24074982-44_digital-image.png?impolicy=s-offers&imwidth=200&output-format=image/webp,,https://shop.rewe.de/productList?search=2832136,,"versch. Sorten , je 250-g-Pckg , (1 kg = 6.36)",Aktion,"1,59 €","b'ProduktbeschreibungArtikelnummer 5005051Zutaten & AllergeneAllergenhinweise: Enth\xc3\xa4lt: Milch und Milcherzeugnisse (einschlie\xc3\x9flich Lactose).N\xc3\xa4hrwerteDurchschnittliche N\xc3\xa4hrwerteUnzubereitet pro 100 gEnergie3.074 kJEnergie747 kcalFett82 gFett, davon ges\xc3\xa4ttigte Fetts\xc3\xa4uren55 gKohlenhydrate1 gKohlenhydrate, davon Zucker1 gEiwei\xc3\x9f0,6 gSalz0,04 gHinweiseAufbewahrungs- und Verwendungshinweis: Bei maximal +8 \xc2\xb0C mindestens haltbar bis: siehe Verpackungsaufdruck.ArtikeldetailsMarke: WeihenstephanUrsprungsland: DeutschlandKontaktKontaktname: Molkerei Weihenstephan GmbH & Co. KGKontaktadresse: Milchstr. 1, D-85354 FreisingMaximale Bestellmenge: 15 St\xc3\xbcckF\xc3\xbcr die vorstehenden Angaben wird keine Haftung \xc3\xbcbernommen. Bitte pr\xc3\xbcfen Sie im Einzelfall die Angaben auf der jeweiligen Produktverpackung, nur diese sind verbindlich.Das Produktdesign kann von der Abbildung abweichen.'",Grenzhöfer Weg 29,Rewe,Kühlung,2023-07-09,"Gültig ab morgen bis Samstag, 15.07.2023"
Brunch Brotaufstrich,https://img.rewe-static.de/REWE28_2023/8864032/37520400-10_digital-image.png?impolicy=s-offers&imwidth=200&output-format=image/webp,,https://shop.rewe.de/productList?search=2832136,,"versch. Sorten , je 185-g-Becher , (1 kg = 6.43)",Aktion,"1,19 €","b'ProduktbeschreibungArtikelnummer 8864032Brunch Natur. Genuss durch den unverwechselbaren Geschmack und die besonders cremige Textur. Ideal nicht nur zum Streichen sondern auch zum Kochen, Dippen und Backen.\nHergestellt mit Milch aus der Bodensee - Region.Zutaten & AllergeneZutaten: 66% RAHM, 28% MAGERMILCHJOGHURT, MILCHEIWEI\xc3\x9f, St\xc3\xa4rke, Speisesalz, Verdickungsmittel: Agar-Agar, Pektin.Allergenhinweise: MilchEnth\xc3\xa4lt: Milch und Milcherzeugnisse (einschlie\xc3\x9flich Lactose).N\xc3\xa4hrwerteDurchschnittliche N\xc3\xa4hrwerteUnzubereitet pro 100 gEnergie907 kJEnergie219 kcalFett20 gFett, davon ges\xc3\xa4ttigte Fetts\xc3\xa4uren13 gKohlenhydrate4,5 gKohlenhydrate, davon Zucker3,3 gEiwei\xc3\x9f5,3 gSalz0,7 gHinweiseAufbewahrungs- und Verwendungshinweis: D+A: Bei +2 bis +10\xc2\xb0C mindestens haltbar bis: siehe Verpackungsaufdruck CH: Zu verbrauchen bis: siehe VerpackungsaufdruckArtikeldetailsMarke: BrunchUrsprungsland: DeutschlandKontaktKontaktname: Edelweiss GmbH & Co.KGKontaktadresse: D-87435 KemptenMaximale Bestellmenge: 15 St\xc3\xbcckF\xc3\xbcr die vorstehenden Angaben wird keine Haftung \xc3\xbcbernommen. Bitte pr\xc3\xbcfen Sie im Einzelfall die Angaben auf der jeweiligen Produktverpackung, nur diese sind verbindlich.Das Produktdesign kann von der Abbildung abweichen.'",Grenzhöfer Weg 29,Rewe,Kühlung,2023-07-09,"Gültig ab morgen bis Samstag, 15.07.2023"
Müller Kalinka Kefir oder Ayran,https://img.rewe-static.de/REWE28_2023/2464084/36823096-10_digital-image.png?impolicy=s-offers&imwidth=200&output-format=image/webp,,https://shop.rewe.de/productList?search=2832136,,"je 500-g-Fl , (1 kg = 1.78)",Aktion,"0,89 €","b'ProduktbeschreibungArtikelnummer 2464084Zutaten & AllergeneAllergenhinweise: Enth\xc3\xa4lt: Milch und Milcherzeugnisse (einschlie\xc3\x9flich Lactose).N\xc3\xa4hrwerteDurchschnittliche N\xc3\xa4hrwerteUnzubereitet pro 100 gEnergie193 kJEnergie46 kcalFett1,5 gFett, davon ges\xc3\xa4ttigte Fetts\xc3\xa4uren1 gKohlenhydrate4,1 gKohlenhydrate, davon Zucker4,1 gEiwei\xc3\x9f3,4 gSalz0,12 gRiboflavin0,15 mgCalcium133 mgHinweiseAufbewahrungs- und Verwendungshinweis: Bei unter +8\xc2\xb0C mindestens haltbar bis: siehe Deckelaufdruck.Information: Neben einer abwechslungsreichen und ausgewogenen Ern\xc3\xa4hrung ist eine gesunde Lebensweise f\xc3\xbcr Ihr Wohlbefinden wichtig.ArtikeldetailsMarke: M\xc3\xbcllerUrsprungsland: DeutschlandKontaktKontaktname: Molkerei Alois M\xc3\xbcller GmbH & Co. KGKontaktadresse: Zollerstra\xc3\x9fe 7, DE-86850 AretsriedMaximale Bestellmenge: 15 St\xc3\xbcckF\xc3\xbcr die vorstehenden Angaben wird keine Haftung \xc3\xbcbernommen. Bitte pr\xc3\xbcfen Sie im Einzelfall die Angaben auf der jeweiligen Produktverpackung, nur diese sind verbindlich.Das Produktdesign kann von der Abbildung abweichen.'",Grenzhöfer Weg 29,Rewe,Kühlung,2023-07-09,"Gültig ab morgen bis Samstag, 15.07.2023"
Bertolli Brotaufstrich,https://img.rewe-static.de/REWE28_2023/4942531/3398660-52_digital-image.png?impolicy=s-offers&imwidth=200&output-format=image/webp,,https://shop.rewe.de/productList?search=2832136,,"mit mildem Olivenöl , je 250-g-Becher , (1 kg = 5.56)",Aktion,"1,39 €","b'ProduktbeschreibungArtikelnummer 4942531- Das Gute des Olivenbaums \n- Enth\xc3\xa4lt viele einfach unges\xc3\xa4ttigte Fetts\xc3\xa4uren \n- F\xc3\xbcr eine gesunde, ausgewogene Ern\xc3\xa4hrung. \n- Passt hervorragend zu herzhafen Brotbel\xc3\xa4gen \n- Aber auch zu S\xc3\xbc\xc3\x9fem, wie Marmelade oder Honig \n \nDas \xe2\x80\x9eGute des Olivenbaums\xe2\x80\x9c t\xc3\xa4glich aufs Brot! \nDer BERTOLLI Brotaufstrich enth\xc3\xa4lt viele einfach unges\xc3\xa4ttigte Fetts\xc3\xa4uren, die einen wichtigen Bestandteil der traditionellen mediterranen Ern\xc3\xa4hrung darstellen. \nDer BERTOLLI Brotaufstrich tr\xc3\xa4gt somit dem Trend nach einer gesunden und ausgewogenen Ern\xc3\xa4hrung Rechnung. \nEr passt hervorragend sowohl zu herzhaften Brotbel\xc3\xa4gen als auch zu S\xc3\xbc\xc3\x9fem, wie Marmelade oder Honig. Zu den beliebtesten Brotsorten geh\xc3\xb6ren Focaccia, Tramezzino, Ciabatta und Bruschetta. Die mediterranen Brotspezialit\xc3\xa4ten werden oft zusammen mit Tomaten, Oliven und anderen Leckereien als kleiner Imbiss f\xc3\xbcr zwischendurch gereicht. \nDie K\xc3\xbcche Italiens geh\xc3\xb6rt zu den bekanntesten und beliebtesten K\xc3\xbcchen der Welt. Vollkommen zu Recht, denn sie besticht durch ihre frischen Zutaten, ihren Abwechslungsreichtum und gilt zudem als gesund. Hier finden Sie typisch italienische K\xc3\xb6stlichkeiten, mit denen Sie sich \xe2\x80\x9ela Dolce Vita\xe2\x80\x9c in Ihr eigenes Zuhause holen k\xc3\xb6nnen. \n \nBERTOLLI Brotaufstrich ist in 250g und 500g Packungen erh\xc3\xa4ltlich.... mehr anzeigenDas Gute des OlivenbaumsZutaten & AllergeneZutaten: Trinkwasser, pflanzliche \xc3\x96le und Fette (Raps, Palm, Palm ganz geh\xc3\xa4rtet), 7,5% Oliven\xc3\xb6l, BUTTERMILCH, modifizierte St\xc3\xa4rke, Speisesalz (0,4%), Emulgatoren (Mono- und Diglyceride von Speisefetts\xc3\xa4uren, Lecithine), Konservierungsstoff (Kaliumsorbat), S\xc3\xa4uerungsmittel (Citronens\xc3\xa4ure), Aroma, Vitamine (A, D), Farbstoff (Carotin).Allergenhinweise: Enth\xc3\xa4lt: Milch und Milcherzeugnisse (einschlie\xc3\x9flich Lactose).N\xc3\xa4hrwerteDurchschnittliche N\xc3\xa4hrwerteUnzubereitet pro 100 gEnergie1.445 kJEnergie339 kcalFett38 gFett, davon ges\xc3\xa4ttigte Fetts\xc3\xa4uren9 gKohlenhydrate1,7 gKohlenhydrate, davon Zucker< 0,5 gEiwei\xc3\x9f< 0,5 gSalz0,4 gVitamin A800 \xc2\xb5gVitamin D7,5 \xc2\xb5gHinweiseAufbewahrungs- und Verwendungshinweis: Beste Lagerung zwischen +2\xc2\xb0C und +15\xc2\xb0CArtikeldetailsMarke: BertolliUrsprungsland: NiederlandePackungsgr\xc3\xb6\xc3\x9fe: 250gKontaktKontaktname: Upfield Deutschland GmbHKontaktadresse: Valentinskamp 88-90, 20355 HamburgMaximale Bestellmenge: 15 St\xc3\xbcckF\xc3\xbcr die vorstehenden Angaben wird keine Haftung \xc3\xbcbernommen. Bitte pr\xc3\xbcfen Sie im Einzelfall die Angaben auf der jeweiligen Produktverpackung, nur diese sind verbindlich.Das Produktdesign kann von der Abbildung abweichen.'",Grenzhöfer Weg 29,Rewe,Kühlung,2023-07-09,"Gültig ab morgen bis Samstag, 15.07.2023"
Dr. Oetker Sahne Pudding oder Rote Grütze,https://img.rewe-static.de/REWE28_2023/5905362/30785463-12_digital-image.png?impolicy=s-offers&imwidth=200&output-format=image/webp,,https://shop.rewe.de/productList?search=2832136,,"je 500-g-Becher , (1 kg = 3.98)",Aktion,"1,99 €","b'ProduktbeschreibungArtikelnummer 5905362Unser Dr. Oetker L\xc3\xb6ffelgl\xc3\xbcck Sahne Pudding Vollmilch-Schokolade ist ein beliebter Klassiker aus vollmundiger Sahne und echter Vollmilch-Schokolade. Seine sahnig-cremige Konsistenz und sein nat\xc3\xbcrlicher, schokoladiger Geschmack machen ihn zum Lieblingsdessert, welches perfekt zu Fr\xc3\xbcchten und Vanille-So\xc3\x9fe kombiniert oder einfach pur genossen werden kann. Mit dem L\xc3\xb6ffelgl\xc3\xbcck Sahne Pudding Vollmilch-Schokolade schenkst du dir oder deinen Liebsten einen Moment voll Genuss und ein Gef\xc3\xbchl von Zuhause und Geborgenheit. Der Dr. Oetker L\xc3\xb6ffelgl\xc3\xbcck Sahne Pudding Vollmilch-Schokolade im 500g Becher aus dem K\xc3\xbchlregal ist ideal f\xc3\xbcr den gro\xc3\x9fen Genussmoment und zum Teilen. Es gibt ihn auch im praktischen 200g Becher f\xc3\xbcr zwischendurch oder als Nachtisch.Zutaten & AllergeneZutaten: 85% SAHNE, Zucker, modifizierte St\xc3\xa4rke (Mais), 2,2% fettarmer Kakao, 1,5% VOLLMILCHSCHOKOLADE (Zucker, Kakaobutter, VOLLMILCHPULVER, Kakaomasse, MAGERMILCHPULVER, Emulgator (SOJALECITHINE), Aroma), Maisst\xc3\xa4rke, Verdickungsmittel (Carrageen).Allergenhinweise: Enth\xc3\xa4lt: Soja und Sojaerzeugnisse. Milch und Milcherzeugnisse (einschlie\xc3\x9flich Lactose).N\xc3\xa4hrwerteDurchschnittliche N\xc3\xa4hrwerteUnzubereitet pro 100 gEnergie671 kJEnergie161 kcalFett9,3 gFett, davon ges\xc3\xa4ttigte Fetts\xc3\xa4uren5,9 gKohlenhydrate15 gKohlenhydrate, davon Zucker13 gEiwei\xc3\x9f3,3 gSalz0,11 gHinweiseAufbewahrungs- und Verwendungshinweis: Nach dem \xc3\x96ffnen z\xc3\xbcgig genie\xc3\x9fen. Bei +8 \xc2\xb0C lagern.ArtikeldetailsMarke: Dr. OetkerUrsprungsland: DeutschlandSorte: Vollmilch-SchokoKontaktKontaktname: DR. AUGUST OETKER NAHRUNGSMITTEL KGKontaktadresse: 33547 BielefeldMaximale Bestellmenge: 15 St\xc3\xbcckF\xc3\xbcr die vorstehenden Angaben wird keine Haftung \xc3\xbcbernommen. Bitte pr\xc3\xbcfen Sie im Einzelfall die Angaben auf der jeweiligen Produktverpackung, nur diese sind verbindlich.Das Produktdesign kann von der Abbildung abweichen.'",Grenzhöfer Weg 29,Rewe,Kühlung,2023-07-09,"Gültig ab morgen bis Samstag, 15.07.2023"
Followfish Kabeljau Filets,https://img.rewe-static.de/REWE28_2023/3015656/25731044-16_digital-image.png?impolicy=s-offers&imwidth=200&output-format=image/webp,,https://shop.rewe.de/productList?search=2832136,,"portioniert, tiefgefroren , je 400-g-Btl , (1 kg = 14.98)",Aktion,"5,99 €","b'ProduktbeschreibungArtikelnummer 3015656MSC Kabeljau Filets, 3-6 Kabeljau Filetportionen, ohne Haut, praktisch gr\xc3\xa4tenfrei, tiefgek\xc3\xbchlt mit Wasserschutzglasur.Zutaten & AllergeneAllergenhinweise: Enth\xc3\xa4lt:N\xc3\xa4hrwerteDurchschnittliche N\xc3\xa4hrwerteUnzubereitet pro 100 gEnergie341 kJEnergie80 kcalFett0,7 gFett, davon ges\xc3\xa4ttigte Fetts\xc3\xa4uren0,2 gKohlenhydrate< 1 gKohlenhydrate, davon Zucker< 0,6 gEiwei\xc3\x9f19 gSalz0,23 gHinweiseAufbewahrungs- und Verwendungshinweis: Haltbarkeit/Aufbewahrung im Haushalt:Im K\xc3\xbchlschrank 24 Stunden*-Fach oder Eisw\xc3\xbcrfelfach (-6\xc2\xb0C) 3 Tage**-Fach (-12\xc2\xb0C) 3 Wochen***-Fach oder Tiefk\xc3\xbchltruhe bei -18\xc2\xb0C mindestens haltbar bis: siehe EindruckfeldNach dem Auftauen nicht wieder einfrieren!ArtikeldetailsMarke: FollowfishUrsprungsland: LitauenKontaktKontaktname: followfood GmbHKontaktadresse: Metzstra\xc3\x9fe 2, 88045 FriedrichshafenMaximale Bestellmenge: 15 St\xc3\xbcckF\xc3\xbcr die vorstehenden Angaben wird keine Haftung \xc3\xbcbernommen. Bitte pr\xc3\xbcfen Sie im Einzelfall die Angaben auf der jeweiligen Produktverpackung, nur diese sind verbindlich.Das Produktdesign kann von der Abbildung abweichen.'",Grenzhöfer Weg 29,Rewe,Tiefkühl,2023-07-09,"Gültig ab morgen bis Samstag, 15.07.2023"
Coppenrath & Wiese Unsere Goldstücke 9 Baguette-Brötchen,https://img.rewe-static.de/REWE28_2023/2666537/3406600-62_digital-image.png?impolicy=s-offers&imwidth=200&output-format=image/webp,,https://shop.rewe.de/productList?search=2832136,,"tiefgefroren , je 540-g-Btl , (1 kg = 2.57)",Aktion,"1,39 €","b'ProduktbeschreibungArtikelnummer 2666537Fertig gebacken. Zutaten & AllergeneZutaten: WEIZENMEHL, Wasser, jodiertes Speisesalz (Speisesalz, Kaliumjodat), Hefe. Kann m\xc3\xb6glicherweise Spuren von Sesam enthalten.Allergenhinweise: Enth\xc3\xa4lt: Glutenhaltiges Getreide und glutenhaltige Getreideerzeugnisse. Weizen und Weizenerzeugnisse (glutenhaltiges Getreide). Kann enthalten: Sesamsamen und Sesamsamenerzeugnisse.N\xc3\xa4hrwerteDurchschnittliche N\xc3\xa4hrwerteUnzubereitet pro 100 gEnergie1.092 kJEnergie258 kcalFett1 gFett, davon ges\xc3\xa4ttigte Fetts\xc3\xa4uren0,4 gKohlenhydrate53 gKohlenhydrate, davon Zucker1,4 gEiwei\xc3\x9f8,4 gSalz1,5 gHinweiseAufbewahrungs- und Verwendungshinweis: ***-Fach bei -18 \xc2\xb0C: siehe Mindesthaltbarkeitsdatum, **-Fach: 2 Wochen, *-Fach:3 Tage, 2 Tage im K\xc3\xbchlschrank. Nach dem Auftauen nicht wieder einfrieren.ArtikeldetailsMarke: Conditorei Coppenrath & WieseEigenschaften: LaktosefreiUrsprungsland: DeutschlandSorte: Baguettebr\xc3\xb6tchenKontaktKontaktname: Conditorei Coppenrath & Wiese KGKontaktadresse: Hansastra\xc3\x9fe 10 D-49497 MettingenMaximale Bestellmenge: 15 St\xc3\xbcckF\xc3\xbcr die vorstehenden Angaben wird keine Haftung \xc3\xbcbernommen. Bitte pr\xc3\xbcfen Sie im Einzelfall die Angaben auf der jeweiligen Produktverpackung, nur diese sind verbindlich.Das Produktdesign kann von der Abbildung abweichen.'",Grenzhöfer Weg 29,Rewe,Tiefkühl,2023-07-09,"Gültig ab morgen bis Samstag, 15.07.2023"
Coppenrath & Wiese Unsere Goldstücke 9 Weizenbrötchen,https://img.rewe-static.de/REWE28_2023/1234722/23887647-25_digital-image.png?impolicy=s-offers&imwidth=200&output-format=image/webp,,https://shop.rewe.de/productList?search=2832136,,"tiefgefroren , je 450-g-Btl , (1 kg = 3.09)",Aktion,"1,39 €","b'ProduktbeschreibungArtikelnummer 1234722K\xc3\xb6stlich duftende Br\xc3\xb6tchen aus dem Ofen \nEgal ob Fr\xc3\xbchst\xc3\xbccks-Brunch oder spontaner Kaffeeplausch: Mit Unseren Tiefk\xc3\xbchlprodukten sind Sie auch f\xc3\xbcr Ungeplantes bestens ger\xc3\xbcstet. Mit tiefgek\xc3\xbchltem Obst, Aufbackwaren und fertigen Desserts treffen Sie jeden Geschmack. \n\nDie wichtigsten Informationen zu Conditorei Coppenrath & Wiese Unsere Goldst\xc3\xbccke Weizenbr\xc3\xb6tchen 450g, 9 St\xc3\xbcck\n\nFertig gebacken \nDie Br\xc3\xb6tchen des Herstellers Conditorei Coppenrath & Wiese sind in der Tiefk\xc3\xbchlverpackung zu 9 St\xc3\xbcck verf\xc3\xbcgbar. Besonders praktisch: Entnehmen Sie einfach so viele der Br\xc3\xb6tchen wie Sie ben\xc3\xb6tigen und heben Sie die \xc3\x9cbrigen in der Tiefk\xc3\xbchlverpackung f\xc3\xbcr die n\xc3\xa4chste Gelegenheit auf. \nSchnell und bequem Tiefk\xc3\xbchlkost online bestellen \nDamit Sie f\xc3\xbcr jeden Anlass gut ger\xc3\xbcstet sind, bestellen Sie einfach Ihre haltbaren Lieblingsprodukte beim REWE Lieferservice \xe2\x80\x93 wir liefern direkt bis zur Wohnungst\xc3\xbcr.... mehr anzeigenZutaten & AllergeneZutaten: WEIZENMEHL, Wasser, GERSTENMALZMEHL, jodiertes Speisesalz (Speisesalz, Kaliumjodat), Hefe, Zucker, pflanzliches \xc3\x96l (Raps). Kann m\xc3\xb6glicherweise Spuren von Sesam enthalten.Allergenhinweise: Enth\xc3\xa4lt: Glutenhaltiges Getreide und glutenhaltige Getreideerzeugnisse. Weizen und Weizenerzeugnisse (glutenhaltiges Getreide). Kann enthalten: Sesamsamen und Sesamsamenerzeugnisse.N\xc3\xa4hrwerteDurchschnittliche N\xc3\xa4hrwerteUnzubereitet pro 100 gEnergie1.148 kJEnergie270 kcalFett2,1 gFett, davon ges\xc3\xa4ttigte Fetts\xc3\xa4uren0,5 gKohlenhydrate52 gKohlenhydrate, davon Zucker1,1 gEiwei\xc3\x9f9,1 gSalz1,8 gHinweiseAufbewahrungs- und Verwendungshinweis: ***-Fach bei -18 \xc2\xb0C: siehe Mindesthaltbarkeitsdatum, **-Fach: 2 Wochen, *-Fach:3 Tage, 2 Tage im K\xc3\xbchlschrank. Nach dem Auftauen nicht wieder einfrieren.ArtikeldetailsMarke: Conditorei Coppenrath & WieseEigenschaften: LaktosefreiUrsprungsland: DeutschlandSorte: Weizenbr\xc3\xb6tchenKontaktKontaktname: Conditorei Coppenrath & Wiese KGKontaktadresse: Hansastra\xc3\x9fe 10 D-49497 MettingenMaximale Bestellmenge: 15 St\xc3\xbcckF\xc3\xbcr die vorstehenden Angaben wird keine Haftung \xc3\xbcbernommen. Bitte pr\xc3\xbcfen Sie im Einzelfall die Angaben auf der jeweiligen Produktverpackung, nur diese sind verbindlich.Das Produktdesign kann von der Abbildung abweichen.'",Grenzhöfer Weg 29,Rewe,Tiefkühl,2023-07-09,"Gültig ab morgen bis Samstag, 15.07.2023"
Frosta Gemüse Bowl,https://img.rewe-static.de/REWE28_2023/8771582/36247078-23_digital-image.png?impolicy=s-offers&imwidth=200&output-format=image/webp,,https://shop.rewe.de/productList?search=2832136,,"tiefgefroren , je 480-g-Pckg , (1 kg = 4.63)",Aktion,"2,22 €","b'ProduktbeschreibungArtikelnummer 8771582Zutaten & AllergeneZutaten: Spinat (25%), K\xc3\xbcrbis (25%), Blumenkohl (f\xc3\xbcr AT: Karfiol), gegarte Linsen (10%) (Wasser, Linsen), Kokosnussmilch (Kokosnuss, Wasser), Wasser, kandierter Ingwer (Ingwer, Wasser, Zucker), Salz, Curry (Bockshornkleesamen, Kurkuma, Koriander, Kreuzk\xc3\xbcmmel, Fenchel, Cayennepfeffer), Knoblauch, Reisst\xc3\xa4rke  Wir verarbeiten bei uns noch viele weitere Produkte. Daher k\xc3\xb6nnte dieses Produkt Spuren von Weizen, Gerste, Roggen, Hafer, Krustentieren, Eiern, Fisch, Soja, Milch, Sellerie, Senf und Weichtieren enthalten.Allergenhinweise: Enth\xc3\xa4lt: Keine deklarationspflichtigen Allergene enthalten.N\xc3\xa4hrwerteDurchschnittliche N\xc3\xa4hrwerteUnzubereitet pro 100 gEnergie286 kJEnergie68 kcalFett2,2 gFett, davon ges\xc3\xa4ttigte Fetts\xc3\xa4uren1,7 gKohlenhydrate7,7 gKohlenhydrate, davon Zucker4,7 gBallaststoffe2,4 gEiwei\xc3\x9f3,2 gSalz0,8 gHinweiseAufbewahrungs- und Verwendungshinweis: **-Fach (-12\xc2\xb0C): 3 Wochen***-Fach (-18\xc2\xb0C): mindestens haltbar bis: siehe AufdruckNach dem Auftauen nicht wieder einfrieren.ArtikeldetailsMarke: FrostaEigenschaften: VeganUrsprungsland: DeutschlandKontaktKontaktname: FRoSTA Tiefk\xc3\xbchlkost GmbHKontaktadresse: Postfach 29 03 64, DE 27533 BremerhavenMaximale Bestellmenge: 15 St\xc3\xbcckF\xc3\xbcr die vorstehenden Angaben wird keine Haftung \xc3\xbcbernommen. Bitte pr\xc3\xbcfen Sie im Einzelfall die Angaben auf der jeweiligen Produktverpackung, nur diese sind verbindlich.Das Produktdesign kann von der Abbildung abweichen.'",Grenzhöfer Weg 29,Rewe,Tiefkühl,2023-07-09,"Gültig ab morgen bis Samstag, 15.07.2023"
Frosta Rahm Geschnetzeltes,https://img.rewe-static.de/REWE28_2023/2475153/24139590-38_digital-image.png?impolicy=s-offers&imwidth=200&output-format=image/webp,,https://shop.rewe.de/productList?search=2832136,,"tiefgefroren , je 375-g-Btl , (1 kg = 5.92)",Aktion,"2,22 €","b'ProduktbeschreibungArtikelnummer 2475153Zutaten & AllergeneZutaten: gegarte Eiersp\xc3\xa4tzle (41%) (Wasser, HARTWEIZENGRIESS, H\xc3\x9cHNEREI, Salz), Champignons, Wasser, marinierte, gegarte H\xc3\xa4hnchenbrust (12%) (H\xc3\xa4hnchenbrust (f\xc3\xbcr AT: H\xc3\xbchnerbrust), Salz, Soja\xc3\xb6l, Dextrose), Erbsen, SAHNE (5%) (f\xc3\xbcr AT: RAHM), Fr\xc3\xbchlingszwiebeln, VOLLMILCH, Salz, Tomatenmark (f\xc3\xbcr AT: 28% zweifach konzentriert), Schnittlauch, Rinderfond (Wasser, konzentrierter Rinderjus, Rindfleisch, Kalbsknochen, Salz, Rinderfett, Karotten, Zwiebeln, Lauch, Knoblauch), Kartoffelst\xc3\xa4rke, BUTTER, Knoblauch, gemahlene Paprika, schwarzer Pfeffer  Wir verarbeiten bei uns noch viele weitere Produkte. Daher k\xc3\xb6nnte dieses Gericht Spuren von Gerste, Roggen, Hafer, Krebstieren, Fisch, Soja, Sellerie, Senf und Weichtieren enthalten.Allergenhinweise: Enth\xc3\xa4lt: Glutenhaltiges Getreide und glutenhaltige Getreideerzeugnisse. Milchzucker (Laktose). Eier und Eierzeugnisse. Weizen und Weizenerzeugnisse (glutenhaltiges Getreide). Milch und Milcherzeugnisse (einschlie\xc3\x9flich Lactose).N\xc3\xa4hrwerteDurchschnittliche N\xc3\xa4hrwerteUnzubereitet pro 100 gEnergie441 kJEnergie105 kcalFett2,6 gFett, davon ges\xc3\xa4ttigte Fetts\xc3\xa4uren1,5 gKohlenhydrate12,9 gKohlenhydrate, davon Zucker1 gBallaststoffe1,5 gEiwei\xc3\x9f6,7 gSalz1,16 gHinweiseAufbewahrungs- und Verwendungshinweis: **-Fach (-12\xc2\xb0C): 3 Wochen***-Fach (-18\xc2\xb0C): mindestens haltbar bis: siehe AufdruckNach dem Auftauen nicht wieder einfrieren.ArtikeldetailsMarke: FrostaUrsprungsland: DeutschlandSorte: Rahm-Geschnetzeltes mitKontaktKontaktname: FRoSTA Tiefk\xc3\xbchlkost GmbHKontaktadresse: Postfach 29 03 64, DE 27533 BremerhavenMaximale Bestellmenge: 15 St\xc3\xbcckF\xc3\xbcr die vorstehenden Angaben wird keine Haftung \xc3\xbcbernommen. Bitte pr\xc3\xbcfen Sie im Einzelfall die Angaben auf der jeweiligen Produktverpackung, nur diese sind verbindlich.Das Produktdesign kann von der Abbildung abweichen.'",Grenzhöfer Weg 29,Rewe,Tiefkühl,2023-07-09,"Gültig ab morgen bis Samstag, 15.07.2023"
Iglo Gemüse-Ideen Italienisch,https://img.rewe-static.de/REWE28_2023/0529482/2971930-72_digital-image.png?impolicy=s-offers&imwidth=200&output-format=image/webp,,https://shop.rewe.de/productList?search=2832136,,"tiefgefroren , je 480-g-Pckg , (1 kg = 4.63)",Aktion,"2,22 €","b'ProduktbeschreibungArtikelnummer 529482Die iglo Gem\xc3\xbcse-Idee Italienisch ist eine knackige Gem\xc3\xbcsemischung, verfeinert mit mediterranen Kr\xc3\xa4utern. Das Gem\xc3\xbcse wird erntefrisch tiefgefroren, damit die vielen wichtigen Vitamine erhalten bleiben. Denn eine zubereitete Portion des italienischen Pfannengem\xc3\xbcses deckt \xc3\xbcber 50% des t\xc3\xa4glichen Vitamin A-Bedarfs. Die Gem\xc3\xbcse-Idee Italienisch l\xc3\xa4sst sich einfach und schnell in der Mikrowelle oder in der Pfanne zubereiten. Au\xc3\x9ferdem enth\xc3\xa4lt das Produkt keine Geschmacksverst\xc3\xa4rker und Farbstoff- und Aromazus\xc3\xa4tze.\n- Verfeinert mit mediterranen Kr\xc3\xa4utern\n- Ohne Zusatz von k\xc3\xbcnstlichen Aromen, Farbstoffen und Geschmacksverst\xc3\xa4rkern\n- Schnelle und einfache Zubereitung\n- Vegan\n- Tiefgefroren... mehr anzeigenZutaten & AllergeneZutaten: Gem\xc3\xbcsemischung (93%) (Brechbohnen, Paprika, Karotten, Zucchini, Zwiebel Brokkoli;in ver\xc3\xa4nderlichen Gewichtsanteilen), pflanzliche Fette und \xc3\x96le (Palmfett***,Kokosnuss\xc3\xb6l,Palmkern\xc3\xb6l***),Kr\xc3\xa4utermischung(roteZwiebel, Petersilie,Basilikum,Knoblauch,Thymian,Oregano),Gem\xc3\xbcsebr\xc3\xbche (Dextrose,Salz,Karotten,Zwiebeln,Lauch,Schalotten,Tomaten,Paprika), Wasser,Zucker,Salz,Gew\xc3\xbcrze.  Dieses Produkt enth\xc3\xa4lt zertifiziertes nachhaltiges Palmfett/ Palmkern\xc3\xb6l.N\xc3\xa4hrwerteDurchschnittliche N\xc3\xa4hrwerteUnzubereitet pro 100 gEnergie233 kJEnergie56 kcalFett2,7 gFett, davon ges\xc3\xa4ttigte Fetts\xc3\xa4uren1,8 gKohlenhydrate4,9 gKohlenhydrate, davon Zucker4,3 gBallaststoffe2,4 gEiwei\xc3\x9f1,8 gSalz0,85 gHinweiseAufbewahrungs- und Verwendungshinweis: Aufbewahrung zu Hause: *** - Fach oder Tiefk\xc3\xbchltruhe (bei minus 18\xc2\xb0 C) mindestens haltbar bis Ende: siehe links, Aufbewahrung zu Hause: ** - Fach 2 Wochen, Aufbewahrung zu Hause: * - Fach 1-3 Tage Information: Nach dem Auftauen nicht wieder einfrieren. Vor Verzehr durcherhitzen.ArtikeldetailsMarke: IgloEigenschaften: Vegan, LaktosefreiUrsprungsland: DeutschlandSorte: ItalienischKontaktKontaktname: iglo GmbHKontaktadresse: Postfach 570 521, 22774 HamburgMaximale Bestellmenge: 15 St\xc3\xbcckF\xc3\xbcr die vorstehenden Angaben wird keine Haftung \xc3\xbcbernommen. Bitte pr\xc3\xbcfen Sie im Einzelfall die Angaben auf der jeweiligen Produktverpackung, nur diese sind verbindlich.Das Produktdesign kann von der Abbildung abweichen.'",Grenzhöfer Weg 29,Rewe,Tiefkühl,2023-07-09,"Gültig ab morgen bis Samstag, 15.07.2023"
Elfer Unsere Besten Pommes Frites,https://img.rewe-static.de/REWE28_2023/2779885/26510239-6_digital-image.png?impolicy=s-offers&imwidth=200&output-format=image/webp,,https://shop.rewe.de/productList?search=2832136,,"tiefgefroren , je 500-g-Pckg , (1 kg = 3.18)",Aktion,"1,59 €","b'ProduktbeschreibungArtikelnummer 2779885Zutaten & AllergeneZutaten: Kartoffeln 91%, pflanzliche \xc3\x96le (Sonnenblume, Raps) in ver\xc3\xa4nderlichen Gewichtsanteilen.N\xc3\xa4hrwerteDurchschnittliche N\xc3\xa4hrwerteUnzubereitet pro 100 gEnergie987 kJEnergie235 kcalFett9 gFett, davon ges\xc3\xa4ttigte Fetts\xc3\xa4uren0,9 gKohlenhydrate33 gKohlenhydrate, davon Zucker0,4 gBallaststoffe2,7 gEiwei\xc3\x9f4,2 gSalz0,2 gHinweiseAufbewahrungs- und Verwendungshinweis: Aufbewahrung: ***Fach(-18\xc2\xb0C) siehe Datierung, **Fach(-12\xc2\xb0C) 14 Tage, *Fach(-6\xc2\xb0C) 2 TageInformation: Nach dem Auftauen nicht wieder einfrieren!ArtikeldetailsUrsprungsland: \xc3\x96sterreichKontaktKontaktname: 11er Nahrungsmittel GmbHKontaktadresse: Galinastrasse 34, 6820 Frastanz, AustriaMaximale Bestellmenge: 15 St\xc3\xbcckF\xc3\xbcr die vorstehenden Angaben wird keine Haftung \xc3\xbcbernommen. Bitte pr\xc3\xbcfen Sie im Einzelfall die Angaben auf der jeweiligen Produktverpackung, nur diese sind verbindlich.Das Produktdesign kann von der Abbildung abweichen.'",Grenzhöfer Weg 29,Rewe,Tiefkühl,2023-07-09,"Gültig ab morgen bis Samstag, 15.07.2023"
Block House American Burger,https://img.rewe-static.de/REWE28_2023/0560931/28787638-13_digital-image.png?impolicy=s-offers&imwidth=200&output-format=image/webp,,https://shop.rewe.de/productList?search=2832136,,"tiefgefroren , je 4 x 125-g-Pckg , (1 kg = 11.98)",Aktion,"5,99 €","b'ProduktbeschreibungArtikelnummer 560931Bestes Rindfleisch f\xc3\xbcr perfekte Burger, tiefgefroren. Zutaten & AllergeneZutaten: Rindfleisch (98%), Salz, Gew\xc3\xbcrzeAllergenhinweise: Enth\xc3\xa4lt: Keine deklarationspflichtigen Allergene enthalten.N\xc3\xa4hrwerteDurchschnittliche N\xc3\xa4hrwerteUnzubereitet pro 100 gEnergie1.101 kJEnergie265 kcalFett21,9 gFett, davon ges\xc3\xa4ttigte Fetts\xc3\xa4uren9,5 gKohlenhydrate0 gKohlenhydrate, davon Zucker0 gEiwei\xc3\x9f17,2 gSalz0,9 gHinweiseAufbewahrungs- und Verwendungshinweis: Tiefgek\xc3\xbchlt bei -18 \xc2\xb0C aufbewahren. Ware nach dem \xc3\x96ffnen innerhalb von einem Tag verbrauchen.Information: Ware nach dem \xc3\x96ffnen innerhalb von einem Tag verbrauchen. Nicht wieder einfrieren! Vor dem Verzehr vollst\xc3\xa4ndig durchgaren. Nicht zum Rohverzehr geeignet.ArtikeldetailsMarke: Block HouseUrsprungsland: DeutschlandKontaktKontaktname: Block HouseKontaktadresse: Lademannbogen 127, 22339 HamburgF\xc3\xbcr die vorstehenden Angaben wird keine Haftung \xc3\xbcbernommen. Bitte pr\xc3\xbcfen Sie im Einzelfall die Angaben auf der jeweiligen Produktverpackung, nur diese sind verbindlich.Das Produktdesign kann von der Abbildung abweichen.'",Grenzhöfer Weg 29,Rewe,Tiefkühl,2023-07-09,"Gültig ab morgen bis Samstag, 15.07.2023"
Langnese Viennetta Vanille,https://img.rewe-static.de/REWE28_2023/3804534/12236500-60_digital-image.png?impolicy=s-offers&imwidth=200&output-format=image/webp,,https://shop.rewe.de/productList?search=2832136,,"je 650-ml-Pckg , (1 l = 2.29)",Aktion,"1,49 €","b'ProduktbeschreibungArtikelnummer 3804534- Cremiges Vanilleeis durchzogen von hauchd\xc3\xbcnnen Knusperschichten \n - Unwiderstehlich knackig \n - Raffinierte Eiswelle \n - Einfach wiederverschlie\xc3\x9fbare Verpackung \n - Das perfekte Dessert f\xc3\xbcr gesellige Runden \n \n Ein wahrer Klassiker. Cremiges Vanilleeis durchzogen von hauchd\xc3\xbcnnen Knusperschichten. \n \n Knusper, knusper, Knusperspa\xc3\x9f \xe2\x80\x93 das ist Viennetta: Die beliebte Eiswelle mit der raffinierten Kombination aus cremigem Eis und unverwechselbar knackigen Knusperschichten. \n \n Anfang der 80er-Jahre hatte der Engl\xc3\xa4nder Kevin Hillman, Produkt-Manager bei Wall\xe2\x80\x99s (der britischen Schwester von Langnese) die Idee f\xc3\xbcr das feine Dessert. Er schenkte seiner Frau zu Weihnachten ein Kochbuch, bl\xc3\xa4tterte dann selbst darin und fand das Bild eines franz\xc3\xb6sischen Schichtenkuchens, Millefeuille genannt. Da kam ihm die Idee, dass dies auch mit Eis machbar sein k\xc3\xb6nnte. Statt Teig, Creme und Marmelade verwendete er Eis, das er mit hauchd\xc3\xbcnnen Knusperschichten durchzog. \n Seither geh\xc3\xb6rt Viennetta - das perfekte Eisdessert mit den unverwechselbaren knackigen Schichten \xe2\x80\x93 einfach dazu: zur geselligen Runde mit Freunden ebenso wie zu einem k\xc3\xb6stlichen Essen im Kreise der Familie. Die raffinierte Komposition aus cremigem Eis und knackigen Knusperschichten darf in diesen Momenten einfach nicht fehlen. \n \n Wussten Sie schon? \n - Obwohl Eis gerne mit Sonne und S\xc3\xbcden assoziiert wird, findet man dort keineswegs den h\xc3\xb6chsten j\xc3\xa4hrlichen Verbrauch bezogen auf die Einwohnerzahl. Vielmehr essen die Skandinavier das meiste Eis: Schweden f\xc3\xbchrt mit 12 l pro Kopf und Jahr die europ\xc3\xa4ische Liga an. Deutschland liegt mit rund 8 l pro Kopf in der Mitte der Rangliste, in Italien, dem \xe2\x80\x9eklassischen Eis-Land\xe2\x80\x9c, werden gut 9 l verspeist. \n - F\xc3\xbcr die Herstellung von Eis werden die Grundstoffe Milch, Pflanzen- oder Butterfett und Zucker verwendet. Zutaten wie Fr\xc3\xbcchte, N\xc3\xbcsse, Kakao, Karamell, Schokolade oder Nougat definieren und verfeinern die Geschmacksrichtungen. \n - Von wegen Kalorienbombe: Eine Portion der meisten Eisprodukte enth\xc3\xa4lt weniger Fett als die Mehrzahl der Schokoriegel. Und ein Magnum Classic enth\xc3\xa4lt etwa die gleiche Menge Zucker wie ein 150-g-Becher Fruchtjoghurt.... mehr anzeigenCremig, knackig, kultig - das neue Viennetta, jetzt noch knuspriger. Cremiges Vanilleeis durchzogen von Knusperschichten.Zutaten & AllergeneZutaten: entrahmte MILCH, Kokosfett, Glukose-Fruktose-Sirup, Zucker, Wasser, Glukosesirup, fettarmes Kakaopulver, MOLKENERZEUGNIS, Emulgatoren (Mono- und Diglyceride von Speisefetts\xc3\xa4uren, Ammoniumphosphatide), Stabilisatoren (Johannisbrotkernmehl, Guarkernmehl, Tarakernmehl, Carrageen), Aroma. Kann Soja enthalten.Allergenhinweise: Enth\xc3\xa4lt: Milch und Milcherzeugnisse (einschlie\xc3\x9flich Lactose). Kann enthalten: Soja und Sojaerzeugnisse.N\xc3\xa4hrwerteDurchschnittliche N\xc3\xa4hrwerteUnzubereitet pro 100 mlEnergie487 kJEnergie117 kcalFett6,6 gFett, davon ges\xc3\xa4ttigte Fetts\xc3\xa4uren5,8 gKohlenhydrate13 gKohlenhydrate, davon Zucker9,6 gBallaststoffe< 0,5 gEiwei\xc3\x9f1 gSalz0,04 gHinweiseAufbewahrungs- und Verwendungshinweis: Bei -18\xc2\xb0C mindestens haltbar bis Ende: siehe PackungsaufdruckArtikeldetailsMarke: LangneseUrsprungsland: DeutschlandKontaktKontaktname: Unilever DeutschlandKontaktadresse: Postfach 570 385, 22772 HamburgMaximale Bestellmenge: 15 St\xc3\xbcckF\xc3\xbcr die vorstehenden Angaben wird keine Haftung \xc3\xbcbernommen. Bitte pr\xc3\xbcfen Sie im Einzelfall die Angaben auf der jeweiligen Produktverpackung, nur diese sind verbindlich.Das Produktdesign kann von der Abbildung abweichen.'",Grenzhöfer Weg 29,Rewe,Tiefkühl,2023-07-09,"Gültig ab morgen bis Samstag, 15.07.2023"
Block House Block Burger,https://img.rewe-static.de/REWE28_2023/0560932/23016939-15_digital-image.png?impolicy=s-offers&imwidth=200&output-format=image/webp,,https://shop.rewe.de/productList?search=2832136,,"tiefgefroren , je 2 x 200-g-Pckg , (1 kg = 14.98)",Aktion,"5,99 €","b'ProduktbeschreibungArtikelnummer 560932Bestes Rindfleisch aus der Block House Fleischerei. Zutaten & AllergeneZutaten: Rindfleisch (98%), Salz, Gew\xc3\xbcrze.Allergenhinweise: Enth\xc3\xa4lt: Keine deklarationspflichtigen Allergene enthalten.N\xc3\xa4hrwerteDurchschnittliche N\xc3\xa4hrwerteUnzubereitet pro 100 gEnergie1.101 kJEnergie265 kcalFett21,9 gFett, davon ges\xc3\xa4ttigte Fetts\xc3\xa4uren9,5 gKohlenhydrate0 gKohlenhydrate, davon Zucker0 gEiwei\xc3\x9f17,2 gSalz0,9 gHinweiseAufbewahrungs- und Verwendungshinweis: Tiefgek\xc3\xbchlt bei -18 \xc2\xb0C aufbewahren.Information: Ware nach dem \xc3\x96ffnen innerhalb von einem Tag verbrauchen. Nicht wieder einfrieren! Vor dem Verzehr vollst\xc3\xa4ndig durchgaren. Nicht zum Rohverzehr geeignet.ArtikeldetailsMarke: Block HouseUrsprungsland: DeutschlandKontaktKontaktname: Block HouseKontaktadresse: Lademannbogen 127, 22339 HamburgMaximale Bestellmenge: 15 St\xc3\xbcckF\xc3\xbcr die vorstehenden Angaben wird keine Haftung \xc3\xbcbernommen. Bitte pr\xc3\xbcfen Sie im Einzelfall die Angaben auf der jeweiligen Produktverpackung, nur diese sind verbindlich.Das Produktdesign kann von der Abbildung abweichen.'",Grenzhöfer Weg 29,Rewe,Tiefkühl,2023-07-09,"Gültig ab morgen bis Samstag, 15.07.2023"
Dr. Oetker Ristorante Pizza Salame,https://img.rewe-static.de/REWE28_2023/8704774/34878457-20_digital-image.png?impolicy=s-offers&imwidth=200&output-format=image/webp,,https://shop.rewe.de/productList?search=2832136,,"tiefgefroren , je 320-g-Pckg , (1 kg = 6.22)",Knaller,"1,99 €","b'ProduktbeschreibungArtikelnummer 8704774Dr. Oetker Ristorante Pizza Salame ist belegt mit sonnengereiften Tomaten, K\xc3\xa4se, herzhafter Salami, ausgesuchten Kr\xc3\xa4utern und Gew\xc3\xbcrzen.Zubereitung:Bis zur Zubereitung gefroren aufbewahren.Backofen vorheizen: Ober-/Unterhitze: 220\xc2\xb0C, Hei\xc3\x9fluft: 200\xc2\xb0C, Gas: 4Folie entfernen, Pizza auf den Rost legen und auf mittlerer Einschubleiste 10-12 Minuten backen.Stelle sicher, dass das Produkt vor dem Verzehr vollst\xc3\xa4ndig durcherhitzt ist. Man kann die ""Ristorante Pizza Salame"" genie\xc3\x9fen, sobald der K\xc3\xa4se geschmolzen ist.Zutaten & AllergeneZutaten: WEIZENMEHL, 14% passierte Tomaten, 12% schnittfester MOZZARELLA K\xc3\x84SE, 12% Salami (Schweinefleisch, Speck, Salz, Gew\xc3\xbcrze, Dextrose, Zwiebelpulver, Knoblauchpulver, Gew\xc3\xbcrzextrakte, Stabilisator (Natriumnitrit), Antioxidationsmittel (Extrakt aus Rosmarin), Rauch), Wasser, 7,3% Tomatenkonzentrat, 4,6% EDAMER K\xc3\x84SE, Raps\xc3\xb6l, Backhefe, Salz, Zucker, Oliven\xc3\xb6l nativ extra, Oregano, Basilikum, Pfeffer, Paprika, Petersilie. Kann enthalten: SOJA, SENF.Allergenhinweise: Enth\xc3\xa4lt: Milch und Milcherzeugnisse (einschlie\xc3\x9flich Lactose). Glutenhaltiges Getreide und glutenhaltige Getreideerzeugnisse. Weizen und Weizenerzeugnisse (glutenhaltiges Getreide). Kann enthalten: Soja und Sojaerzeugnisse. Gerste und Gerstenerzeugnisse (glutenhaltiges Getreide). Roggen und Roggenerzeugnisse (glutenhaltiges Getreide). Dinkel und Dinkelerzeugnisse (glutenhaltiges Getreide). Hafer und Hafererzeugnisse (glutenhaltiges Getreide). Senf- und Senferzeugnisse.N\xc3\xa4hrwerteDurchschnittliche N\xc3\xa4hrwerteUnzubereitet pro 100 gEnergie1.093 kJEnergie261 kcalFett13 gFett, davon ges\xc3\xa4ttigte Fetts\xc3\xa4uren4,6 gKohlenhydrate25 gKohlenhydrate, davon Zucker2,9 gBallaststoffe2,3 gEiwei\xc3\x9f10 gSalz1,3 gHinweiseAufbewahrungs- und Verwendungshinweis: Nach dem Auftauen nicht wieder einfrieren. Bei -18 \xc2\xb0C lagern (***-Fach oder Tiefk\xc3\xbchltruhe).ArtikeldetailsMarke: Dr. OetkerUrsprungsland: DeutschlandKontaktKontaktname: DR. AUGUST OETKER NAHRUNGSMITTEL KGKontaktadresse: Lutterstra\xc3\x9fe 14 - 33617 BielefeldMaximale Bestellmenge: 15 St\xc3\xbcckF\xc3\xbcr die vorstehenden Angaben wird keine Haftung \xc3\xbcbernommen. Bitte pr\xc3\xbcfen Sie im Einzelfall die Angaben auf der jeweiligen Produktverpackung, nur diese sind verbindlich.Das Produktdesign kann von der Abbildung abweichen.'",Grenzhöfer Weg 29,Rewe,Tiefkühl,2023-07-09,"Gültig ab morgen bis Samstag, 15.07.2023"
Dr. Oetker Bistro Flammkuchen Elsässer Art,https://img.rewe-static.de/REWE28_2023/8703784/34878422-11_digital-image.png?impolicy=s-offers&imwidth=200&output-format=image/webp,,https://shop.rewe.de/productList?search=2832136,,"tiefgefroren , je 265-g-Pckg , (1 kg = 7.51)",Knaller,"1,99 €","b'ProduktbeschreibungArtikelnummer 8703784Zutaten & AllergeneZutaten: WEIZENMEHL, 27% CR\xc3\x88ME FRA\xc3\x8eCHE, 15% Rohschinken (Schweinefleisch, Salz, Maltodextrin, Dextrose, Zucker, Gew\xc3\xbcrze, Gew\xc3\xbcrzextrakte, Stabilisator (Natriumnitrit), Rauch), Wasser, 5,4% Zwiebeln, Raps\xc3\xb6l, Oliven\xc3\xb6l nativ extra, Salz, Backhefe, Raucharoma, Aroma (enth\xc3\xa4lt WEIZEN), Pfeffer, Verdickungsmittel (Johannisbrotkernmehl, Xanthan), Muskatnuss. Kann enthalten: SOJA, SENF.Allergenhinweise: Enth\xc3\xa4lt: Milch und Milcherzeugnisse (einschlie\xc3\x9flich Lactose). Weizen und Weizenerzeugnisse (glutenhaltiges Getreide). Glutenhaltiges Getreide und glutenhaltige Getreideerzeugnisse. Kann enthalten: Dinkel und Dinkelerzeugnisse (glutenhaltiges Getreide). Roggen und Roggenerzeugnisse (glutenhaltiges Getreide). Senf- und Senferzeugnisse. Soja und Sojaerzeugnisse.N\xc3\xa4hrwerteDurchschnittliche N\xc3\xa4hrwerteUnzubereitet pro 100 gEnergie1.094 kJEnergie262 kcalFett14 gFett, davon ges\xc3\xa4ttigte Fetts\xc3\xa4uren6 gKohlenhydrate25 gKohlenhydrate, davon Zucker2,3 gBallaststoffe1,4 gEiwei\xc3\x9f7,9 gSalz1,2 gHinweiseAufbewahrungs- und Verwendungshinweis: Nach dem Auftauen nicht wieder einfrieren. Bei -18 \xc2\xb0C lagern (***-Fach oder Tiefk\xc3\xbchltruhe).ArtikeldetailsMarke: Dr. OetkerUrsprungsland: DeutschlandKontaktKontaktname: DR. AUGUST OETKER NAHRUNGSMITTEL KGKontaktadresse: Lutterstra\xc3\x9fe 14 - 33617 BielefeldMaximale Bestellmenge: 15 St\xc3\xbcckF\xc3\xbcr die vorstehenden Angaben wird keine Haftung \xc3\xbcbernommen. Bitte pr\xc3\xbcfen Sie im Einzelfall die Angaben auf der jeweiligen Produktverpackung, nur diese sind verbindlich.Das Produktdesign kann von der Abbildung abweichen.'",Grenzhöfer Weg 29,Rewe,Tiefkühl,2023-07-09,"Gültig ab morgen bis Samstag, 15.07.2023"
Iglo Schlemmerfilet Bordelaise Classic,https://img.rewe-static.de/REWE28_2023/8030937/30477207-17_digital-image.png?impolicy=s-offers&imwidth=200&output-format=image/webp,,https://shop.rewe.de/productList?search=2832136,,"tiefgefroren , je 380-g-Pckg , (1 kg = 7.87)",Knaller,"2,99 €","b'ProduktbeschreibungArtikelnummer 8030937Zutaten & AllergeneZutaten: ALASKA SEELACHS-FILET (71%), Wasser, Raps\xc3\xb6l, Paniermehl (WEIZENMEHL, Wasser, Gew\xc3\xbcrze (Paprikapulver, Kurkuma), Salz, Hefe), Zwiebeln, Zitronensaft aus Zitronensaftkonzentrat, Petersilie, Salz, EIPULVER, St\xc3\xa4rke, Gew\xc3\xbcrze (Paprikapulver, Zwiebelpulver, Knoblauchpulver)N\xc3\xa4hrwerteDurchschnittliche N\xc3\xa4hrwerteUnzubereitet pro 100 gEnergie628 kJEnergie150 kcalFett8,7 gFett, davon ges\xc3\xa4ttigte Fetts\xc3\xa4uren0,7 gKohlenhydrate5 gKohlenhydrate, davon Zucker0,5 gBallaststoffe0,5 gEiwei\xc3\x9f13 gSalz1,2 gHinweiseAufbewahrungs- und Verwendungshinweis: Aufbewahrung zu Hause: Bei minus 18\xc2\xb0C (Tiefk\xc3\xbchltruhe oder ***-Fach) mindestens haltbar bis Ende: siehe Verpackungsaufdruck.ArtikeldetailsMarke: IgloUrsprungsland: DeutschlandKontaktKontaktname: iglo GmbHKontaktadresse: Postfach 570 521, 22774 HamburgMaximale Bestellmenge: 15 St\xc3\xbcckF\xc3\xbcr die vorstehenden Angaben wird keine Haftung \xc3\xbcbernommen. Bitte pr\xc3\xbcfen Sie im Einzelfall die Angaben auf der jeweiligen Produktverpackung, nur diese sind verbindlich.Das Produktdesign kann von der Abbildung abweichen.'",Grenzhöfer Weg 29,Rewe,Tiefkühl,2023-07-09,"Gültig ab morgen bis Samstag, 15.07.2023"
Iglo Filegro Ofen-Backfisch,https://img.rewe-static.de/REWE28_2023/1148717/19141120-88_digital-image.png?impolicy=s-offers&imwidth=200&output-format=image/webp,,https://shop.rewe.de/productList?search=2832136,,"tiefgefroren , je 240-g-Pckg , (1 kg = 12.46)",Knaller,"2,99 €","b'ProduktbeschreibungArtikelnummer 1148717Das iglo Filegro Traditioneller Ofen-Backfisch enth\xc3\xa4lt 100% saftiges Alaska Seelachsfilet und ist umh\xc3\xbcllt von einem lecker-knusprigen Backteig, der speziell f\xc3\xbcr die Zubereitung im Ofen entwickelt wurde. \nIglo setzt ausschlie\xc3\x9flich auf den Einsatz von MSC zertifiziertem Fisch. Daher wird der Alaska Seelachs zu 100% aus verantwortungsbewussten Quellen bezogen und durch den Einsatz modernster Produktionsmethoden wird absolute Frische und Qualit\xc3\xa4t garantiert. \n- 100% Fischfilet\n- Umh\xc3\xbcllt mit lecker-knusprigen Backteig\n- Ohne Zusatz von k\xc3\xbcnstlichen Aromen, Farbstoffen und Geschmacksverst\xc3\xa4rkern\n- Nat\xc3\xbcrliche Quelle von Omega 3\n- Tiefgefroren... mehr anzeigenZutaten & AllergeneZutaten: ALASKA SEELACHS-FILET (54%), pflanzliches \xc3\x96l, WEIZENMEHL, Paniermehl (WEIZENMEHL, Salz, Traubenzucker), Wasser, Kartoffelst\xc3\xa4rke, WEIZENST\xc3\x84RKE, Salz, Backtriebmittel: Diphosphate und Natriumcarbonate, Maismehl, Traubenzucker, MAGERMILCHPULVER.N\xc3\xa4hrwerteDurchschnittliche N\xc3\xa4hrwerteUnzubereitet pro 100 gEnergie1.046 kJEnergie251 kcalFett14,5 gFett, davon ges\xc3\xa4ttigte Fetts\xc3\xa4uren1,3 gKohlenhydrate18,1 gKohlenhydrate, davon Zucker0,4 gBallaststoffe0,6 gEiwei\xc3\x9f11,6 gSalz1,25 gHinweiseAufbewahrungs- und Verwendungshinweis:  Aufbewahrung zu Hause: *** - Fach oder Tiefk\xc3\xbchltruhe (bei minus 18\xc2\xb0 C) mindestens haltbar bis Ende: sie Packungsseite, Aufbewahrung zu Hause: ** - Fach 2 Wochen, Aufbewahrung zu Hause: * - Fach einige Tage.ArtikeldetailsMarke: IgloUrsprungsland: DeutschlandKontaktKontaktname: iglo GmbHKontaktadresse: Postfach 570 521, 22774 HamburgMaximale Bestellmenge: 15 St\xc3\xbcckF\xc3\xbcr die vorstehenden Angaben wird keine Haftung \xc3\xbcbernommen. Bitte pr\xc3\xbcfen Sie im Einzelfall die Angaben auf der jeweiligen Produktverpackung, nur diese sind verbindlich.Das Produktdesign kann von der Abbildung abweichen.'",Grenzhöfer Weg 29,Rewe,Tiefkühl,2023-07-09,"Gültig ab morgen bis Samstag, 15.07.2023"
Mövenpick Stracciatella Classico,https://img.rewe-static.de/REWE28_2023/8725654/35463369-11_digital-image.png?impolicy=s-offers&imwidth=200&output-format=image/webp,,https://shop.rewe.de/productList?search=2832136,,"je 900-ml-Becher , (1 l = 2.21)",Aktion,"1,99 €","b'ProduktbeschreibungArtikelnummer 8725654Cremiges Eis mit Stracciatellageschmack mit Schokoladenst\xc3\xbcckchen und einer Schokoladensauce.Zutaten & AllergeneZutaten: Entrahmte MILCH, MOLKENERZEUGNIS, Glukosesirup, Zucker, Kokosfett, Soja\xc3\xb6l, VOLLMILCHPULVER, fettarmer Kakao** (1,3 %), Kakaobutter**, Kakaomasse**, Emulgatoren (Mono- und Diglyceride von Speisefetts\xc3\xa4uren, Lecithine (SOJA)), Verdickungsmittel (Johannisbrotkernmehl, Guarkernmehl), nat\xc3\xbcrliche Aromen (enthalten MILCH), Aroma. **Rainforest Alliance-zertifiziert. Mehr Informationen unter ra.org. KANN SCHALENFR\xc3\x9cCHTE, GLUTENHALTIGE GETREIDE UND EIER ENTHALTEN. Wichtig: Kleinkinder (unter 4 Jahren) verf\xc3\xbcgen \xc3\xbcber eine verminderte Kauf\xc3\xa4higkeit und k\xc3\xb6nnten sich an kleinen St\xc3\xbcckchen verschlucken.Allergenhinweise: Milch, Molkenerzeugnis, Schlagsahne, SojaEnth\xc3\xa4lt: Milch und Milcherzeugnisse (einschlie\xc3\x9flich Lactose). Soja und Sojaerzeugnisse. Kann enthalten: Eier und Eierzeugnisse. N\xc3\xbcsse und Nusserzeugnisse. Glutenhaltiges Getreide und glutenhaltige Getreideerzeugnisse.N\xc3\xa4hrwerteDurchschnittliche N\xc3\xa4hrwerteUnzubereitet pro 100 gEnergie1.079 kJEnergie258 kcalFett15 gFett, davon ges\xc3\xa4ttigte Fetts\xc3\xa4uren9,9 gKohlenhydrate28 gKohlenhydrate, davon Zucker23 gBallaststoffe0,7 gEiwei\xc3\x9f2,9 gSalz0,09 gHinweiseAufbewahrungs- und Verwendungshinweis: Bei -18 \xc2\xb0C mindestens haltbar bis Ende: siehe VerpackungsaufdruckInformation: Wichtig: Kleinkinder (unter 4 Jahren) verf\xc3\xbcgen \xc3\xbcber eine verminderte Kauf\xc3\xa4higkeit und k\xc3\xb6nnten sich an kleinen St\xc3\xbcckchen verschlucken. Packung enth\xc3\xa4lt 9 Portionen. Portionen sollten f\xc3\xbcr Kinder entsprechend ihrem Alter angepasst werden.ArtikeldetailsMarke: M\xc3\xb6venpickUrsprungsland: DeutschlandKontaktKontaktname: FRONERI Sch\xc3\xb6ller GmbHKontaktadresse: D-90419 N\xc3\xbcrnbergMaximale Bestellmenge: 15 St\xc3\xbcckF\xc3\xbcr die vorstehenden Angaben wird keine Haftung \xc3\xbcbernommen. Bitte pr\xc3\xbcfen Sie im Einzelfall die Angaben auf der jeweiligen Produktverpackung, nur diese sind verbindlich.Das Produktdesign kann von der Abbildung abweichen.'",Grenzhöfer Weg 29,Rewe,Tiefkühl,2023-07-09,"Gültig ab morgen bis Samstag, 15.07.2023"
Mövenpick Salted Caramel,https://img.rewe-static.de/REWE28_2023/7713567/38472507-14_digital-image.png?impolicy=s-offers&imwidth=200&output-format=image/webp,,https://shop.rewe.de/productList?search=2832136,,"je 800-ml-Becher , (1 l = 2.49)",Aktion,"1,99 €","b'ProduktbeschreibungArtikelnummer 7713567Eis mit Vanillegeschmack, mit gesalzener Karamellsauce, Karamellst\xc3\xbcckchen und kakaobutterhaltigen Konfektst\xc3\xbcckchen mit KaramellgeschmackZutaten & AllergeneZutaten: Entrahmte MILCH, MOLKENERZEUGNIS, Glukosesirup, Zucker,pflanzliche Fette (Kokos, Shea), gezuckerte KONDENSMILCH (eingedickte VOLLMILCH, Zucker, MILCHZUCKER), gezuckerte KONDENSMAGERMILCH (eingedickte entrahmte MILCH, Zucker), Emulgatoren (Mono- und Diglyceride von Speisefetts\xc3\xa4uren, Lecithine), Verdickungsmittel (Johannisbrotkernmehl, Guarkernmehl), Kakaobutter*, Salz, VOLLMILCHPULVER, BUTTERFETT, Feuchthaltemittel (Glycerin), f\xc3\xa4rbende Frucht- und Gem\xc3\xbcsekonzentrate (schwarze Johannisbeere, Apfel, Zitrone, Karotte, Rettich), f\xc3\xa4rbendes Saflorkonzentrat, nat\xc3\xbcrliche Vanillearomen, Kakaomasse*, MILCHZUCKER, nat\xc3\xbcrliche Aromen. *Rainforest Alliance-zertifiziert. Mehr Informationen unter ra.org.KANN SCHALENFR\xc3\x9cCHTE, GLUTENHALTIGE GETREIDE, SOJA UND EIER ENTHALTEN. Wichtig: Kleinkinder (unter 4 Jahren) verf\xc3\xbcgen\xc3\xbcber eine verminderte Kauf\xc3\xa4higkeit und k\xc3\xb6nnten sich an kleinen St\xc3\xbcckchen verschlucken.Allergenhinweise: MILCH, MOLKENERZEUGNIS, KONDENSMILCH, VOLLMILCH, MILCHZUCKER, KONDENSMAGERMILCH, VOLLMILCHPULVER, BUTTERFETT.Enth\xc3\xa4lt: Milch und Milcherzeugnisse (einschlie\xc3\x9flich Lactose). Kann enthalten: Glutenhaltiges Getreide und glutenhaltige Getreideerzeugnisse. Eier und Eierzeugnisse. N\xc3\xbcsse und Nusserzeugnisse. Soja und Sojaerzeugnisse.N\xc3\xa4hrwerteDurchschnittliche N\xc3\xa4hrwerteUnzubereitet pro 100 gEnergie1.009 kJEnergie240 kcalFett9,5 gFett, davon ges\xc3\xa4ttigte Fetts\xc3\xa4uren8,2 gKohlenhydrate37 gKohlenhydrate, davon Zucker29 gBallaststoffe< 0,5 gEiwei\xc3\x9f2 gSalz0,29 gHinweiseAufbewahrungs- und Verwendungshinweis: Bei -18 \xc2\xb0C mindestens haltbar bis Ende: siehe VerpackungsaufdruckInformation: Wichtig: Kleinkinder (unter 4 Jahren) verf\xc3\xbcgen\xc3\xbcber eine verminderte Kauf\xc3\xa4higkeit und k\xc3\xb6nnten sich an kleinen St\xc3\xbcckchen verschlucken.ArtikeldetailsMarke: M\xc3\xb6venpickUrsprungsland: DeutschlandKontaktKontaktname: FRONERI Sch\xc3\xb6ller GmbHKontaktadresse: D-90419 N\xc3\xbcrnbergMaximale Bestellmenge: 15 St\xc3\xbcckF\xc3\xbcr die vorstehenden Angaben wird keine Haftung \xc3\xbcbernommen. Bitte pr\xc3\xbcfen Sie im Einzelfall die Angaben auf der jeweiligen Produktverpackung, nur diese sind verbindlich.Das Produktdesign kann von der Abbildung abweichen.'",Grenzhöfer Weg 29,Rewe,Tiefkühl,2023-07-09,"Gültig ab morgen bis Samstag, 15.07.2023"
Langnese Family Mix Multipackung,https://img.rewe-static.de/REWE28_2023/8900513/38330307-12_digital-image.png?impolicy=s-offers&imwidth=200&output-format=image/webp,,https://shop.rewe.de/productList?search=2832136,,"je 462-ml-Pckg , (1 l = 6.47)",Aktion,"2,99 €","b'ProduktbeschreibungArtikelnummer 8900513Ein Mix, der das Beste von Langnese zusammen bringt und f\xc3\xbcr jeden in der Familie etwas bietet. Der Family Mix besteht aus Flutschfinger (1x), Capri (2x), Magnum Mini Classic (2x), Cuja Mara Split (1x) und Nogger (1x).Zutaten & AllergeneZutaten: Langnese Family Mix - Capri Zutaten: Orangensaft aus Orangensaftkonzentrat (53%), Trinkwasser, Zucker, Glukose-Fruktose-Sirup, S\xc3\xa4ureregulator (Citronens\xc3\xa4ure), Stabilisatoren (Guarkernmehl, Tarakernmehl, Johannisbrotkernmehl), Farbstoff (Carotin), nat\xc3\xbcrliche Orangenaromen. Kann Milch und Soja enthalten. Langnese Family Mix - Cuja Mara Split Zutaten: Orangensaft aus Orangensaftkonzentrat (24%), entrahmte MILCH (21%), Passionsfruchtsaft aus Passionsfruchtsaftkonzentrat (15%), Trinkwasser, Zucker, Kokosfett, Glukosesirup, Glukose-Fruktose-Sirup, MOLKENERZEUGNIS, Fruktose, Stabilisatoren (Guarkernmehl, Johannisbrotkernmehl, Tarakernmehl), Farbstoff (Carotin), Emulgator (Mono- und Diglyceride von Speisefetts\xc3\xa4uren), nat\xc3\xbcrliches Vanillearoma\xc2\xb9, S\xc3\xa4ureregulator (Citronens\xc3\xa4ure). Kann Mandel, Ei, Haselnuss, Soja und Weizen enthalten. \xc2\xb9Rainforest Alliance-zertifiziert. Langnese Family Mix - Flutschfinger Zutaten: Trinkwasser, Zucker, Orangensaft aus Orangensaftkonzentrat (10%), Glukose-Fruktose-Sirup, Erdbeersaft aus Erdbeersaftkonzentrat (4,5%), Glukosesirup, Fruktose, Zitronensaft aus Zitronensaftkonzentrat (0,6%), S\xc3\xa4ureregulator (Citronens\xc3\xa4ure), Stabilisatoren (Johannisbrotkernmehl, Tarakernmehl, Guarkernmehl), Schwarze-Karotte-Konzentrat, F\xc3\xa4rberdistelkonzentrat, Farbstoffe (Paprikaextrakt, Kurkumin, Chlorophylle), Aromen. Kann Haselnuss, Milch, Soja und Weizen enthalten. Langnese Family Mix - Magnum Mini Classic Zutaten: Entrahmte MILCH, Zucker, Kakaobutter\xc2\xb9, Kakaomasse\xc2\xb9, Trinkwasser, Kokosfett, Glukosesirup, VOLLMILCHPULVER, Glukose-Fruktose-Sirup, MOLKENERZEUGNIS, BUTTERFETT, Emulgatoren (E471, Lecithine (SOJA), E476), vermahlene Vanilleschoten, Stabilisatoren (Johannisbrotkernmehl, Guarkernmehl, Carrageen), nat\xc3\xbcrliches Vanillearoma\xc2\xb9 (mit MILCH), Aroma, Farbstoff (Carotin). Kann Mandeln enthalten.\xc2\xb9Rainforest Alliance-zertifiziert. Langnese Family Mix - Nogger Zutaten: entrahmte MILCH, Kokosfett, Zucker, Glukose-Fruktose-Sirup, Trinkwasser, Glukosesirup, HASELNUSS-St\xc3\xbcckchen, fettarmer Kakao\xc2\xb9 (3%), WEIZENMEHL, MOLKENERZEUGNIS, MAGERMILCH-Pulver oder -Konzentrat, Stabilisatoren (Guarkernmehl, Johannisbrotkernmehl, Tarakernmehl), Emulgatoren (Mono- und Diglyceride von Speisefetts\xc3\xa4uren, Ammoniumphosphatide), Speisesalz, Backtriebmittel (Ammoniumcarbonate), nat\xc3\xbcrliches Vanillearoma\xc2\xb9. Kann Pistazie und Soja enthalten. \xc2\xb9Rainforest Alliance-zertifiziert.Allergenhinweise: Enth\xc3\xa4lt: Milch und Milcherzeugnisse (einschlie\xc3\x9flich Lactose). N\xc3\xbcsse und Nusserzeugnisse. Soja und Sojaerzeugnisse. Haselnuss und Haselnusserzeugnisse. Weizen und Weizenerzeugnisse (glutenhaltiges Getreide). Kann enthalten: Eier und Eierzeugnisse. Glutenhaltiges Getreide und glutenhaltige Getreideerzeugnisse.N\xc3\xa4hrwerteDurchschnittliche N\xc3\xa4hrwerteUnzubereitet pro 100 mlEnergie413 kJEnergie98 kcalFett< 0,5 gFett, davon ges\xc3\xa4ttigte Fetts\xc3\xa4uren< 0,1 gKohlenhydrate23 gKohlenhydrate, davon Zucker22 gEiwei\xc3\x9f< 0,5 gSalz< 0,01 gHinweiseAufbewahrungs- und Verwendungshinweis: Bei -18\xc2\xb0C mindestens haltbar bis Ende: siehe PackungsaufdruckArtikeldetailsMarke: LangneseUrsprungsland: UngarnKontaktKontaktname: Unilever DeutschlandKontaktadresse: Postfach 570 385, 22772 HamburgMaximale Bestellmenge: 15 St\xc3\xbcckF\xc3\xbcr die vorstehenden Angaben wird keine Haftung \xc3\xbcbernommen. Bitte pr\xc3\xbcfen Sie im Einzelfall die Angaben auf der jeweiligen Produktverpackung, nur diese sind verbindlich.Das Produktdesign kann von der Abbildung abweichen.'",Grenzhöfer Weg 29,Rewe,Tiefkühl,2023-07-09,"Gültig ab morgen bis Samstag, 15.07.2023"
Leicht & Cross Knusper Rustica,https://img.rewe-static.de/REWE28_2023/8186660/28377819-16_digital-image.png?impolicy=s-offers&imwidth=200&output-format=image/webp,,https://shop.rewe.de/productList?search=2832136,,"versch. Sorten , je 130-g-Pckg , (1 kg = 7.62)",Aktion,"0,99 €","b'ProduktbeschreibungArtikelnummer 8186660Mein KnusperRustica Dreikorn: \xc3\x9cberzeugt mit einem besonders kr\xc3\xa4ftigen Geschmack von Roggen, Dinkel und Buchweizen \xe2\x80\x93 eine Kombination mit Biss.Zutaten & AllergeneZutaten: ROGGENVOLLKORNMEHL, ROGGENMEHL, DINKELWEIZENMEHL, Reismehl, ROGGENMALZMEHL, Zucker, Sonnenblumen\xc3\xb6l, Salz. Zur Herstellung von 100g des Produktes werden 40,5g Roggenvollkornmehl, 40g Roggenmehl, 11g Dinkelweizenmehl, 6g Reismehl und 5g Roggenmalzmehl verwendet. Kann Spuren enthalten von: SOJA, MILCH, EI, SESAM.Allergenhinweise: Enth\xc3\xa4lt: Roggen und Roggenerzeugnisse (glutenhaltiges Getreide). Dinkel und Dinkelerzeugnisse (glutenhaltiges Getreide). Kann enthalten: Soja und Sojaerzeugnisse. Milch und Milcherzeugnisse (einschlie\xc3\x9flich Lactose). Eier und Eierzeugnisse. Sesamsamen und Sesamsamenerzeugnisse.N\xc3\xa4hrwerteDurchschnittliche N\xc3\xa4hrwerteUnzubereitet pro 100 gEnergie1.554 kJEnergie367 kcalFett3 gFett, davon ges\xc3\xa4ttigte Fetts\xc3\xa4uren0,4 gKohlenhydrate72 gKohlenhydrate, davon Zucker3,7 gBallaststoffe8 gEiwei\xc3\x9f9,1 gSalz1,2 gHinweiseAufbewahrungs- und Verwendungshinweis: Nach dem \xc3\x96ffnen LEICHT&CROSS-Knusperbrot trocken aufbewahren und innerhalb weniger Tage verzehren. Vor W\xc3\xa4rme sch\xc3\xbctzen. Trocken lagern.Mindestens haltbar bis: siehe BodenArtikeldetailsMarke: Leicht & CrossEigenschaften: Vegan, Vegetarisch, LaktosefreiUrsprungsland: DeutschlandKontaktKontaktname: Griesson - de BeukelaerKontaktadresse: D-56751 PolchMaximale Bestellmenge: 15 St\xc3\xbcckF\xc3\xbcr die vorstehenden Angaben wird keine Haftung \xc3\xbcbernommen. Bitte pr\xc3\xbcfen Sie im Einzelfall die Angaben auf der jeweiligen Produktverpackung, nur diese sind verbindlich.Das Produktdesign kann von der Abbildung abweichen.'",Grenzhöfer Weg 29,Rewe,Frühstück,2023-07-09,"Gültig ab morgen bis Samstag, 15.07.2023"
Schwiizer Schüümli,https://img.rewe-static.de/REWE28_2023/2035261/21894441-26_digital-image.png?impolicy=s-offers&imwidth=200&output-format=image/webp,,https://shop.rewe.de/productList?search=2832136,,"ganze Bohnen, versch. Sorten , je 1000-g-Btl",Aktion,"10,99 €","b'ProduktbeschreibungArtikelnummer 2035261- SCHWIIZER SCH\xc3\x9c\xc3\x9cMLI CREMA: Unsere ger\xc3\xb6steten Kaffeebohnen sind 100% edle Arabicas und \xc3\xbcberzeugen durch einen aromatischen Geschmack - ein echter Genuss f\xc3\xbcr die Sinne \n- UMWELTFREUNDLICH: Unserer Bohnenkaffee ist UTZ-zertifiziert. Wir setzten uns f\xc3\xbcr eine verantwortungsbewusste, umweltfreundliche Kaffeeproduktion ein \n- DETAIL: R\xc3\xb6stkaffee in ganzen Bohnen - Verpackung 1 kg - Intensit\xc3\xa4t 3 von 5 - 100 Prozent Arabica - Empfohlene Tassengr\xc3\xb6sse: 40 ml Espresso \n- KOMPABILIT\xc3\x84T: Ideal f\xc3\xbcr Vollautomaten mit integriertem Mahlwerk, Espresso-Kolbenmaschine und italienische Mocca-Kannen \n- SCHWEIZER PREMIUMKAFFEE: Unsere Leidenschaft sind hochwertige Kaffeeprodukte. Wir beschaffen, veredeln und verpacken Kaffee seit 1954... mehr anzeigenHinweiseInformation: Unter Schutzatmosph\xc3\xa4re verpackt.ArtikeldetailsUrsprungsland: SchweizKontaktKontaktname: SCG Swiss Consumer Goods GmbHKontaktadresse: D-64625 BensheimF\xc3\xbcr die vorstehenden Angaben wird keine Haftung \xc3\xbcbernommen. Bitte pr\xc3\xbcfen Sie im Einzelfall die Angaben auf der jeweiligen Produktverpackung, nur diese sind verbindlich.Das Produktdesign kann von der Abbildung abweichen.'",Grenzhöfer Weg 29,Rewe,Frühstück,2023-07-09,"Gültig ab morgen bis Samstag, 15.07.2023"
Jacobs Auslese oder Meisterröstung,https://img.rewe-static.de/REWE28_2023/7055901/26484398-13_digital-image.png?impolicy=s-offers&imwidth=200&output-format=image/webp,,https://shop.rewe.de/productList?search=2832136,,"versch. Sorten, gemahlener Bohnenkaffee , je 500-g-Pckg , (1 kg = 7.98)",Aktion,"3,99 €","b'ProduktbeschreibungArtikelnummer 7055901Die aromatische Komposition ausgew\xc3\xa4hlter Kaffeebohnen, ger\xc3\xb6stet in unserem besonders schonenden R\xc3\xb6stverfahren, garantiert den unverwechselbaren Geschmack unserer Auslese von Jacobs klassisch. Die aromatische Komposition ausgew\xc3\xa4hlter Kaffeebohnen, ger\xc3\xb6stet in unserem besonders schonenden R\xc3\xb6stverfahren, garantiert den unverwechselbaren Geschmack unserer Auslese von Jacobs klassisch.Zutaten & AllergeneAllergenhinweise: Enth\xc3\xa4lt: Keine deklarationspflichtigen Allergene enthalten.HinweiseAufbewahrungs- und Verwendungshinweis: Ge\xc3\xb6ffnete Packung gut verschlossen, k\xc3\xbchl und trocken aufbewahren.ArtikeldetailsMarke: JacobsUrsprungsland: DeutschlandKontaktKontaktname: JACOBS DOUWE EGBERTSKontaktadresse: Oosterdoksstraat 80, 1011 DK Amsterdam, The NetherlandsMaximale Bestellmenge: 15 St\xc3\xbcckF\xc3\xbcr die vorstehenden Angaben wird keine Haftung \xc3\xbcbernommen. Bitte pr\xc3\xbcfen Sie im Einzelfall die Angaben auf der jeweiligen Produktverpackung, nur diese sind verbindlich.Das Produktdesign kann von der Abbildung abweichen.'",Grenzhöfer Weg 29,Rewe,Frühstück,2023-07-09,"Gültig ab morgen bis Samstag, 15.07.2023"
Milka Haselnusscreme,https://img.rewe-static.de/REWE28_2023/8424980/30781039-8_digital-image.png?impolicy=s-offers&imwidth=200&output-format=image/webp,,https://shop.rewe.de/productList?search=2832136,,"je 350-g-Glas , (1 kg = 5.69)",Aktion,"1,99 €","b'ProduktbeschreibungArtikelnummer 8424980Zutaten & AllergeneZutaten: Zucker, Raps\xc3\xb6l (25%), S\xc3\xbcssmolkenpulver (aus MILCH), HASELNUSSMASSE (5%), fettarmes Kakaopulver, MAGERMILCHPULVER, Kakaobutter, Sonnenblumen\xc3\xb6l, Emulgator (Lecithine), Speisesalz, Aromen. KANN ENTHALTEN: ANDERE N\xc3\x9cSSE, WEIZEN UND ERDNUSS.Allergenhinweise: MILCH, HASELNUSSMASSE, MAGERMILCHPULVEREnth\xc3\xa4lt: Haselnuss und Haselnusserzeugnisse. Milch und Milcherzeugnisse (einschlie\xc3\x9flich Lactose). N\xc3\xbcsse und Nusserzeugnisse. Kann enthalten: Weizen und Weizenerzeugnisse (glutenhaltiges Getreide). Erdn\xc3\xbcsse und Erdnusserzeugnisse. Glutenhaltiges Getreide und glutenhaltige Getreideerzeugnisse.N\xc3\xa4hrwerteDurchschnittliche N\xc3\xa4hrwerteUnzubereitet pro 100 gEnergie2.316 kJEnergie555 kcalFett34 gFett, davon ges\xc3\xa4ttigte Fetts\xc3\xa4uren4,6 gKohlenhydrate58 gKohlenhydrate, davon Zucker57 gBallaststoffe2,1 gEiwei\xc3\x9f3,8 gSalz0,18 gHinweiseAufbewahrungs- und Verwendungshinweis: Trocken lagern und vor W\xc3\xa4rme sch\xc3\xbctzen. Optimale Aufbewahrung zwischen 15\xc2\xb0C und 20\xc2\xb0CArtikeldetailsMarke: MilkaUrsprungsland: BelgienKontaktKontaktname: Mondelez Deutschland GmbHKontaktadresse: D-28078 BremenMaximale Bestellmenge: 15 St\xc3\xbcckF\xc3\xbcr die vorstehenden Angaben wird keine Haftung \xc3\xbcbernommen. Bitte pr\xc3\xbcfen Sie im Einzelfall die Angaben auf der jeweiligen Produktverpackung, nur diese sind verbindlich.Das Produktdesign kann von der Abbildung abweichen.'",Grenzhöfer Weg 29,Rewe,Frühstück,2023-07-09,"Gültig ab morgen bis Samstag, 15.07.2023"
Mövenpick Gourmet Fruchtaufstrich,https://img.rewe-static.de/REWE28_2023/5074088/8198980-23_digital-image.png?impolicy=s-offers&imwidth=200&output-format=image/webp,,https://shop.rewe.de/productList?search=2832136,,"versch. Sorten , je 250-g-Glas , (1 kg = 7.96)",Aktion,"1,99 €","b'ProduktbeschreibungArtikelnummer 5074088Ohne Zusatz von Aromen\r\nBester M\xc3\xb6venpick Geschmack\r\nerlesene Fr\xc3\xbcchteZutaten & AllergeneZutaten: Schwarze Johannisbeeren, Zucker, Verdickungsmittel: Pektin, S\xc3\xa4uerungsmittel: Citronens\xc3\xa4ure.N\xc3\xa4hrwerteDurchschnittliche N\xc3\xa4hrwerteUnzubereitet pro 100 gEnergie858 kJEnergie202 kcalFett0,1 gFett, davon ges\xc3\xa4ttigte Fetts\xc3\xa4uren0 gKohlenhydrate46,5 gKohlenhydrate, davon Zucker46,5 gBallaststoffe4,1 gEiwei\xc3\x9f0,7 gSalz0,02 gHinweiseAufbewahrungs- und Verwendungshinweis: Nach dem \xc3\x96ffnen im K\xc3\xbchlschrank aufbewahren.Information: Hergestellt aus 55g Fr\xc3\xbcchten je 100g.ArtikeldetailsMarke: M\xc3\xb6venpickUrsprungsland: DeutschlandSorte: Schwarze JohannisbeereKontaktKontaktname: Schwartauer Werke GmbH & Co KGaAKontaktadresse: 23608 Bad SchwartauMaximale Bestellmenge: 15 St\xc3\xbcckF\xc3\xbcr die vorstehenden Angaben wird keine Haftung \xc3\xbcbernommen. Bitte pr\xc3\xbcfen Sie im Einzelfall die Angaben auf der jeweiligen Produktverpackung, nur diese sind verbindlich.Das Produktdesign kann von der Abbildung abweichen.'",Grenzhöfer Weg 29,Rewe,Frühstück,2023-07-09,"Gültig ab morgen bis Samstag, 15.07.2023"
Suchard Express oder Kaba Kakao,https://img.rewe-static.de/REWE28_2023/8908126/39431257-7_digital-image.png?impolicy=s-offers&imwidth=200&output-format=image/webp,,https://shop.rewe.de/productList?search=2832136,,"je 400-g-Btl , (1 kg = 4.98)",Aktion,"1,99 €","b'ProduktbeschreibungArtikelnummer 8908126Zutaten & AllergeneZutaten: Zucker, mageres Kakaopulver (18 %), Traubenzucker (15 %), Emulgator (SOJAlecithine), Salz, nat\xc3\xbcrliches Aroma.Allergenhinweise: Enth\xc3\xa4lt: Soja und Sojaerzeugnisse.N\xc3\xa4hrwerteDurchschnittliche N\xc3\xa4hrwerteUnzubereitet pro 100 gEnergie1.625 kJEnergie384 kcalFett3 gFett, davon ges\xc3\xa4ttigte Fetts\xc3\xa4uren1,4 gKohlenhydrate82 gKohlenhydrate, davon Zucker79 gBallaststoffe5,7 gEiwei\xc3\x9f4 gSalz0,34 gHinweiseAufbewahrungs- und Verwendungshinweis: Mindestens haltbar bis: Siehe Boden.Trocken lagern und vor W\xc3\xa4rme sch\xc3\xbctzen.ArtikeldetailsMarke: SuchardUrsprungsland: FrankreichKontaktKontaktname: Carambar and Co.Kontaktadresse: 9 rue Maurice Mallet , 92130 Issy-les-Moulineaux - FranceMaximale Bestellmenge: 15 St\xc3\xbcckF\xc3\xbcr die vorstehenden Angaben wird keine Haftung \xc3\xbcbernommen. Bitte pr\xc3\xbcfen Sie im Einzelfall die Angaben auf der jeweiligen Produktverpackung, nur diese sind verbindlich.Das Produktdesign kann von der Abbildung abweichen.'",Grenzhöfer Weg 29,Rewe,Frühstück,2023-07-09,"Gültig ab morgen bis Samstag, 15.07.2023"
"Partykranz
            2",https://img.rewe-static.de/REWE28_2023/0544566/26767044-10_digital-image.png?impolicy=s-offers&imwidth=200&output-format=image/webp,,https://shop.rewe.de/productList?search=2832136,,"je 400-g-St , (1 kg = 4.98)",Aktion,"1,99 €","b'ProduktbeschreibungArtikelnummer 544566Zutaten: WEIZENMEHL, Wasser, SESAM, Mohn, Hefe, BUCHWEIZEN, Leinsamen, Salz, Raps\xc3\xb6l. \n\nEnth\xc3\xa4lt: GLUTEN, SESAM. Kann Spuren von EIER, SOJA, MILCH, SCHALENFR\xc3\x9cCHTE enthalten. \n\nN\xc3\xa4hrwerte je 100g:\nEnergie: 1320KJ\nEnergie: 313kcal\nFett: 7g\nFett, davon ges\xc3\xa4ttigte Fetts\xc3\xa4uren: 0,9g\nKohlenhydrate: 50,1g\nKohlenhydrate, davon Zucker: 1,8g\nEiwei\xc3\x9f: 10,6g\nSalz: 1,1g ArtikeldetailsMarke: EntrupF\xc3\xbcr die vorstehenden Angaben wird keine Haftung \xc3\xbcbernommen. Bitte pr\xc3\xbcfen Sie im Einzelfall die Angaben auf der jeweiligen Produktverpackung, nur diese sind verbindlich.Das Produktdesign kann von der Abbildung abweichen.'",Grenzhöfer Weg 29,Rewe,Frühstück,2023-07-09,"Gültig ab morgen bis Samstag, 15.07.2023"
Corny Müsliriegel Schoko,https://img.rewe-static.de/REWE28_2023/0544800/1238460-61_digital-image.png?impolicy=s-offers&imwidth=200&output-format=image/webp,,https://shop.rewe.de/productList?search=2832136,,"je 6 x 25-g-Riegel-Pckg , (1 kg = 8.60)",Knaller,"1,29 €","b'ProduktbeschreibungArtikelnummer 544800Ohne Farbstoffe\r\nOhne Zusatz von Konservierungsstoffen*. *lt. Gesetz\r\nMit 10% Vollkorn\r\n24% MilchschokoladeZutaten & AllergeneZutaten: MILCHSCHOKOLADE 24% (Zucker, Kakaomasse, Kakaobutter, MAGERMILCHPULVER, BUTTERFETT, Emulgator Lecithine), Getreidecrispies (WEIZENMEHL, Zucker, Reismehl, Maismehl, GERSTENMALZEXTRAKT, Salz, Karamellzuckersirup), Glukosesirup, Glukose-Fruktose-Sirup, Vollkorngetreideflocken 10% (HAFER-, WEIZEN-, GERSTEN-), ger\xc3\xb6stete ERDN\xc3\x9cSSE, Zucker, Kokosfett, Cornflakes (Mais, Salz, GERSTENMALZEXTRAKT), Honig 1%, nat\xc3\xbcrliches Aroma, Salz, Karamellzuckersirup, Emulgator LecithineAllergenhinweise: Enth\xc3\xa4lt: Glutenhaltiges Getreide und glutenhaltige Getreideerzeugnisse. Erdn\xc3\xbcsse und Erdnusserzeugnisse. Milch und Milcherzeugnisse (einschlie\xc3\x9flich Lactose). Kann enthalten: Haselnuss und Haselnusserzeugnisse. Mandeln und Mandelerzeugnisse.N\xc3\xa4hrwerteDurchschnittliche N\xc3\xa4hrwerteUnzubereitet pro 100 gEnergie1.914 kJEnergie456 kcalFett17,5 gFett, davon ges\xc3\xa4ttigte Fetts\xc3\xa4uren10,2 gKohlenhydrate66,6 gKohlenhydrate, davon Zucker34,1 gBallaststoffe3,3 gEiwei\xc3\x9f6,3 gSalz0,51 gHinweiseAufbewahrungs- und Verwendungshinweis: Vor W\xc3\xa4rme sch\xc3\xbctzen. K\xc3\xbchl und trocken lagern.ArtikeldetailsMarke: CORNYUrsprungsland: DeutschlandSorte: SchokoKontaktKontaktname: Schwartauer Werke GmbH & Co. KGaAKontaktadresse: 23608 Bad SchwartauMaximale Bestellmenge: 15 St\xc3\xbcckF\xc3\xbcr die vorstehenden Angaben wird keine Haftung \xc3\xbcbernommen. Bitte pr\xc3\xbcfen Sie im Einzelfall die Angaben auf der jeweiligen Produktverpackung, nur diese sind verbindlich.Das Produktdesign kann von der Abbildung abweichen.'",Grenzhöfer Weg 29,Rewe,Frühstück,2023-07-09,"Gültig ab morgen bis Samstag, 15.07.2023"
Corny Müsliriegel Milch Classic,https://img.rewe-static.de/REWE28_2023/0544828/22736757-25_digital-image.png?impolicy=s-offers&imwidth=200&output-format=image/webp,,https://shop.rewe.de/productList?search=2832136,,"je 4 x 30-g-Riegel-Pckg , (1 kg = 10.75)",Knaller,"1,29 €","b'ProduktbeschreibungArtikelnummer 544828Ohne Zusatz von Konservierungsstoffen.* *lt. Gesetz\r\nOhne Farbstoffe\r\nCremig Lecker\r\nCream up your crunchZutaten & AllergeneZutaten: Kakaohaltige Getreidecrispies 17% (Reismehl, WEIZENMEHL, fettarmes Kakaopulver, VOLLMILCHPULVER 2%, Zucker, Maismehl, Salz), Cornflakes 15% (Mais, Zucker, Salz, GERSTENMALZEXTRAKT), Kokosfett, Glukosesirup, Glukose-Fruktose-Sirup, Oligofruktose, Traubenzucker, VOLLKORNHAFERFLOCKEN 5%, Honig 5%, Zucker, Palm\xc3\xb6l, VOLLMILCHPULVER 3%, MAGERMILCHPULVER 3%, Stabilisator Glycerin, Karamellzuckersirup, Salz, Emulgator Lecithine, nat\xc3\xbcrliche Aromen.Allergenhinweise: Enth\xc3\xa4lt: Glutenhaltiges Getreide und glutenhaltige Getreideerzeugnisse. Milch und Milcherzeugnisse (einschlie\xc3\x9flich Lactose). Kann enthalten: N\xc3\xbcsse und Nusserzeugnisse. Erdn\xc3\xbcsse und Erdnusserzeugnisse.N\xc3\xa4hrwerteDurchschnittliche N\xc3\xa4hrwerteUnzubereitet pro 100 gEnergie1.882 kJEnergie449 kcalFett19,1 gFett, davon ges\xc3\xa4ttigte Fetts\xc3\xa4uren16,1 gKohlenhydrate60,5 gKohlenhydrate, davon Zucker30,3 gBallaststoffe6,4 gEiwei\xc3\x9f5,8 gSalz0,74 gHinweiseAufbewahrungs- und Verwendungshinweis: Vor W\xc3\xa4rme sch\xc3\xbctzen. K\xc3\xbchl und trocken lagern.ArtikeldetailsMarke: CORNYUrsprungsland: DeutschlandKontaktKontaktname: Schwartauer Werke GmbH & Co. KGaAKontaktadresse: 23608 Bad SchwartauMaximale Bestellmenge: 15 St\xc3\xbcckF\xc3\xbcr die vorstehenden Angaben wird keine Haftung \xc3\xbcbernommen. Bitte pr\xc3\xbcfen Sie im Einzelfall die Angaben auf der jeweiligen Produktverpackung, nur diese sind verbindlich.Das Produktdesign kann von der Abbildung abweichen.'",Grenzhöfer Weg 29,Rewe,Frühstück,2023-07-09,"Gültig ab morgen bis Samstag, 15.07.2023"
Lavazza Caffè Crema Classico oder Crema e Aroma,https://img.rewe-static.de/REWE28_2023/0293182/30798874-10_digital-image.png?impolicy=s-offers&imwidth=200&output-format=image/webp,,https://shop.rewe.de/productList?search=2832136,,"ganze Bohnen , je 1000-g-Btl",Knaller,"9,99 €","b'ProduktbeschreibungArtikelnummer 293182Eine sehr vielseitige Mischung aus Arabica und Robusta Bohnen. HinweiseAufbewahrungs- und Verwendungshinweis: trocken lagern.ArtikeldetailsMarke: LavazzaUrsprungsland: ItalienKontaktKontaktname: LUIGI LAVAZZA S.p.A.Kontaktadresse: C. SO NOVARA, 59- 10154 TORINO - ITALIAMaximale Bestellmenge: 15 St\xc3\xbcckF\xc3\xbcr die vorstehenden Angaben wird keine Haftung \xc3\xbcbernommen. Bitte pr\xc3\xbcfen Sie im Einzelfall die Angaben auf der jeweiligen Produktverpackung, nur diese sind verbindlich.Das Produktdesign kann von der Abbildung abweichen.'",Grenzhöfer Weg 29,Rewe,Frühstück,2023-07-09,"Gültig ab morgen bis Samstag, 15.07.2023"
Jacobs Tassimokapseln Cappuccino,https://img.rewe-static.de/REWE28_2023/1398796/20366868-22_digital-image.png?impolicy=s-offers&imwidth=200&output-format=image/webp,,https://shop.rewe.de/productList?search=2832136,,"je 260-g-Pckg , (1 kg = 15.35)",Aktion,"3,99 €","b'ProduktbeschreibungArtikelnummer 1398796K\xc3\xb6stlich cremiger Cappuccino von Tassimo mit dem Jacobs Verw\xc3\xb6hnaroma. Eine Kombination aus intensivem Espresso mit feinem Schaum. \nIhr Lieblingsgetr\xc3\xa4nk - vollautomatisch mit nur einem Knopfdruck zubereitet. \n1 Getr\xc3\xa4nk = 190 ml. Der Tassimo Cappuccino Classico von Jacobs ist eine Kombination aus intensivem Espresso und einer Milchschaumschicht. Eine speziell hergestellte Mischung aus perfekt ger\xc3\xb6steten Espressobohnen, um den authentischen Cappuccino-Geschmack zu kreieren. Genie\xc3\x9fe die Kombination aus intensivem Espresso und feinem Schaum mit dem k\xc3\xb6stlichen Jacobs Cappuccino.Zutaten & AllergeneZutaten: Ultrafiltriertes VOLLMILCHKONZENTRAT (60%), gemahlener R\xc3\xb6stkaffee (20%), Zucker (11%), Wasser, Salz, S\xc3\xa4ureregulator (E339).Allergenhinweise: VOLLMILCHKONZENTRATEnth\xc3\xa4lt: Milch und Milcherzeugnisse (einschlie\xc3\x9flich Lactose).N\xc3\xa4hrwerteDurchschnittliche N\xc3\xa4hrwerteZubereitet pro 100 mlEnergie105 kJEnergie25 kcalFett1,3 gFett, davon ges\xc3\xa4ttigte Fetts\xc3\xa4uren0,9 gKohlenhydrate2,2 gKohlenhydrate, davon Zucker2,2 gBallaststoffe0 gEiwei\xc3\x9f1,1 gSalz0,1 gHinweiseAufbewahrungs- und Verwendungshinweis: Trocken, dunkel lagern und vor W\xc3\xa4rme sch\xc3\xbctzen.Information: unter Schutzatmosph\xc3\xa4re verpacktArtikeldetailsMarke: TassimoUrsprungsland: DeutschlandKontaktKontaktname: JACOBS DOUWE EGBERTSKontaktadresse: Oosterdoksstraat 80, 1011 DK Amsterdam, The NetherlandsMaximale Bestellmenge: 15 St\xc3\xbcckF\xc3\xbcr die vorstehenden Angaben wird keine Haftung \xc3\xbcbernommen. Bitte pr\xc3\xbcfen Sie im Einzelfall die Angaben auf der jeweiligen Produktverpackung, nur diese sind verbindlich.Das Produktdesign kann von der Abbildung abweichen.'",Grenzhöfer Weg 29,Rewe,Frühstück,2023-07-09,"Gültig ab morgen bis Samstag, 15.07.2023"
Jacobs Tassimokapseln Caffè Crema XL,https://img.rewe-static.de/REWE28_2023/1398793/20366870-34_digital-image.png?impolicy=s-offers&imwidth=200&output-format=image/webp,,https://shop.rewe.de/productList?search=2832136,,"je 132,8-g-Pckg , (1 kg = 30.05)",Aktion,"3,99 €","b'ProduktbeschreibungArtikelnummer 1398793Mit der praktischen XL-Becherportion h\xc3\xa4lt der Kaffeegenuss des Tassimo Jacobs Caff\xc3\xa8 Crema Classico XL noch l\xc3\xa4nger an. Erleben Sie den vollmundigen Geschmack des Jacobs Verw\xc3\xb6hnaromas und die samtige, goldene Crema. \nIhr Lieblingsgetr\xc3\xa4nk - vollautomatisch mit nur einem Knopfdruck zubereitet. \n1 Getr\xc3\xa4nk = 215 ml. Mit der praktischen XL-Becherportion h\xc3\xa4lt der Kaffeegenuss des TASSIMO Jacobs Caff\xc3\xa8 Crema classico XL noch l\xc3\xa4nger an. Erleben Sie den vollmundigen Geschmack des Jacobs Verw\xc3\xb6hnaromas und die samtige, goldene Crema. \nIhr Lieblingsgetr\xc3\xa4nk - vollautomatisch mit nur einem Knopfdruck zubereitet. \n1 Getr\xc3\xa4nk = 215 mlZutaten & AllergeneAllergenhinweise: Enth\xc3\xa4lt: Keine deklarationspflichtigen Allergene enthalten.HinweiseAufbewahrungs- und Verwendungshinweis: Trocken lagern und vor W\xc3\xa4rme sch\xc3\xbctzen.Information: unter Schutzatmosph\xc3\xa4re verpacktArtikeldetailsMarke: TassimoUrsprungsland: DeutschlandSorte: ClassicoKontaktKontaktname: JACOBS DOUWE EGBERTSKontaktadresse: Oosterdoksstraat 80, 1011 DK Amsterdam, The NetherlandsMaximale Bestellmenge: 15 St\xc3\xbcckF\xc3\xbcr die vorstehenden Angaben wird keine Haftung \xc3\xbcbernommen. Bitte pr\xc3\xbcfen Sie im Einzelfall die Angaben auf der jeweiligen Produktverpackung, nur diese sind verbindlich.Das Produktdesign kann von der Abbildung abweichen.'",Grenzhöfer Weg 29,Rewe,Frühstück,2023-07-09,"Gültig ab morgen bis Samstag, 15.07.2023"
Wasa Milch & Joghurtknäcke,https://img.rewe-static.de/REWE28_2023/7909062/33278373-9_digital-image.png?impolicy=s-offers&imwidth=200&output-format=image/webp,,https://shop.rewe.de/productList?search=2832136,,"je 230-g-Pckg , (1 kg = 8.65)",Aktion,"1,99 €","b'ProduktbeschreibungArtikelnummer 7909062Zutaten & AllergeneZutaten: ROGGENVOLLKORNMEHL (105 g**), entrahmte MILCH (16 g**), JOGHURTPULVER, MOLKENPULVER, Salz. Kann Spuren von SESAMSAMEN enthalten. Die hervorgehobenen Zutaten k\xc3\xb6nnen bei Personen mit Allergien und Unvertr\xc3\xa4glichkeiten Reaktionen verursachen. . **in g pro 100 g ProduktAllergenhinweise: Enth\xc3\xa4lt: Glutenhaltiges Getreide und glutenhaltige Getreideerzeugnisse. Roggen und Roggenerzeugnisse (glutenhaltiges Getreide). Milch und Milcherzeugnisse (einschlie\xc3\x9flich Lactose). Kann enthalten: Sesamsamen und Sesamsamenerzeugnisse.N\xc3\xa4hrwerteDurchschnittliche N\xc3\xa4hrwerteUnzubereitet pro 100 gEnergie1.424 kJEnergie338 kcalFett2 gFett, davon ges\xc3\xa4ttigte Fetts\xc3\xa4uren0,3 gKohlenhydrate60,5 gKohlenhydrate, davon Zucker3,5 gBallaststoffe20 gEiwei\xc3\x9f9,5 gSalz1,15 gHinweiseAufbewahrungs- und Verwendungshinweis: Trocken und vor Licht gesch\xc3\xbctzt aufbewahren.ArtikeldetailsMarke: WasaUrsprungsland: DeutschlandKontaktKontaktname: Barilla Deutschland GmbH, Bereich WasaKontaktadresse: Wasastra\xc3\x9fe 10, D-29229 CelleMaximale Bestellmenge: 15 St\xc3\xbcckF\xc3\xbcr die vorstehenden Angaben wird keine Haftung \xc3\xbcbernommen. Bitte pr\xc3\xbcfen Sie im Einzelfall die Angaben auf der jeweiligen Produktverpackung, nur diese sind verbindlich.Das Produktdesign kann von der Abbildung abweichen.'",Grenzhöfer Weg 29,Rewe,Frühstück,2023-07-09,"Gültig ab morgen bis Samstag, 15.07.2023"
Wasa Knäckebrot Rustikal,https://img.rewe-static.de/REWE28_2023/1995073/674470-38_digital-image.png?impolicy=s-offers&imwidth=200&output-format=image/webp,,https://shop.rewe.de/productList?search=2832136,,"je 275-g-Pckg , (1 kg = 7.24)",Aktion,"1,99 €","b'ProduktbeschreibungArtikelnummer 1995073Zutaten & AllergeneZutaten: ROGGENVOLLKORNMEHL, ROGGENKLEIE, Salz, Hefe. DIE HERVORGEHOBENEN ZUTATEN K\xc3\x96NNEN BEI PERSONEN MIT ALLERGIEN UND UNVERTR\xc3\x84GLICHKEITEN REAKTIONEN VERURSACHEN.Allergenhinweise: Enth\xc3\xa4lt: Glutenhaltiges Getreide und glutenhaltige Getreideerzeugnisse. Roggen und Roggenerzeugnisse (glutenhaltiges Getreide).N\xc3\xa4hrwerteDurchschnittliche N\xc3\xa4hrwerteUnzubereitet pro 100 gEnergie1.377 kJEnergie327 kcalFett1,5 gFett, davon ges\xc3\xa4ttigte Fetts\xc3\xa4uren0,4 gKohlenhydrate59,3 gKohlenhydrate, davon Zucker1,5 gBallaststoffe20 gEiwei\xc3\x9f9 gSalz1,25 gHinweiseAufbewahrungs- und Verwendungshinweis: Trocken und vor Licht gesch\xc3\xbctzt aufbewahrenArtikeldetailsMarke: WasaUrsprungsland: SchwedenKontaktKontaktname: Barilla Deutschland GmbH, Bereich WasaKontaktadresse: Wasastra\xc3\x9fe 10, D-29229 CelleMaximale Bestellmenge: 15 St\xc3\xbcckF\xc3\xbcr die vorstehenden Angaben wird keine Haftung \xc3\xbcbernommen. Bitte pr\xc3\xbcfen Sie im Einzelfall die Angaben auf der jeweiligen Produktverpackung, nur diese sind verbindlich.Das Produktdesign kann von der Abbildung abweichen.'",Grenzhöfer Weg 29,Rewe,Frühstück,2023-07-09,"Gültig ab morgen bis Samstag, 15.07.2023"
Mestemacher Wraps,https://img.rewe-static.de/REWE28_2023/8722477/35581003-6_digital-image.png?impolicy=s-offers&imwidth=200&output-format=image/webp,,https://shop.rewe.de/productList?search=2832136,,"versch. Sorten , je 300-g-Pckg , (1 kg = 7.30)",Aktion,"2,19 €","b'ProduktbeschreibungArtikelnummer 8722477Man nehme italienisches Temperament, ein Originalrezept und kaltgepresstes Oliven\xc3\xb6l. Diese Zutaten machen unsere Wraps zu etwas ganz Besonderem!Zutaten & AllergeneZutaten: DINKELMEHL*1), Wasser, natives Oliven\xc3\xb6l extra* (5 %), Sonnenblumen\xc3\xb6l*, Meersalz, nat\xc3\xbcrliches Rosmarinaroma. * aus biologischem Landbau 1)Mit Dinkelmehl aus der EU. Kann Spuren von SOJA und SENF enthalten.Allergenhinweise: Enth\xc3\xa4lt: Glutenhaltiges Getreide und glutenhaltige Getreideerzeugnisse. Dinkel und Dinkelerzeugnisse (glutenhaltiges Getreide). Kann enthalten: Soja und Sojaerzeugnisse. Senf- und Senferzeugnisse.N\xc3\xa4hrwerteDurchschnittliche N\xc3\xa4hrwerteUnzubereitet pro 100 gEnergie1.280 kJEnergie304 kcalFett8,6 gFett, davon ges\xc3\xa4ttigte Fetts\xc3\xa4uren1,1 gKohlenhydrate45,7 gKohlenhydrate, davon Zucker1 gBallaststoffe3,1 gEiwei\xc3\x9f9,5 gSalz1,1 gHinweiseAufbewahrungs- und Verwendungshinweis: K\xc3\xbchl und trocken lagern.ArtikeldetailsMarkeMestemacherEigenschaftenVegan, BioUrsprungslandItalienServiervorschlagNach Belieben f\xc3\xbcllen, z.B. mit Salat oder Geschnetzeltem.\xc3\x96ko KontrollstelleIT-BIO-007Ort der ErzeugungEU-LandwirtschaftKontaktKontaktname: Mestemacher GmbHKontaktadresse: Postfach 2451 - 33254 G\xc3\xbcterslohF\xc3\xbcr die vorstehenden Angaben wird keine Haftung \xc3\xbcbernommen. Bitte pr\xc3\xbcfen Sie im Einzelfall die Angaben auf der jeweiligen Produktverpackung, nur diese sind verbindlich.Das Produktdesign kann von der Abbildung abweichen.'",Grenzhöfer Weg 29,Rewe,Frühstück,2023-07-09,"Gültig ab morgen bis Samstag, 15.07.2023"
Lavazza Crema e Gusto oder Espresso,https://img.rewe-static.de/REWE28_2023/7713584/29141056-8_digital-image.png?impolicy=s-offers&imwidth=200&output-format=image/webp,,https://shop.rewe.de/productList?search=2832136,,"versch. Sorten , je 250-g-Pckg , (1 kg = 13.96)",Aktion,"3,49 €","b'ProduktbeschreibungArtikelnummer 7713584Die Mischung besteht aus einer Auswahl hochwertiger, rassiger Arabicas (30 %) und Robustas (70 %) und ist ideal f\xc3\xbcr all diejenigen geeignet, die jeden Augenblick des Tages ein intensives Geschmackserlebnis genie\xce\xb2en m\xc3\xb6chten. HinweiseAufbewahrungs- und Verwendungshinweis: trocken lagern.ArtikeldetailsMarke: LavazzaUrsprungsland: ItalienSorte: Crema e GustoKontaktKontaktname: LUIGI LAVAZZA S.p.A.Kontaktadresse: C. SO NOVARA, 59- 10154 TORINO - ITALIAMaximale Bestellmenge: 15 St\xc3\xbcckF\xc3\xbcr die vorstehenden Angaben wird keine Haftung \xc3\xbcbernommen. Bitte pr\xc3\xbcfen Sie im Einzelfall die Angaben auf der jeweiligen Produktverpackung, nur diese sind verbindlich.Das Produktdesign kann von der Abbildung abweichen.'",Grenzhöfer Weg 29,Rewe,Frühstück,2023-07-09,"Gültig ab morgen bis Samstag, 15.07.2023"
Heinz Mayonnaise,https://img.rewe-static.de/REWE28_2023/8280030/29291195-23_digital-image.png?impolicy=s-offers&imwidth=200&output-format=image/webp,,https://shop.rewe.de/productList?search=2832136,,"je 495-ml-Fl , (1 l = 4.02)",Aktion,"1,99 €","b'ProduktbeschreibungArtikelnummer 8280030Das Original: Die k\xc3\xb6stliche Heinz Mayonnaise \xc3\xbcberzeugt mit ihrem vollmundigen Geschmack und erg\xc3\xa4nzt die unterschiedlichsten Gerichte um eine cremige Note. Die leckere Mayonnaise von Heinz ist aus hochwertigsten Zutaten sowie Eiern aus Freilandhaltung hergestellt und sorgt so f\xc3\xbcr einen besonders frischen Geschmack. Ob zu Kartoffelprodukten, Sandwiches oder als Basis f\xc3\xbcr Salatdressings - ihre feine W\xc3\xbcrze macht die Mayonnaise von Heinz zu einem einmalig cremigen Genuss. Dank der praktischen Dosier\xc3\xb6ffnung ist schnelles und sauberes Dosieren ganz einfach - so wird die gro\xc3\x9fe Squeezeflasche zum Must-have auf jeder Grillparty. Ohne k\xc3\xbcnstliche Farbstoffe und Aromen / Einfache Dosierung / Ideal f\xc3\xbcr Burger, Pommes u. v. m.... mehr anzeigenEcht etwas Besonderes: Eine frisch schmeckende und lecker cremige Mayonnaise, hergestellt aus hochwertigsten Zutaten \xe2\x80\xa6und Eiern aus Freilandhaltung.Zutaten & AllergeneZutaten: Raps\xc3\xb6l 68%, Wasser, pasteurisiertes EIGELB\xe2\x80\xa0 5%, Branntweinessig\xe2\x80\xa0\xe2\x80\xa0, Zucker, St\xc3\xa4rke, Salz, SENFSAMEN, Gew\xc3\xbcrze, Antioxidationsmittel (Calcium-Dinatrium-EDTA). \xe2\x80\xa0Von Eiern aus Freilandhaltung. \xe2\x80\xa0\xe2\x80\xa0\xc3\x96sterreich: Weingeistessig.Allergenhinweise: Enth\xc3\xa4lt: Eier und Eierzeugnisse. Senf- und Senferzeugnisse.N\xc3\xa4hrwerteDurchschnittliche N\xc3\xa4hrwerteUnzubereitet pro 100 gEnergie2.650 kJEnergie644 kcalFett70 gFett, davon ges\xc3\xa4ttigte Fetts\xc3\xa4uren6,7 gKohlenhydrate3 gKohlenhydrate, davon Zucker1,5 gEiwei\xc3\x9f0,8 gSalz1 gHinweiseAufbewahrungs- und Verwendungshinweis: Nach dem \xc3\x96ffnen gek\xc3\xbchlt aufbewahren.ArtikeldetailsMarke: HeinzUrsprungsland: NiederlandeKontaktKontaktname: H. J. Heinz GmbHKontaktadresse: Postfach 14 05 55, 40075 D\xc3\xbcsseldorf, DeutschlandF\xc3\xbcr die vorstehenden Angaben wird keine Haftung \xc3\xbcbernommen. Bitte pr\xc3\xbcfen Sie im Einzelfall die Angaben auf der jeweiligen Produktverpackung, nur diese sind verbindlich.Das Produktdesign kann von der Abbildung abweichen.'",Grenzhöfer Weg 29,Rewe,Kochen & Backen,2023-07-09,"Gültig ab morgen bis Samstag, 15.07.2023"
Appel Heringsfilets,https://img.rewe-static.de/REWE28_2023/8648160/33102496-7_digital-image.png?impolicy=s-offers&imwidth=200&output-format=image/webp,,https://shop.rewe.de/productList?search=2832136,,"versch. Sorten , je 200-g-Dose , (1 kg = 5.95)",Aktion,"1,19 €","b'ProduktbeschreibungArtikelnummer 8648160Zutaten & AllergeneZutaten: HERINGSFILETS (60%), Tomatenmark (14%), Wasser, Raps\xc3\xb6l, Zucker, Branntweinessig, Verdickungsmittel: Guarkernmehl; Speisesalz, modifizierte St\xc3\xa4rke, Gew\xc3\xbcrze.Allergenhinweise: Enth\xc3\xa4lt: Fisch und Fischerzeugnisse.N\xc3\xa4hrwerteDurchschnittliche N\xc3\xa4hrwerteUnzubereitet pro 100 gEnergie906 kJEnergie218 kcalFett16,1 gFett, davon ges\xc3\xa4ttigte Fetts\xc3\xa4uren2,7 gKohlenhydrate5,2 gKohlenhydrate, davon Zucker4,5 gEiwei\xc3\x9f12 gSalz0,98 gArtikeldetailsMarke: AppelNettof\xc3\xbcllmenge: 200 GUrsprungsland: DeutschlandKontaktKontaktname: Appel Feinkost GmbH & Co. KGKontaktadresse: D-27472 CuxhavenMaximale Bestellmenge: 15 St\xc3\xbcckF\xc3\xbcr die vorstehenden Angaben wird keine Haftung \xc3\xbcbernommen. Bitte pr\xc3\xbcfen Sie im Einzelfall die Angaben auf der jeweiligen Produktverpackung, nur diese sind verbindlich.Das Produktdesign kann von der Abbildung abweichen.'",Grenzhöfer Weg 29,Rewe,Kochen & Backen,2023-07-09,"Gültig ab morgen bis Samstag, 15.07.2023"
Händlmaier Mittelscharfer Senf,https://img.rewe-static.de/REWE28_2023/8231117/8151880-12_digital-image.png?impolicy=s-offers&imwidth=200&output-format=image/webp,,https://shop.rewe.de/productList?search=2832136,,"je 250-ml-Glas , (1 l = 3.96)",Aktion,"0,99 €","b""ProduktbeschreibungArtikelnummer 8231117Zutaten & AllergeneZutaten: Wasser, SENFSAATEN, Branntweinessig, Speisesalz, Zucker, Gew\xc3\xbcrze, EstragonextraktAllergenhinweise: Enth\xc3\xa4lt: Senf- und Senferzeugnisse.N\xc3\xa4hrwerteDurchschnittliche N\xc3\xa4hrwerteUnzubereitet pro 100 mlEnergie377 kJEnergie90 kcalFett4,9 gFett, davon ges\xc3\xa4ttigte Fetts\xc3\xa4uren0,4 gKohlenhydrate3,4 gKohlenhydrate, davon Zucker2,7 gEiwei\xc3\x9f6 gSalz2,9 gHinweiseAufbewahrungs- und Verwendungshinweis: Nach dem \xc3\xb6ffnen k\xc3\xbchl lagen.ArtikeldetailsMarke: H\xc3\xa4ndlmaier'sUrsprungsland: DeutschlandPackungsgr\xc3\xb6\xc3\x9fe: 250mlKontaktKontaktname: Luise H\xc3\xa4ndlmaier GmbHKontaktadresse: Eschenbacher Stra\xc3\x9fe 2 93057 RegensburgF\xc3\xbcr die vorstehenden Angaben wird keine Haftung \xc3\xbcbernommen. Bitte pr\xc3\xbcfen Sie im Einzelfall die Angaben auf der jeweiligen Produktverpackung, nur diese sind verbindlich.Das Produktdesign kann von der Abbildung abweichen.""",Grenzhöfer Weg 29,Rewe,Kochen & Backen,2023-07-09,"Gültig ab morgen bis Samstag, 15.07.2023"
Händlmaier Mittelscharfer Senf,https://img.rewe-static.de/REWE28_2023/8231176/3047510-6_digital-image.png?impolicy=s-offers&imwidth=200&output-format=image/webp,,https://shop.rewe.de/productList?search=2832136,,"je 200-ml-Tube , (1 l = 4.95)",Aktion,"0,99 €","b""ProduktbeschreibungArtikelnummer 8231176Zutaten & AllergeneZutaten: Wasser, SENFSAATEN, Branntweinessig, Speisesalz, Zucker, Gew\xc3\xbcrze, Estragonextrakt.Allergenhinweise: Enth\xc3\xa4lt: Senf- und Senferzeugnisse.N\xc3\xa4hrwerteDurchschnittliche N\xc3\xa4hrwerteUnzubereitet pro 100 mlEnergie377 kJEnergie90 kcalFett4,9 gFett, davon ges\xc3\xa4ttigte Fetts\xc3\xa4uren0,4 gKohlenhydrate3,4 gKohlenhydrate, davon Zucker2,7 gEiwei\xc3\x9f6 gSalz2,9 gHinweiseAufbewahrungs- und Verwendungshinweis: Nach dem \xc3\x96ffnen k\xc3\xbchl lagern.ArtikeldetailsMarke: H\xc3\xa4ndlmaier'sUrsprungsland: DeutschlandPackungsgr\xc3\xb6\xc3\x9fe: 200mlKontaktKontaktname: Luise H\xc3\xa4ndlmaier GmbHKontaktadresse: Eschenbacher Str. 293057 RegensburgF\xc3\xbcr die vorstehenden Angaben wird keine Haftung \xc3\xbcbernommen. Bitte pr\xc3\xbcfen Sie im Einzelfall die Angaben auf der jeweiligen Produktverpackung, nur diese sind verbindlich.Das Produktdesign kann von der Abbildung abweichen.""",Grenzhöfer Weg 29,Rewe,Kochen & Backen,2023-07-09,"Gültig ab morgen bis Samstag, 15.07.2023"
Kölln Schoko Müsli,https://img.rewe-static.de/REWE28_2023/7894490/1202580-76_digital-image.png?impolicy=s-offers&imwidth=200&output-format=image/webp,,https://shop.rewe.de/productList?search=2832136,,"je 2000-g-Pckg , (1 kg = 3.25)",Aktion,"6,49 €","b'ProduktbeschreibungArtikelnummer 7894490K\xc3\xb6lln M\xc3\xbcsli f\xc3\xbcr Schoko-Freunde\r\nErn\xc3\xa4hrungsexperten sind sich einig. Das allmorgendliche Fr\xc3\xbchst\xc3\xbcck ist wichtig, denn ein Auff\xc3\xbcllen der \xe2\x80\x9eReserven\xe2\x80\x9c bildet jetzt die Grundlage f\xc3\xbcr den Start in den Tag. Dar\xc3\xbcber hinaus bietet die Zeit am Fr\xc3\xbchst\xc3\xbcckstisch eine besondere Gelegenheit, sich auf die kommenden Stunden einzustimmen.\r\nNicht zuf\xc3\xa4llig machte Dr. Bircher-Benner den Hafer zur Grundlage f\xc3\xbcr seine ber\xc3\xbchmte \xe2\x80\x9eErfindung\xe2\x80\x9c: das M\xc3\xbcsli. Denn Hafer ist mit seinem nussigen Geschmack das ideale Fr\xc3\xbchst\xc3\xbccksgetreide. K\xc3\xb6lln M\xc3\xbcslis basieren auf K\xc3\xb6llnflocken und weisen dadurch immer einen nennenswerten Gehalt an Vollkorn-Hafer auf. Ob gleich am Morgen oder zwischendurch, ob schokoladig, mit N\xc3\xbcssen oder in Kombination mit Fr\xc3\xbcchten \xe2\x80\x93 K\xc3\xb6lln bietet vielerlei M\xc3\xb6glichkeiten f\xc3\xbcr ein \xe2\x80\x9eGute-Laune-Fr\xc3\xbchst\xc3\xbcck\xe2\x80\x9c.\r\n\r\nK\xc3\xb6lln Schoko Hafer-M\xc3\xbcsli - das Original ! - einfach schokoladig lecker!\r\nEnde der 1970er Jahre nahmen wir das beliebte Fr\xc3\xbchst\xc3\xbcck \xe2\x80\x9eK\xc3\xb6llnflocken mit Kakao und Milch\xe2\x80\x9c auf \xe2\x80\x93 und erfanden so das Schoko M\xc3\xbcsli. Eine Kombination aus Bl\xc3\xbctenzarten K\xc3\xb6llnflocken, Echten K\xc3\xb6lln Kernigen, K\xc3\xb6lln Schokofleks und Haselnusskrokant. Diese M\xc3\xbcsli-Spezialit\xc3\xa4t erh\xc3\xa4lt ihre besondere Note durch einen Anteil von 20 % Vollmilch- und Zartbitterschokolade. Bis heute hat kein anderes K\xc3\xb6lln M\xc3\xbcsli hat so viele Fans wie das Original!Zutaten & AllergeneZutaten: Vollkorn-HAFERflocken (58 %), Zucker, Kakaomasse*, Vollkorn-HAFERmehl (4 %), Karamellsirup, WEIZENmehl, VollMILCHpulver, Kakaobutter*, gehackte HASELNUSSKERNE, fettarmes Kakaopulver*, S\xc3\xbc\xc3\x9fMOLKEnpulver, Maisst\xc3\xa4rke, GERSTEnmalzextrakt, Invertzuckersirup, Speisesalz, Emulgator Lecithine. *Rainforest Alliance-zertifiziert  Hinweis f\xc3\xbcr Allergiker Kann weitere Schalenfr\xc3\xbcchte enthalten.Allergenhinweise: Enth\xc3\xa4lt: Glutenhaltiges Getreide und glutenhaltige Getreideerzeugnisse. Milch und Milcherzeugnisse (einschlie\xc3\x9flich Lactose). Haselnuss und Haselnusserzeugnisse. Hafer und Hafererzeugnisse (glutenhaltiges Getreide). Gerste und Gerstenerzeugnisse (glutenhaltiges Getreide). Weizen und Weizenerzeugnisse (glutenhaltiges Getreide). Kann enthalten: N\xc3\xbcsse und Nusserzeugnisse.N\xc3\xa4hrwerteDurchschnittliche N\xc3\xa4hrwerteUnzubereitet pro 100 gEnergie1.705 kJEnergie406 kcalFett11 gFett, davon ges\xc3\xa4ttigte Fetts\xc3\xa4uren4,7 gKohlenhydrate61 gKohlenhydrate, davon Zucker22 gBallaststoffe9,1 gEiwei\xc3\x9f11 gSalz0,25 gThiamin0,24 mgPhosphor322 mgMagnesium127 mgEisen4,6 mgZink2,3 mgHinweiseAufbewahrungs- und Verwendungshinweis: Vor W\xc3\xa4rme gesch\xc3\xbctzt und trocken lagern. Beutel nach dem \xc3\x96ffnen wieder gut verschlie\xc3\x9fen.Information: F\xc3\xbcllstand technisch bedingt.ArtikeldetailsMarke: K\xc3\xb6llnUrsprungsland: DeutschlandKontaktKontaktname: Peter K\xc3\xb6lln GmbH & Co. KGaAKontaktadresse: Westerstra\xc3\x9fe 22-24 25336 Elmshorn, DeutschlandMaximale Bestellmenge: 15 St\xc3\xbcckF\xc3\xbcr die vorstehenden Angaben wird keine Haftung \xc3\xbcbernommen. Bitte pr\xc3\xbcfen Sie im Einzelfall die Angaben auf der jeweiligen Produktverpackung, nur diese sind verbindlich.Das Produktdesign kann von der Abbildung abweichen.'",Grenzhöfer Weg 29,Rewe,Kochen & Backen,2023-07-09,"Gültig ab morgen bis Samstag, 15.07.2023"
Heinz Tomato Ketchup,https://img.rewe-static.de/REWE28_2023/7817568/23317171-10_digital-image.png?impolicy=s-offers&imwidth=200&output-format=image/webp,,https://shop.rewe.de/productList?search=2832136,,"je 500-ml-Fl , (1 l = 3.98)",Aktion,"1,99 €","b'ProduktbeschreibungArtikelnummer 7817568Tradition seit 1889: Der k\xc3\xb6stliche Tomatenketchup von Heinz \xc3\xbcberzeugt seit Generationen mit seinem einzigartigen, intensiven Geschmack und sorgt f\xc3\xbcr puren Genuss. Nach traditionellem Originalrezept: In Heinz Ketchup steckt der unverwechselbare Geschmack sonnengereifter Tomaten und feiner W\xc3\xbcrze, der sich bei jedem Essen im Mund entfaltet. Ob zu Pommes Frites, saftigen Spie\xc3\x9fen oder k\xc3\xb6stlichen Meatballs, der Klassiker von Heinz verfeinert zahlreiche Snacks und Gerichte mit einer fruchtig-w\xc3\xbcrzigen Note. Durch der praktischen Dosier\xc3\xb6ffnung ist schnelles und sauberes Dosieren ganz einfach - so wird die gro\xc3\x9fe Kopfsteher-Squeezeflasche zum Must-have auf jeder Grillparty. Ohne Konservierungsstoffe und Verdickungsmittel / Nur mit nat\xc3\xbcrlichen Aromen / Ideal f\xc3\xbcr W\xc3\xbcrstchen, Pommes, Gem\xc3\xbcse u. v. m.... mehr anzeigenDer tomatig-fruchtige Klassiker mit der feinen W\xc3\xbcrze nach traditionellem Originalrezept.Zutaten & AllergeneZutaten: Tomaten (148 g pro 100 g Tomaten Ketchup), Branntweinessig*, Zucker, Salz, Gew\xc3\xbcrz- und Kr\xc3\xa4uterextrakte (enth\xc3\xa4lt SELLERIE), Gew\xc3\xbcrz. *\xc3\x96sterreich: Weingeistessig.Allergenhinweise: Enth\xc3\xa4lt: Sellerie und Sellerieerzeugnisse.N\xc3\xa4hrwerteDurchschnittliche N\xc3\xa4hrwerteUnzubereitet pro 100 gEnergie435 kJEnergie102 kcalFett0,1 gFett, davon ges\xc3\xa4ttigte Fetts\xc3\xa4uren< 0,1 gKohlenhydrate23,2 gKohlenhydrate, davon Zucker22,2 gEiwei\xc3\x9f1,2 gSalz1,8 gHinweiseAufbewahrungs- und Verwendungshinweis: Nach dem \xc3\x96ffnen gek\xc3\xbchlt aufbewahren.ArtikeldetailsMarke: HeinzUrsprungsland: NiederlandeKontaktKontaktname: H.J. Heinz GmbHKontaktadresse: Postfach 14 05 55, 40075 D\xc3\xbcsseldorf, DeutschlandF\xc3\xbcr die vorstehenden Angaben wird keine Haftung \xc3\xbcbernommen. Bitte pr\xc3\xbcfen Sie im Einzelfall die Angaben auf der jeweiligen Produktverpackung, nur diese sind verbindlich.Das Produktdesign kann von der Abbildung abweichen.'",Grenzhöfer Weg 29,Rewe,Kochen & Backen,2023-07-09,"Gültig ab morgen bis Samstag, 15.07.2023"
REWE Beste Wahl Thymian,https://img.rewe-static.de/REWE28_2023/8414795/31134576-11_digital-image.png?impolicy=s-offers&imwidth=200&output-format=image/webp,,https://shop.rewe.de/productList?search=2832136,,"gerebelt , je 16-g-Glas , (1 kg = 86.88)",Aktion,"1,39 €","b""ProduktbeschreibungArtikelnummer 8414795Zutaten & AllergeneZutaten:  Kann Spuren von Gluten, Senf und Sellerie enthalten.HinweiseAufbewahrungshinweise: Trocken und k\xc3\xbchl lagern. Vor Licht sch\xc3\xbctzen.Verwendungshinweise: Trocken lagern. Vor W\xc3\xa4rme sch\xc3\xbctzen.ArtikeldetailsMarke: REWE Beste WahlUrsprungsland: BelgienKontaktKontaktname: ISFI SPICES S.A.Kontaktadresse: 20, avenue de l'industrie, 1420 Braine- l`Alleud, BelgienMaximale Bestellmenge: 15 St\xc3\xbcckF\xc3\xbcr die vorstehenden Angaben wird keine Haftung \xc3\xbcbernommen. Bitte pr\xc3\xbcfen Sie im Einzelfall die Angaben auf der jeweiligen Produktverpackung, nur diese sind verbindlich.Das Produktdesign kann von der Abbildung abweichen.""",Grenzhöfer Weg 29,Rewe,Kochen & Backen,2023-07-09,"Gültig ab morgen bis Samstag, 15.07.2023"
REWE Beste Wahl Oregano,https://img.rewe-static.de/REWE28_2023/8013483/31140217-20_digital-image.png?impolicy=s-offers&imwidth=200&output-format=image/webp,,https://shop.rewe.de/productList?search=2832136,,"gerebelt , je 11-g-Glas , (1 kg = 126.36)",Aktion,"1,39 €","b""ProduktbeschreibungArtikelnummer 8013483Zutaten & AllergeneZutaten: Oregano, gerebelt   Kann Spuren von Gluten, Soja, Schalenfr\xc3\xbcchten, Erdn\xc3\xbcssen, Senf, Sellerie und Sesam enthalten.HinweiseAufbewahrungshinweise: Trocken lagern. Vor W\xc3\xa4rme sch\xc3\xbctzen.Verwendungshinweise: Trocken lagern. Vor W\xc3\xa4rme sch\xc3\xbctzen.ArtikeldetailsMarke: REWE Beste WahlKontaktKontaktname: ISFI SPICES S.A.Kontaktadresse: 20, avenue de l'industrie, 1420 Braine- l`Alleud, BelgienMaximale Bestellmenge: 15 St\xc3\xbcckF\xc3\xbcr die vorstehenden Angaben wird keine Haftung \xc3\xbcbernommen. Bitte pr\xc3\xbcfen Sie im Einzelfall die Angaben auf der jeweiligen Produktverpackung, nur diese sind verbindlich.Das Produktdesign kann von der Abbildung abweichen.""",Grenzhöfer Weg 29,Rewe,Kochen & Backen,2023-07-09,"Gültig ab morgen bis Samstag, 15.07.2023"
REWE Beste Wahl Spaghetti oder Linguine,https://img.rewe-static.de/REWE28_2023/2632428/24971043-33_digital-image.png?impolicy=s-offers&imwidth=200&output-format=image/webp,,https://shop.rewe.de/productList?search=2832136,,"je 500-g-Btl , (1 kg = 1.98)",Aktion,"0,99 €","b'ProduktbeschreibungArtikelnummer 2632428Zutaten & AllergeneZutaten: HARTWEIZENGRIESS  Kann Spuren von Soja enthalten.Allergenhinweise: Glutenhaltiges Getreide (Weizen, Gerste, Roggen, Hafer, Dinkel, Kamut oder Hybridst\xc3\xa4mme)N\xc3\xa4hrwerteDurchschnittliche N\xc3\xa4hrwertepro 100 gEnergie1.550 kJEnergie366 kcalFett1,3 gFett, davon ges\xc3\xa4ttigte Fetts\xc3\xa4uren0,2 gKohlenhydrate73 gKohlenhydrate, davon Zucker3 gEiwei\xc3\x9f14 gSalz< 0,01 gHinweiseVerwendungshinweise: Trocken lagern. Vor W\xc3\xa4rme sch\xc3\xbctzen.ArtikeldetailsMarke: REWE Beste WahlUrsprungsland: ItalienKontaktKontaktname: Pastificio Antonio Pallante S. R. LKontaktadresse: Stabilimento e direzione SS 87 km22, Capodrise (Ce), 81020, ItalienMaximale Bestellmenge: 15 St\xc3\xbcckF\xc3\xbcr die vorstehenden Angaben wird keine Haftung \xc3\xbcbernommen. Bitte pr\xc3\xbcfen Sie im Einzelfall die Angaben auf der jeweiligen Produktverpackung, nur diese sind verbindlich.Das Produktdesign kann von der Abbildung abweichen.'",Grenzhöfer Weg 29,Rewe,Kochen & Backen,2023-07-09,"Gültig ab morgen bis Samstag, 15.07.2023"
REWE Beste Wahl Italienisches Natives Olivenöl Extra,https://img.rewe-static.de/REWE28_2023/8425181/31525366-13_digital-image.png?impolicy=s-offers&imwidth=200&output-format=image/webp,,https://shop.rewe.de/productList?search=2832136,,"je 500-ml-Fl , (1 l = 9.98)",Aktion,"4,99 €","b'ProduktbeschreibungArtikelnummer 8425181Zutaten & AllergeneZutaten: keineN\xc3\xa4hrwerteDurchschnittliche N\xc3\xa4hrwertepro 100 mlEnergie3.378 kJEnergie822 kcalFett91,3 gFett, davon ges\xc3\xa4ttigte Fetts\xc3\xa4uren12 gKohlenhydrate0 gKohlenhydrate, davon Zucker0 gEiwei\xc3\x9f0 gSalz0 gHinweiseAufbewahrungshinweise: Bei Lagerung unter 6 \xc2\xb0C kann sich eine Eintr\xc3\xbcbung bzw. Flockenbildung ergeben. Das ist ein normaler Vorgang und das \xc3\x96l wird bei Raumtemperatur und durch Sch\xc3\xbctteln wieder klar. K\xc3\xbchl und lichtgesch\xc3\xbctzt aufbewahren.ArtikeldetailsMarke: REWE Beste WahlUrsprungsland: ItalienKontaktKontaktname: BLM Prod.- und Vertriebsges. mbH & Co. KKontaktadresse: G; Neue Str. 21, 21244 Buchholz, DeutschlandMaximale Bestellmenge: 15 St\xc3\xbcckF\xc3\xbcr die vorstehenden Angaben wird keine Haftung \xc3\xbcbernommen. Bitte pr\xc3\xbcfen Sie im Einzelfall die Angaben auf der jeweiligen Produktverpackung, nur diese sind verbindlich.Das Produktdesign kann von der Abbildung abweichen.'",Grenzhöfer Weg 29,Rewe,Kochen & Backen,2023-07-09,"Gültig ab morgen bis Samstag, 15.07.2023"
Develey Feinkost Sauce,https://img.rewe-static.de/REWE28_2023/2103004/21963541-38_digital-image.png?impolicy=s-offers&imwidth=200&output-format=image/webp,,https://shop.rewe.de/productList?search=2832136,,"versch. Sorten , je 250-ml-Fl , (1 l = 5.16)",Aktion,"1,29 €","b'ProduktbeschreibungArtikelnummer 2103004Zutaten & AllergeneZutaten: Glucose-Fructose-Sirup, Fruchtmark (Aprikose, Pfirsich), Trinkwasser, Zucker, Branntweinessig, modifizierte Maisst\xc3\xa4rke, SOJASAUCE (Wasser, SOJABOHNEN, WEIZEN, Salz), Salz, Raps\xc3\xb6l, Ananassaftkonzentrat, Verdickungsmittel (Xanthan), Gew\xc3\xbcrze (mit SELLERIE), nat\xc3\xbcrliches Aroma.Allergenhinweise: Enth\xc3\xa4lt: Weizen und Weizenerzeugnisse (glutenhaltiges Getreide). Glutenhaltiges Getreide und glutenhaltige Getreideerzeugnisse. Soja und Sojaerzeugnisse. Sellerie und Sellerieerzeugnisse.N\xc3\xa4hrwerteDurchschnittliche N\xc3\xa4hrwerteUnzubereitet pro 100 mlEnergie864 kJEnergie204 kcalFett1,3 gFett, davon ges\xc3\xa4ttigte Fetts\xc3\xa4uren0,1 gKohlenhydrate45,9 gKohlenhydrate, davon Zucker40,5 gBallaststoffe0,8 gEiwei\xc3\x9f0,6 gSalz1,7 gArtikeldetailsMarke: DeveleyUrsprungsland: DeutschlandKontaktKontaktname: Develey Senf & Feinkost GmbHKontaktadresse: D-82001 Unterhaching/M\xc3\xbcnchenF\xc3\xbcr die vorstehenden Angaben wird keine Haftung \xc3\xbcbernommen. Bitte pr\xc3\xbcfen Sie im Einzelfall die Angaben auf der jeweiligen Produktverpackung, nur diese sind verbindlich.Das Produktdesign kann von der Abbildung abweichen.'",Grenzhöfer Weg 29,Rewe,Kochen & Backen,2023-07-09,"Gültig ab morgen bis Samstag, 15.07.2023"
REWE Beste Wahl Risottoreis,https://img.rewe-static.de/REWE28_2023/1421084/24233250-25_digital-image.png?impolicy=s-offers&imwidth=200&output-format=image/webp,,https://shop.rewe.de/productList?search=2832136,,"je 500-g-Btl , (1 kg = 2.98)",Aktion,"1,49 €","b'ProduktbeschreibungArtikelnummer 1421084REWE Beste Wahl Risotto Reis ist ein ausgesuchter Langkornreis, der sich besonders gut f\xc3\xbcr Risottogerichte, Paellas und andere mediterrane Gerichte eignet.\n\nHergestellt f\xc3\xbcr: REWE Markt GmbH, D-50603 K\xc3\xb6ln. N\xc3\xa4hrwerteDurchschnittliche N\xc3\xa4hrwertepro 100 gEnergie1.405 kJEnergie331 kcalFett1,3 gFett, davon ges\xc3\xa4ttigte Fetts\xc3\xa4uren0,4 gKohlenhydrate72 gKohlenhydrate, davon Zucker0,3 gEiwei\xc3\x9f6,9 gSalz< 0 gHinweiseVerwendungshinweise: Trocken und k\xc3\xbchl lagern. Vor Licht sch\xc3\xbctzen.ArtikeldetailsMarke: REWE Beste WahlNettof\xc3\xbcllmenge: 0 GRKontaktKontaktname: Riso Scotti S.P.A.Kontaktadresse: via Angelo Scotti n. 2, 27100 PaviaMaximale Bestellmenge: 15 St\xc3\xbcckF\xc3\xbcr die vorstehenden Angaben wird keine Haftung \xc3\xbcbernommen. Bitte pr\xc3\xbcfen Sie im Einzelfall die Angaben auf der jeweiligen Produktverpackung, nur diese sind verbindlich.Das Produktdesign kann von der Abbildung abweichen.'",Grenzhöfer Weg 29,Rewe,Kochen & Backen,2023-07-09,"Gültig ab morgen bis Samstag, 15.07.2023"
REWE Beste Wahl Snack Tomaten,https://img.rewe-static.de/REWE28_2023/8353795/30453551-16_digital-image.png?impolicy=s-offers&imwidth=200&output-format=image/webp,,https://shop.rewe.de/productList?search=2832136,,"je 150-g-Pckg , (1 kg = 10.60)",Aktion,"1,59 €","b'ProduktbeschreibungArtikelnummer 8353795Zutaten & AllergeneZutaten: Halbgetrocknete Tomaten 96%, Meersalz 3%, S\xc3\xa4uerungsmittel (Citronens\xc3\xa4ure, Essigs\xc3\xa4ure). Zusatzstoffe: E 260, E 330N\xc3\xa4hrwerteDurchschnittliche N\xc3\xa4hrwertepro 100 gEnergie423 kJEnergie100 kcalFett0,8 gFett, davon ges\xc3\xa4ttigte Fetts\xc3\xa4uren0,3 gKohlenhydrate14,2 gKohlenhydrate, davon Zucker12,1 gEiwei\xc3\x9f6,2 gSalz3 gHinweiseAufbewahrungshinweise: Nach dem \xc3\x96ffnen k\xc3\xbchl und trocken lagern und innerhalb von 2 Wochen verzehren.Verwendungshinweise: Trocken lagern. Vor W\xc3\xa4rme sch\xc3\xbctzen.ArtikeldetailsMarke: REWE Beste WahlNettof\xc3\xbcllmenge: 150 GUrsprungsland: GriechenlandKontaktKontaktname: K. Iraklidis & S\xc3\xb6hne A.G.Kontaktadresse: Industriestr. 1, Korinos Pierias, 60062, GriechenlandMaximale Bestellmenge: 15 St\xc3\xbcckF\xc3\xbcr die vorstehenden Angaben wird keine Haftung \xc3\xbcbernommen. Bitte pr\xc3\xbcfen Sie im Einzelfall die Angaben auf der jeweiligen Produktverpackung, nur diese sind verbindlich.Das Produktdesign kann von der Abbildung abweichen.'",Grenzhöfer Weg 29,Rewe,Kochen & Backen,2023-07-09,"Gültig ab morgen bis Samstag, 15.07.2023"
REWE Beste Wahl Geschälte Tomaten,https://img.rewe-static.de/REWE28_2023/1044599/22190183-28_digital-image.png?impolicy=s-offers&imwidth=200&output-format=image/webp,,https://shop.rewe.de/productList?search=2832136,,"in Tomatensaft , je 400-g-Dose , (1 kg = 3.29) , 240-g-Abtropfgew.",Aktion,"0,79 €","b'ProduktbeschreibungArtikelnummer 1044599Hergestellt f\xc3\xbcr: REWE Markt GmbH, D-50603 K\xc3\xb6ln. Zutaten & AllergeneZutaten: Tomaten, Tomatensaft.  N\xc3\xa4hrwerteDurchschnittliche N\xc3\xa4hrwertepro 100 gEnergie95 kJEnergie22 kcalFett0,1 gFett, davon ges\xc3\xa4ttigte Fetts\xc3\xa4uren< 0,1 gKohlenhydrate3,4 gKohlenhydrate, davon Zucker3,4 gEiwei\xc3\x9f1,2 gSalz0,1 gHinweiseAufbewahrungshinweise: Nach dem \xc3\x96ffnen in einen nicht-metallischen Beh\xc3\xa4lter umf\xc3\xbcllen, gek\xc3\xbchlt lagern und innerhalb weniger Tage verzehren.Verwendungshinweise: Trocken lagern, bei RaumtemperaturArtikeldetailsMarke: REWE Beste WahlNettof\xc3\xbcllmenge: 400 GUrsprungsland: ItalienAbtropfgewicht: 240 gKontaktKontaktname: LA FORMICA s.r.l.Kontaktadresse: Via Orta Longa trav. sa R. Lancia55, Scafati, 84018, ItalienMaximale Bestellmenge: 15 St\xc3\xbcckF\xc3\xbcr die vorstehenden Angaben wird keine Haftung \xc3\xbcbernommen. Bitte pr\xc3\xbcfen Sie im Einzelfall die Angaben auf der jeweiligen Produktverpackung, nur diese sind verbindlich.Das Produktdesign kann von der Abbildung abweichen.'",Grenzhöfer Weg 29,Rewe,Kochen & Backen,2023-07-09,"Gültig ab morgen bis Samstag, 15.07.2023"
Ben’s Original Express Reis,https://img.rewe-static.de/REWE28_2023/8922362/38852794-8_digital-image.png?impolicy=s-offers&imwidth=200&output-format=image/webp,,https://shop.rewe.de/productList?search=2832136,,"versch. Sorten , je 220-g-Pckg , (1 kg = 5.41)",Knaller,"1,19 €","b""ProduktbeschreibungArtikelnummer 8922362Schonend dampfgegarter Spitzen-Langkornreis mit Tomaten und Kr\xc3\xa4utern im 220g Beutel f\xc3\xbcr 1 bis 2 Personen. BEN'S ORIGINAL\xe2\x84\xa2 Reis kann im Frischebeutel, ohne weiteres Gef\xc3\xa4\xc3\x9f, einfach und bequem in 2 Minuten in der Mikrowelle erhitzt werden.Zutaten & AllergeneZutaten: dampfgegarter, parboiled Langkornreis (86%), doppelt konzentriertes Tomatenmark (5.9%), Sonnenblumen\xc3\xb6l, Tomatenpulver (2.5%), Basilikum, nat\xc3\xbcrliches Aroma, Salz, Zucker, Hefeextrakt, Zwiebelpulver, Kr\xc3\xa4uter, S\xc3\xa4uerungsmittel (Citronens\xc3\xa4ure), Knoblauchpulver, Gew\xc3\xbcrze.Allergenhinweise: Enth\xc3\xa4lt: Keine deklarationspflichtigen Allergene enthalten.N\xc3\xa4hrwerteDurchschnittliche N\xc3\xa4hrwerteUnzubereitet pro 100 gEnergie713 kJEnergie169 kcalFett3,3 gFett, davon ges\xc3\xa4ttigte Fetts\xc3\xa4uren0,2 gKohlenhydrate30 gKohlenhydrate, davon Zucker2,5 gBallaststoffe1,4 gEiwei\xc3\x9f3,8 gSalz0,55 gHinweiseAufbewahrungs- und Verwendungshinweis: Trocken und bei Zimmertemperatur lagern. Ge\xc3\xb6ffnet 3 Tage im K\xc3\xbchlschrank haltbar.Information: Unter Schutzatmosph\xc3\xa4re verpackt.ArtikeldetailsMarke: Ben's OriginalUrsprungsland: GrossbritannienKontaktKontaktname: Mars GmbHKontaktadresse: Postfach 1280, 27281 Verden (Aller)Maximale Bestellmenge: 15 St\xc3\xbcckF\xc3\xbcr die vorstehenden Angaben wird keine Haftung \xc3\xbcbernommen. Bitte pr\xc3\xbcfen Sie im Einzelfall die Angaben auf der jeweiligen Produktverpackung, nur diese sind verbindlich.Das Produktdesign kann von der Abbildung abweichen.""",Grenzhöfer Weg 29,Rewe,Kochen & Backen,2023-07-09,"Gültig ab morgen bis Samstag, 15.07.2023"
Barilla Pasta,https://img.rewe-static.de/REWE28_2023/6653839/20768970-25_digital-image.png?impolicy=s-offers&imwidth=200&output-format=image/webp,,https://shop.rewe.de/productList?search=2832136,,"versch. Ausformungen , je 500-g-Pckg , (1 kg = 1.90)",Knaller,"0,95 €","b'ProduktbeschreibungArtikelnummer 6653839Fusilli erschienen in ihrer heutigen Form zuerst in S\xc3\xbcditalien und sind urspr\xc3\xbcnglich der Idee entsprungen, Spaghetti auf einer Stricknadel aufzuwickeln. Erst sp\xc3\xa4ter, bedingt durch die unterschiedlichen geschmacklichen Gewohnheiten in den verschiedenen italienischen Regionen, entstanden Fusilli als eigenst\xc3\xa4ndige Sorte. Im Rahmen des Sortiments von Barilla - Italiens beliebtester Pasta - wurde die Pastasorte Fusilli neu interpretiert und erhielt ihre charakteristische Spiralform, die f\xc3\xbcr die Tradition von Mittel- und Norditalien typisch ist.... mehr anzeigenZutaten & AllergeneZutaten: HARTWEIZENGRIESS, Wasser. Kann Spuren von Sojabohnen enthalten.Allergenhinweise: Enth\xc3\xa4lt: Weizen und Weizenerzeugnisse (glutenhaltiges Getreide). Glutenhaltiges Getreide und glutenhaltige Getreideerzeugnisse. Kann enthalten: Soja und Sojaerzeugnisse.N\xc3\xa4hrwerteDurchschnittliche N\xc3\xa4hrwerteUnzubereitet pro 100 gEnergie1.521 kJEnergie359 kcalFett2 gFett, davon ges\xc3\xa4ttigte Fetts\xc3\xa4uren0,5 gKohlenhydrate71,2 gKohlenhydrate, davon Zucker3,5 gBallaststoffe3 gEiwei\xc3\x9f12,5 gSalz0,013 gHinweiseAufbewahrungs- und Verwendungshinweis: Trocken und vor W\xc3\xa4rme gesch\xc3\xbctzt lagern.ArtikeldetailsMarke: BarillaUrsprungsland: ItalienKontaktKontaktname: Barilla G. e R. Fratelli - Societ\xc3\xa0 per AzioniKontaktadresse: Via Mantova 166, Parma - ItalyF\xc3\xbcr die vorstehenden Angaben wird keine Haftung \xc3\xbcbernommen. Bitte pr\xc3\xbcfen Sie im Einzelfall die Angaben auf der jeweiligen Produktverpackung, nur diese sind verbindlich.Das Produktdesign kann von der Abbildung abweichen.'",Grenzhöfer Weg 29,Rewe,Kochen & Backen,2023-07-09,"Gültig ab morgen bis Samstag, 15.07.2023"
Knorr Salat Krönung,https://img.rewe-static.de/REWE28_2023/7177137/27325102-22_digital-image.png?impolicy=s-offers&imwidth=200&output-format=image/webp,,https://shop.rewe.de/productList?search=2832136,,"versch. Sorten , je 5er-Pckg",Aktion,"0,69 €","b""ProduktbeschreibungArtikelnummer 7177137- Mit Knorr Salatkr\xc3\xb6nung Vinaigrette Dill-Kr\xc3\xa4uter einfach und schnell ein leckeres Salatdressing zaubern \n - Mit Kr\xc3\xa4utern aus nachhaltigem Anbau \n - Raffinierter und fein abgestimmmter Dill-Geschmack \n - Ohne Farbstoffe und geschmacksverst\xc3\xa4rkende Zusatzstoffe \n - Einfache Zubereitung: Etwas Wasser und \xc3\x96l mit Knorr Salatkr\xc3\xb6nung verr\xc3\xbchren, fertig! \n - Gelingt im Handumdrehen Knorr Salatkr\xc3\xb6nung Dill-Kr\xc3\xa4uter ist f\xc3\xbcr alle Fans des w\xc3\xbcrzigen Dill-Geschmacks die richtige Wahl. Die Mischung aus Dill und aromatischen Gew\xc3\xbcrzen eignet sich besonders gut f\xc3\xbcr jede Art von Gurkensalat. \n\nZubereitung \xe2\x80\x93 so einfach geht's: 3 EL Wasser und 3 EL Oliven\xc3\xb6l mit Knorr Salatkr\xc3\xb6nung verr\xc3\xbchren. Das Salatdressing zum Lieblingssalat geben. Fertig!\n\nMit den vielen Variationen der Knorr Salatkr\xc3\xb6nung das perfekte Zusammenspiel von Kr\xc3\xa4utern erleben. Die w\xc3\xbcrzigen Gartenkr\xc3\xa4uter verleihen Salaten mit wenigen Handgriffen einen feinen, aromatischen Geschmack. Knorr Salatdressings und Vinaigrettes bereitet man ganz einfach zu: Entweder selbst anr\xc3\xbchren oder \xe2\x80\x93 f\xc3\xbcr einen noch schnelleren Salatgenuss \xe2\x80\x93 zu servierfertigen Salatkr\xc3\xb6nungen in der Flasche greifen. Anschlie\xc3\x9fend nur noch das Dressing zum Lieblingssalat geben \xe2\x80\x93 und die Salatkr\xc3\xb6nung genie\xc3\x9fen!\n\nSind schon die vielen weiteren Produkte von Knorr bekannt? Dank der Fix-Produkte, So\xc3\x9fen, Fertiggerichten, Suppen, Salatdressings, Br\xc3\xbchen und Bouillons gelingt jedes Gericht garantiert mit wenigen Handgriffen. Schnell und einfach erhalten so authentische Mahlzeiten ihren typischen Geschmack \xe2\x80\x93 egal, ob abwechslungsreiche vegetarische oder vegane K\xc3\xbcche, herzhafte Fleischgerichte oder leckere Gem\xc3\xbcsevariationen. Dabei ist es die Komposition ausgew\xc3\xa4hlter hochwertiger Zutaten, die jedes Knorr Produkt besonders macht. Knorr verarbeitet nur sorgf\xc3\xa4ltig schonend getrocknete Zutaten, denn das Trocknen ist eine der \xc3\xa4ltesten Methoden, um Lebensmittel nat\xc3\xbcrlich haltbar zu machen. Da der Geschmack und die Hauptn\xc3\xa4hrstoffe der frischen Zutaten weitgehend erhalten bleiben, passen Lebensmittel aus getrockneten Zutaten perfekt in unseren stressigen Alltag. Essen mit Knorr ist unkompliziert und sorgt dar\xc3\xbcber hinaus f\xc3\xbcr ein gutes Gef\xc3\xbchl: 95 Prozent unserer Gem\xc3\xbcse und Kr\xc3\xa4uter stammen heute schon aus nachhaltigem Anbau. Denn wir bei Knorr glauben, dass die Verwendung nachhaltig angebauter und beschaffter Zutaten einen gro\xc3\x9fen Unterschied f\xc3\xbcr den Geschmack unserer Produkte, das Wohlbefinden der Landwirte und die Zukunft des Planeten macht. Knorr. Gutes, einfach lecker!\n\n*Nat\xc3\xbcrliche Zutaten sind mit einem Sternchen in der Zutatenliste gekennzeichnetZutaten & AllergeneZutaten: Zucker\xc2\xb9, jodiertes Speisesalz, St\xc3\xa4rke\xc2\xb9, 8,3% Kr\xc3\xa4uter (5% Dill\xc2\xb9\xc2\xb2, Petersilie\xc2\xb9\xc2\xb2, Schnittlauch\xc2\xb9\xc2\xb2), S\xc3\xa4ureregulator Natriumdiacetat3, S\xc3\xa4uerungsmittel Citronens\xc3\xa4ure, Zitrusfaser\xc2\xb9, MILCHZUCKER, Maiskeim\xc3\xb6l\xc2\xb9, 1,6% gemahlene SENFK\xc3\x96RNER\xc2\xb9, 0,9% Zwiebeln, Pfeffer\xc2\xb9, Zitronensaftpulver\xc2\xb9, Speisesalz, Aromen. Kann Ei, Sellerie, Soja, glutenhaltige Getreide enthalten. \xc2\xb9Nat\xc3\xbcrliche Zutaten sind mit einem Sternchen gekennzeichnet. \xc2\xb2aus nachhaltigem Anbau. 3Salz der Essigs\xc3\xa4ure.Allergenhinweise: Enth\xc3\xa4lt: Milchzucker (Laktose).N\xc3\xa4hrwerteDurchschnittliche N\xc3\xa4hrwerteZubereitet pro 100 mlEnergie1.775 kJEnergie424 kcalFett45 gFett, davon ges\xc3\xa4ttigte Fetts\xc3\xa4uren4,1 gKohlenhydrate4,9 gKohlenhydrate, davon Zucker3,7 gBallaststoffe0,7 gEiwei\xc3\x9f< 0,5 gSalz2,1 gArtikeldetailsMarke: KnorrUrsprungsland: DeutschlandKontaktKontaktname: Unilever DeutschlandKontaktadresse: Postfach 570 550, 22774 HamburgMaximale Bestellmenge: 15 St\xc3\xbcckF\xc3\xbcr die vorstehenden Angaben wird keine Haftung \xc3\xbcbernommen. Bitte pr\xc3\xbcfen Sie im Einzelfall die Angaben auf der jeweiligen Produktverpackung, nur diese sind verbindlich.Das Produktdesign kann von der Abbildung abweichen.""",Grenzhöfer Weg 29,Rewe,Kochen & Backen,2023-07-09,"Gültig ab morgen bis Samstag, 15.07.2023"
Knorr Feinschmecker Suppe,https://img.rewe-static.de/REWE28_2023/8184772/28407667-16_digital-image.png?impolicy=s-offers&imwidth=200&output-format=image/webp,,https://shop.rewe.de/productList?search=2832136,,"versch. Sorten, ausreichend für 500 ml , je Btl",Aktion,"0,79 €","b'ProduktbeschreibungArtikelnummer 8184772- Knorr Feinschmecker Spargel Cremesuppe aus wei\xc3\x9fem Spargel - das schmeckt nach Fr\xc3\xbchling \n - Besonders cremig und mit vielen leckeren Spargelst\xc3\xbcckchen \n - Mit nachhaltig angebautem Spargel \n - Schnelle und einfache Zubereitung \n - Nat\xc3\xbcrlich ohne geschmacksverst\xc3\xa4rkende Zusatzstoffe, Konservierungsstoffe und Farbstoffe \n - Inhalt reicht f\xc3\xbcr 500 ml (2 Teller) Probieren Sie die Knorr Feinschmecker Spargel Cremesuppe: besonders cremige Spargelsuppe aus wei\xc3\x9fem Spargel - das schmeckt nach Fr\xc3\xbchling! Mit nachhaltig angebautem Spargel.\n\nZubereitung:\nBeutelinhalt mit einem Schneebesen in 0,5 l (500 ml) kochendes Wasser einr\xc3\xbchren. 5Minuten k\xc3\xb6cheln lassen. Ab und zu umr\xc3\xbchren.\n\nSuppen f\xc3\xbcr Feinschmecker: Die Knorr Feinschmecker Suppen bieten f\xc3\xbcr jeden Geschmack das passende Gericht und sind im Handumdrehen angerichtet. Sanft getrocknetes Gem\xc3\xbcse, Kr\xc3\xa4uter und Gew\xc3\xbcrze zeichnen die schnell zubereiteten Suppen aus. Die besonders cremigen Feinschmecker Suppen gelingen garantiert und begeistern die ganze Familie.\n\nKennen Sie schon die vielen weiteren Produkte von Knorr? Dank unserer Fix-Produkte, Br\xc3\xbchen, Saucen, Fertiggerichten, Suppen und Salatdressings gelingt jedes Gericht garantiert mit wenigen Handgriffen. Schnell und einfach erhalten so authentische Mahlzeiten ihren typischen Geschmack \xe2\x80\x93 egal, ob abwechslungsreiche vegetarische oder vegane K\xc3\xbcche, herzhafte Fleischgerichte oder leckere Gem\xc3\xbcsevariationen. Dabei ist es die Komposition ausgew\xc3\xa4hlter hochwertiger Zutaten, die jedes Knorr Produkt besonders macht. Knorr verarbeitet nur sorgf\xc3\xa4ltig schonend getrocknete Zutaten, denn das Trocknen ist eine der \xc3\xa4ltesten Methoden, um Lebensmittel nat\xc3\xbcrlich haltbar zu machen. Da der Geschmack und die N\xc3\xa4hrstoffe der frischen Zutaten weitgehend erhalten bleiben, passen Lebensmittel aus getrockneten Zutaten perfekt in unseren stressigen Alltag. Essen mit Knorr ist unkompliziert und sorgt dar\xc3\xbcber hinaus f\xc3\xbcr ein gutes Gef\xc3\xbchl: \xc3\x9cber 90 Prozent der Zutaten kommen heute schon aus nachhaltigem Anbau. Denn wir bei Knorr glauben, dass die Verwendung nachhaltig angebauter und beschaffter Zutaten einen gro\xc3\x9fen Unterschied f\xc3\xbcr den Geschmack unserer Produkte, das Wohlbefinden der Landwirte und die Zukunft des Planeten macht. Knorr \xe2\x80\x93 Geschmack mit gutem Gef\xc3\xbchl.Zutaten & AllergeneZutaten: Mehl (WEIZEN, Reis), Palm\xc3\xb6l, St\xc3\xa4rke, 10% wei\xc3\x9fer Spargel\xc2\xb2 (Pulver, St\xc3\xbccke), jodiertes Speisesalz, Hefeextrakt, Zucker, Speisesalz, Glukosesirup, MILCHEIWEISS, Zitronensaftpulver, Aromen, Kurkuma, Petersilienwurzel\xc2\xb2, Lorbeerbl\xc3\xa4tter. Kann Ei, Sellerie, Senf, Soja, andere glutenhaltige Getreide enthalten. \xc2\xb2 Aus nachhaltigem Anbau.Allergenhinweise: Enth\xc3\xa4lt: Weizen und Weizenerzeugnisse (glutenhaltiges Getreide).N\xc3\xa4hrwerteDurchschnittliche N\xc3\xa4hrwerteZubereitet pro 100 mlEnergie182 kJEnergie44 kcalFett2,2 gFett, davon ges\xc3\xa4ttigte Fetts\xc3\xa4uren1,4 gKohlenhydrate4,6 gKohlenhydrate, davon Zucker0,7 gBallaststoffe< 0,5 gEiwei\xc3\x9f1,1 gSalz0,81 gArtikeldetailsMarke: KnorrEigenschaften: VegetarischUrsprungsland: PolenKontaktKontaktname: Unilever DeutschlandKontaktadresse: Postfach 570 550, 22774 HamburgMaximale Bestellmenge: 15 St\xc3\xbcckF\xc3\xbcr die vorstehenden Angaben wird keine Haftung \xc3\xbcbernommen. Bitte pr\xc3\xbcfen Sie im Einzelfall die Angaben auf der jeweiligen Produktverpackung, nur diese sind verbindlich.Das Produktdesign kann von der Abbildung abweichen.'",Grenzhöfer Weg 29,Rewe,Kochen & Backen,2023-07-09,"Gültig ab morgen bis Samstag, 15.07.2023"
Barilla Pesto Basilico Vegan,https://img.rewe-static.de/REWE28_2023/3263361/26586190-10_digital-image.png?impolicy=s-offers&imwidth=200&output-format=image/webp,,https://shop.rewe.de/productList?search=2832136,,"je 195-g-Glas , (1 kg = 10.21)",Aktion,"1,99 €","b'ProduktbeschreibungArtikelnummer 3263361Zutaten & AllergeneZutaten: Basilikum 35,6%, pflanzliche \xc3\x96le (Olive, Sonnenblume), CASHEWKERNE, Glukosesirup, Wasser, modifizierte Maisst\xc3\xa4rke, Salz, nat\xc3\xbcrliche Aromen, natives Oliven\xc3\xb6l extra, Zucker, S\xc3\xa4ureregulator Milchs\xc3\xa4ure. Kann Spuren von anderen Schalenfr\xc3\xbcchten (Hartschalenobst) enthalten.Allergenhinweise: Enth\xc3\xa4lt: Kaschunuss und Kaschunusserzeugnisse. Kann enthalten: N\xc3\xbcsse und Nusserzeugnisse.N\xc3\xa4hrwerteDurchschnittliche N\xc3\xa4hrwerteUnzubereitet pro 100 gEnergie1.780 kJEnergie431 kcalFett41 gFett, davon ges\xc3\xa4ttigte Fetts\xc3\xa4uren5,5 gKohlenhydrate12 gKohlenhydrate, davon Zucker3,3 gBallaststoffe2 gEiwei\xc3\x9f2,5 gSalz3 gHinweiseAufbewahrungs- und Verwendungshinweis: Nach dem \xc3\x96ffnen gek\xc3\xbchlt 5 Tage haltbar.ArtikeldetailsMarke: BarillaEigenschaften: Vegan, Vegetarisch, LaktosefreiUrsprungsland: ItalienKontaktKontaktname: Barilla G. e R. Fratelli - Societ\xc3\xa0 per AzioniKontaktadresse: Via Mantova 166, Parma - ItalyMaximale Bestellmenge: 15 St\xc3\xbcckF\xc3\xbcr die vorstehenden Angaben wird keine Haftung \xc3\xbcbernommen. Bitte pr\xc3\xbcfen Sie im Einzelfall die Angaben auf der jeweiligen Produktverpackung, nur diese sind verbindlich.Das Produktdesign kann von der Abbildung abweichen.'",Grenzhöfer Weg 29,Rewe,Kochen & Backen,2023-07-09,"Gültig ab morgen bis Samstag, 15.07.2023"
Barilla Pesto alla Genovese,https://img.rewe-static.de/REWE28_2023/4840313/35802412-13_digital-image.png?impolicy=s-offers&imwidth=200&output-format=image/webp,,https://shop.rewe.de/productList?search=2832136,,"je 190-g-Glas , (1 kg = 10.47)",Aktion,"1,99 €","b'ProduktbeschreibungArtikelnummer 4840313Zutaten & AllergeneZutaten: pflanzliche \xc3\x96le (Olive, Sonnenblume), frisches Basilikum 30%, CASHEWKERNE, Parmigiano Reggiano g.U. K\xc3\xa4se 5% (MILCH), Maisfaser, Molkepulver (MILCH), Salz, MILCHeiweiss, natives Oliven\xc3\xb6l extra, Zucker, Basilikumextrakt, nat\xc3\xbcrliche Aromen (MILCH), S\xc3\xa4ureregulator: Milchs\xc3\xa4ure, Knoblauch. Kann Spuren von anderen Schalenfr\xc3\xbcchten (Hartschalenobst) enthalten.Allergenhinweise: Enth\xc3\xa4lt: Milch und Milcherzeugnisse (einschlie\xc3\x9flich Lactose). N\xc3\xbcsse und Nusserzeugnisse. Kaschunuss und Kaschunusserzeugnisse.N\xc3\xa4hrwerteDurchschnittliche N\xc3\xa4hrwerteUnzubereitet pro 100 gEnergie1.989 kJEnergie482 kcalFett46 gFett, davon ges\xc3\xa4ttigte Fetts\xc3\xa4uren7,1 gKohlenhydrate9,8 gKohlenhydrate, davon Zucker5,5 gBallaststoffe5 gEiwei\xc3\x9f4,7 gSalz3,25 gHinweiseAufbewahrungs- und Verwendungshinweis: Nach dem \xc3\x96ffnen gek\xc3\xbchlt 5 Tage haltbar.ArtikeldetailsMarke: BarillaUrsprungsland: ItalienKontaktKontaktname: Barilla G. e R. Fratelli S.p.A.Kontaktadresse: Via Mantova 166, Parma - ItalyMaximale Bestellmenge: 15 St\xc3\xbcckF\xc3\xbcr die vorstehenden Angaben wird keine Haftung \xc3\xbcbernommen. Bitte pr\xc3\xbcfen Sie im Einzelfall die Angaben auf der jeweiligen Produktverpackung, nur diese sind verbindlich.Das Produktdesign kann von der Abbildung abweichen.'",Grenzhöfer Weg 29,Rewe,Kochen & Backen,2023-07-09,"Gültig ab morgen bis Samstag, 15.07.2023"
Knorr Feinschmecker 3 Pfeffer Sauce,https://img.rewe-static.de/REWE28_2023/3665399/1159810-80_digital-image.png?impolicy=s-offers&imwidth=200&output-format=image/webp,,https://shop.rewe.de/productList?search=2832136,,"je 40-g-Btl , (1 kg = 17.25)",Aktion,"0,69 €","b'ProduktbeschreibungArtikelnummer 3665399- wunderbar cremig mit feiner Pfeffernote \n - mit gr\xc3\xbcnen, schwarzen und wei\xc3\x9fen Pfefferk\xc3\xb6rnern \n - nat\xc3\xbcrlich ohne geschmacksverst\xc3\xa4rkende Zusatzstoffe und Farbstoffe \n - ohne Konservierungsstoffe (lt. Gesetz) \n - schnelle und einfache Zubereitung Knorr Feinschmecker 3 Pfeffer Sauce ist eine fein abgestimmte Saucenkomposition mit einem angenehm w\xc3\xbcrzigen Geschmack und gr\xc3\xbcnem, schwarzen und rosa Pfeffer. Diese w\xc3\xbcrzige Pfeffersauce passt ideal zu allem Kurzgebratenem und auch perfekt z.B. zu Gerichten mit Pilzen und Blumenkohl. Die Sauce ist nat\xc3\xbcrlich ohne geschmacksverst\xc3\xa4rkende Zusatzstoffe, ohne Farbstoffe und ohne Konservierungsstoffe lt. Gesetz. \n\nKnorr Feinschmecker 3 Pfeffer Sauce:\n1) Beutelinhalt mit dem Schneebesen in 250 ml kaltes Wasser einr\xc3\xbchren. Unter R\xc3\xbchren aufkochen.\n2) Bei schwacher Hitze 1 Minute kochen. Gelegentlich umr\xc3\xbchren.\nMit Sahne verfeinern f\xc3\xbcr einen noch cremigeren Geschmack - Genuss pur!\n\nSaucen f\xc3\xbcr Feinschmecker: Die Knorr Feinschmecker Saucen bieten f\xc3\xbcr jeden Geschmack die passende Variante: Sauce Hollandaise zu Spargel oder Gem\xc3\xbcse, Bratensauce f\xc3\xbcr Bratengerichte, 3 Pfeffer Sauce zu Steak und Kurzgebratenem, Pfefferso\xc3\x9fe oder Dillsauce f\xc3\xbcr Fischgerichte. Im Handumdrehen zubereitet verfeinern die Saucen jedes Gericht und begeistern somit die ganze Familie.\n\nSind schon die vielen weiteren Produkte von Knorr bekannt? Dank der Fix-Produkte, So\xc3\x9fen, Fertiggerichten, Suppen, Salatdressings, Br\xc3\xbchen und Bouillons gelingt jedes Gericht garantiert mit wenigen Handgriffen. Schnell und einfach erhalten so authentische Mahlzeiten ihren typischen Geschmack \xe2\x80\x93 egal, ob abwechslungsreiche vegetarische oder vegane K\xc3\xbcche, herzhafte Fleischgerichte oder leckere Gem\xc3\xbcsevariationen. Dabei ist es die Komposition ausgew\xc3\xa4hlter hochwertiger Zutaten, die jedes Knorr Produkt besonders macht. Knorr verarbeitet nur sorgf\xc3\xa4ltig schonend getrocknete Zutaten, denn das Trocknen ist eine der \xc3\xa4ltesten Methoden, um Lebensmittel nat\xc3\xbcrlich haltbar zu machen. Da der Geschmack und die Hauptn\xc3\xa4hrstoffe der frischen Zutaten weitgehend erhalten bleiben, passen Lebensmittel aus getrockneten Zutaten perfekt in unseren stressigen Alltag. Essen mit Knorr ist unkompliziert und sorgt dar\xc3\xbcber hinaus f\xc3\xbcr ein gutes Gef\xc3\xbchl: 95 Prozent unserer Gem\xc3\xbcse und Kr\xc3\xa4uter stammen heute schon aus nachhaltigem Anbau. Denn wir bei Knorr glauben, dass die Verwendung nachhaltig angebauter und beschaffter Zutaten einen gro\xc3\x9fen Unterschied f\xc3\xbcr den Geschmack unserer Produkte, das Wohlbefinden der Landwirte und die Zukunft des Planeten macht. Knorr. Gutes, nat\xc3\xbcrlich lecker.Zutaten & AllergeneZutaten: Palm\xc3\xb6l, St\xc3\xa4rke, WEIZENMEHL, Maltodextrin, Aromen, Glukosesirup, jodiertes Speisesalz, 3% Pfeffermischung (gr\xc3\xbcner Pfeffer, schwarzer Pfeffer, rosa Pfeffer) Kochsalzersatz3, MILCHEIWEISS, Zucker, Karamellzuckersirup, W\xc3\xbcrze, Hefeextrakt, Speisesalz, Schnittlauch2. Kann Sellerie, Ei, Senf, andere glutenhaltige Getreide, Soja enthalten. 2aus nachhaltigem Anbau. 3gewonnen aus nat\xc3\xbcrlichen Kaliummineralien.Allergenhinweise: Enth\xc3\xa4lt: Weizen und Weizenerzeugnisse (glutenhaltiges Getreide).N\xc3\xa4hrwerteDurchschnittliche N\xc3\xa4hrwerteZubereitet pro 100 mlEnergie325 kJEnergie78 kcalFett4,5 gFett, davon ges\xc3\xa4ttigte Fetts\xc3\xa4uren2,8 gKohlenhydrate8,3 gKohlenhydrate, davon Zucker0,6 gBallaststoffe< 0,5 gEiwei\xc3\x9f0,9 gSalz0,99 gArtikeldetailsMarke: KnorrUrsprungsland: DeutschlandKontaktKontaktname: Unilever DeutschlandKontaktadresse: Postfach 570 550, 22774 HamburgMaximale Bestellmenge: 15 St\xc3\xbcckF\xc3\xbcr die vorstehenden Angaben wird keine Haftung \xc3\xbcbernommen. Bitte pr\xc3\xbcfen Sie im Einzelfall die Angaben auf der jeweiligen Produktverpackung, nur diese sind verbindlich.Das Produktdesign kann von der Abbildung abweichen.'",Grenzhöfer Weg 29,Rewe,Kochen & Backen,2023-07-09,"Gültig ab morgen bis Samstag, 15.07.2023"
Knorr Feinschmecker Sauce Hollandaise Klassisch,https://img.rewe-static.de/REWE28_2023/4615263/14092570-53_digital-image.png?impolicy=s-offers&imwidth=200&output-format=image/webp,,https://shop.rewe.de/productList?search=2832136,,"je 35-g-Btl , (1 kg = 19.71)",Aktion,"0,69 €","b'ProduktbeschreibungArtikelnummer 4615263- wird mit feiner Butter zum besonderen Genuss f\xc3\xbcr jeden Feinschmecker \n - klassische Saucen-Rezeptur \n - nat\xc3\xbcrlich ohne geschmacksverst\xc3\xa4rkende Zusatzstoffe und Farbstoffe \n - ohne Konservierungsstoffe (lt. Gesetz) \n - schnelle und einfache Zubereitung Mit der Knorr Feinschmecker Sauce Hollandaise klassisch wird das Spargelessen zum unvergesslichen Erlebnis. Der beliebte Klassiker zur Spargelsaison ist ein zart-cremiger Saucengenuss mit feinem Geschmack und passt neben Spargel hervorragend zu Brokkoli und Fisch. Durch die Zugabe von Butter wird die helle Sauce zu einem besonderen Genuss f\xc3\xbcr jeden Feinschmecker. Die So\xc3\x9fe ist vegetarisch und nat\xc3\xbcrlich ohne geschmacksverst\xc3\xa4rkende Zusatzstoffe und ohne Farbstoffe.\n\nZubereitung:\n1) Beutelinhalt mit dem Schneebesen in 125 ml kaltes Wasser einr\xc3\xbchren. Unter R\xc3\xbchren aufkochen.\n2) Bei schwacher Hitze 125 g gew\xc3\xbcrfelte Butter darunter schlagen, bis sie geschmolzen ist.\nMit Sahne verfeinern f\xc3\xbcr einen noch cremigeren Geschmack - Genuss pur!\n\nSaucen f\xc3\xbcr Feinschmecker: Die Knorr Feinschmecker Saucen bieten f\xc3\xbcr jeden Geschmack die passende Variante: Sauce Hollandaise zu Spargel oder Gem\xc3\xbcse, Pfeffersauce zu Steak und Kurzgebratenem oder Dillsauce f\xc3\xbcr Fischgerichte. Im Handumdrehen zubereitet verfeinern die Saucen jedes Gericht und begeistern somit die ganze Familie. Mmmhh, lecker!\n\nSind schon die vielen weiteren Produkte von Knorr bekannt? Dank der Fix-Produkte, Saucen, Fertiggerichte, Suppen, Salatdressings, Br\xc3\xbchen und Bouillons gelingt jedes Gericht garantiert mit wenigen Handgriffen. Schnell und einfach erhalten authentische Mahlzeiten so ihren typischen Geschmack \xe2\x80\x93 egal, ob abwechslungsreiche vegetarische oder vegane K\xc3\xbcche, herzhafte Fleischgerichte oder leckere Gem\xc3\xbcsevariationen. Dabei ist es die Komposition ausgew\xc3\xa4hlter hochwertiger Zutaten, die jedes Knorr Produkt besonders macht. Knorr verarbeitet nur sorgf\xc3\xa4ltig schonend getrocknete Zutaten, denn das Trocknen ist eine der \xc3\xa4ltesten Methoden, um Lebensmittel nat\xc3\xbcrlich haltbar zu machen. Da der Geschmack und die Hauptn\xc3\xa4hrstoffe der frischen Zutaten weitgehend erhalten bleiben, passen Lebensmittel aus getrockneten Zutaten perfekt in unseren stressigen Alltag. Essen mit Knorr ist unkompliziert und sorgt dar\xc3\xbcber hinaus f\xc3\xbcr ein gutes Gef\xc3\xbchl: 95 Prozent unserer Gem\xc3\xbcse und Kr\xc3\xa4uter stammen heute schon aus nachhaltigem Anbau. Denn wir bei Knorr glauben, dass die Verwendung nachhaltig angebauter und beschaffter Zutaten einen gro\xc3\x9fen Unterschied f\xc3\xbcr den Geschmack unserer Produkte, das Wohlbefinden der Landwirte und die Zukunft des Planeten macht. \nKnorr. Gutes, einfach lecker.Zutaten & AllergeneZutaten: St\xc3\xa4rke, Palm\xc3\xb6l, Maltodextrin, 12% EIGELBPULVER, jodiertes Speisesalz, MILCHEIWEISS, Hefeextrakt, Glukosesirup, Zucker, Zitronensaftpulver, MILCHZUCKER, WEIZENMEHL, Kochsalzersatz\xc2\xb2, Speisesalz, Wei\xc3\x9fweinextrakt, nat\xc3\xbcrliches Aroma, Kurkuma. Kann Sellerie, Senf, andere glutenhaltige Getreide, Soja enthalten. \xc2\xb2gewonnen aus nat\xc3\xbcrlichen Kaliummineralien.Allergenhinweise: Enth\xc3\xa4lt: Milchzucker (Laktose). Weizen und Weizenerzeugnisse (glutenhaltiges Getreide).N\xc3\xa4hrwerteDurchschnittliche N\xc3\xa4hrwerteZubereitet pro 100 mlEnergie1.784 kJEnergie427 kcalFett44 gFett, davon ges\xc3\xa4ttigte Fetts\xc3\xa4uren28 gKohlenhydrate7 gKohlenhydrate, davon Zucker1,3 gBallaststoffe< 0,5 gEiwei\xc3\x9f1,6 gSalz0,95 gArtikeldetailsMarke: KnorrEigenschaften: VegetarischUrsprungsland: DeutschlandSorte: KlassischKontaktKontaktname: Unilever DeutschlandKontaktadresse: Postfach 570 550, 22774 HamburgMaximale Bestellmenge: 15 St\xc3\xbcckF\xc3\xbcr die vorstehenden Angaben wird keine Haftung \xc3\xbcbernommen. Bitte pr\xc3\xbcfen Sie im Einzelfall die Angaben auf der jeweiligen Produktverpackung, nur diese sind verbindlich.Das Produktdesign kann von der Abbildung abweichen.'",Grenzhöfer Weg 29,Rewe,Kochen & Backen,2023-07-09,"Gültig ab morgen bis Samstag, 15.07.2023"
Pfanni Kartoffel Püree,https://img.rewe-static.de/REWE28_2023/0184764/20324257-50_digital-image.png?impolicy=s-offers&imwidth=200&output-format=image/webp,,https://shop.rewe.de/productList?search=2832136,,"das Lockere , je 240-g-Pckg , (1 kg = 4.13)",Aktion,"0,99 €","b'ProduktbeschreibungArtikelnummer 184764- 3 x 3 Portionen Pfanni Kartoffelp\xc3\xbcree der Klassiker besonders locker im praktischen Portionsbeutel. \n - Besonders lockeres P\xc3\xbcree mit Vollmilch und Rama. \n - Schnelle und einfache Zubereitung. \n - Aus 100% deutschen, nachhaltig angebauten, Kartoffeln. \n - Ideal zu Fisch, Fleisch und Gem\xc3\xbcse. Ein P\xc3\xbcree, das auf der Zunge zergeht. So fein sind die Flocken, die f\xc3\xbcr dieses P\xc3\xbcree verwendet werden. Da ist schon die Zubereitung ein wahres Gedicht: Flocken in hei\xc3\x9fes Wasser rieseln lassen, Milch zugeben, umr\xc3\xbchren und ein St\xc3\xbcck Rama auf der cremig-lockeren Decke zerflie\xc3\x9fen lassen. Fast zu sch\xc3\xb6n, um wahr zu sein!\nDie Pfanni Kartoffelp\xc3\xbcrees gelingen immer ausgezeichnet und schmecken wie handgemacht. Dies liegt insbesondere an den deutschen Kartoffeln, die von unseren Vertragsbauern nachhaltig angebaut und schonend zu P\xc3\xbcree verarbeitet werden. Das ist Qualit\xc3\xa4t die man schmeckt!\nDas Kartoffelp\xc3\xbcree \xe2\x80\x9eDAS LOCKERE\xe2\x80\x9c zeichnet sich durch seine zarten Kartoffelflocken aus, die mit Hilfe von 150 ml Vollmilch und etwas Rama zu einem cremigen Kartoffelp\xc3\xbcree verschmelzen. Das lockere P\xc3\xbcree ist bei den Kleinen besonders beliebt, l\xc3\xa4sst aber auch die Gro\xc3\x9fen in Kindheitserinnerungen schwelgen. \nEinfache und schnelle Zubereitung: 1.Aufkochen: 350 ml Wasser mit einem halben Teel\xc3\xb6ffel Salz (2 g) und 10 g Rama aufkochen. 2. Abk\xc3\xbchlen: Topf vom Herd nehmen und 150 ml kalte Vollmilch dazugeben. 3.Anr\xc3\xbchren: Die P\xc3\xbcreeflocken mit einem Kochl\xc3\xb6ffel kurz einr\xc3\xbchren. 4.Anrichten: Das P\xc3\xbcree 1 \xe2\x80\x93 2 Minuten ruhen lassen und vor dem Servieren noch kurz umr\xc3\xbchren. Guten Appetit!\nUnser Beitrag f\xc3\xbcr Nachhaltigkeit: Pfanni Kartoffeln werden von unseren Vertragsbauern nachhaltig angebaut und f\xc3\xbcr den optimalen N\xc3\xa4hrstoffgehalt und Geschmack nur saisongerecht geerntet. 100% deutsche Kartoffeln aus nachhaltiger Landwirtschaft \xe2\x80\x93 f\xc3\xbcr den besonders leckeren Pfanni Geschmack.Zutaten & AllergeneZutaten: 99% Kartoffeln\xc2\xb2, Emulgator Mono- und Diglyceride von Speisefetts\xc3\xa4uren, Stabilisator Diphosphat, Aromen, Antioxidationsmittel NATRIUMMETABISULFIT. Kann Spuren von Milch enthalten. \xc2\xb2aus nachhaltigem AnbauN\xc3\xa4hrwerteDurchschnittliche N\xc3\xa4hrwerteZubereitet pro 100 gEnergie257 kJEnergie61 kcalFett1,2 gFett, davon ges\xc3\xa4ttigte Fetts\xc3\xa4uren0,6 gKohlenhydrate10 gKohlenhydrate, davon Zucker1,7 gBallaststoffe1,4 gEiwei\xc3\x9f2,1 gSalz0,4 gHinweiseAufbewahrungs- und Verwendungshinweis: Nach \xc3\x96ffnung ist der Packungsinhalt im wieder verschlossenen Beutel k\xc3\xbchl und trocken mindestens 3 Wochen haltbar.Information: Unter Schutzatmosph\xc3\xa4re verpackt.ArtikeldetailsMarke: PfanniUrsprungsland: DeutschlandKontaktKontaktname: Unilever DeutschlandKontaktadresse: Postfach 570 307, 22772 HamburgMaximale Bestellmenge: 15 St\xc3\xbcckF\xc3\xbcr die vorstehenden Angaben wird keine Haftung \xc3\xbcbernommen. Bitte pr\xc3\xbcfen Sie im Einzelfall die Angaben auf der jeweiligen Produktverpackung, nur diese sind verbindlich.Das Produktdesign kann von der Abbildung abweichen.'",Grenzhöfer Weg 29,Rewe,Kochen & Backen,2023-07-09,"Gültig ab morgen bis Samstag, 15.07.2023"
Pfanni Kartoffel Püree,https://img.rewe-static.de/REWE28_2023/8004013/1775000-84_digital-image.png?impolicy=s-offers&imwidth=200&output-format=image/webp,,https://shop.rewe.de/productList?search=2832136,,"das Komplette , je 283,5-g-Pckg , (1 kg = 3.49)",Aktion,"0,99 €","b'ProduktbeschreibungArtikelnummer 8004013- 3 x 3 Portionen Pfanni Kartoffelp\xc3\xbcree mit entrahmter Milch Komplett im praktischen Portionsbeutel. \n - Kartoffelp\xc3\xbcree mit entrahmter Milch einfach mit Wasser mischen \xe2\x80\x93 fertig ist der Genuss! \n - Schnelle und einfache Zubereitung. \n - Aus 100% deutschen, nachhaltig angebauten, Kartoffeln. \n - Ideal zu Fisch, Fleisch und Gem\xc3\xbcse. Das Kartoffel P\xc3\xbcree Das Komplette mit entrahmter Milch zeichnet sich durch seine schnelle Zubereitung aus. Einfach T\xc3\xbcte aufrei\xc3\x9fen und die feinen Kartoffelflocken in hei\xc3\x9fes Wasser einr\xc3\xbchren. Die Milch ist da schon drin \xe2\x80\x93 und der gute Geschmack sowieso. Das Kartoffelp\xc3\xbcree mit entrahmter Milch ist bei den Kleinen besonders beliebt, l\xc3\xa4sst aber auch die Gro\xc3\x9fen in Kindheitserinnerungen schwelgen. Denn wer mag den allseits beliebten Kartoffelbrei nicht? Es ist ein zeitloses Kartoffelgericht, das einfach jedem schmeckt \xe2\x80\x93 egal wann.                                                     \n\nDie Pfanni Kartoffelp\xc3\xbcrees gelingen immer ausgezeichnet und schmecken wie handgemacht. Dies liegt insbesondere daran, dass jede einzelne Kartoffel f\xc3\xbcr dieses Kartoffelp\xc3\xbcree aus Deutschland kommt und nachhaltig angebaut ist. Das ist Qualit\xc3\xa4t, die man schmeckt!  \n                                                                                                                                                                                                                                                                                                             \nBesonders genial ist die einfache und schnelle Zubereitung, mit der man in Windeseile ein leckeres Kartoffelp\xc3\xbcree zaubern kann: 1. Aufkochen: 400 ml Wasser aufkochen. 2. Abk\xc3\xbchlen: Den Topf vom Herd nehmen und 100 ml kaltes Wasser einr\xc3\xbchren. 3. Anr\xc3\xbchren: Die P\xc3\xbcreeflocken mit einem Kochl\xc3\xb6ffel einr\xc3\xbchren. 4. Anrichten: Nach 1 - 2 Minuten noch mal durchr\xc3\xbchren und servieren. Guten Appetit!\n                                                                                                                                                                                                                                                                                                  Unser Beitrag f\xc3\xbcr Nachhaltigkeit: Pfanni Kartoffeln werden von unseren Vertragsbauern nachhaltig angebaut und f\xc3\xbcr den optimalen N\xc3\xa4hrstoffgehalt und Geschmack nur saisongerecht geerntet. 100% deutsche Kartoffeln aus nachhaltiger Landwirtschaft \xe2\x80\x93 f\xc3\xbcr den besonders leckeren Pfanni Geschmack.Zutaten & AllergeneZutaten: 85% Kartoffeln\xc2\xb2, Palm\xc3\xb6l, 4,3% MAGERMILCHPULVER, Speisesalz, Glukosesirup, Emulgator Mono- und Diglyceride von Speisefetts\xc3\xa4uren, MILCHEIWEISS, Aromen. \xc2\xb2aus nachhaltigem AnbauN\xc3\xa4hrwerteDurchschnittliche N\xc3\xa4hrwerteZubereitet pro 100 gEnergie238 kJEnergie57 kcalFett1 gFett, davon ges\xc3\xa4ttigte Fetts\xc3\xa4uren0,6 gKohlenhydrate11 gKohlenhydrate, davon Zucker0,8 gBallaststoffe1,4 gEiwei\xc3\x9f1,5 gSalz0,53 gHinweiseAufbewahrungs- und Verwendungshinweis: Nach \xc3\x96ffnung ist der Packungsinhalt im wieder verschlossenen Beutel k\xc3\xbchl und trocken mindestens 3 Wochen haltbar.Information: Unter Schutzatmosph\xc3\xa4re verpackt.ArtikeldetailsMarke: PfanniEigenschaften: VegetarischUrsprungsland: DeutschlandKontaktKontaktname: Unilever DeutschlandKontaktadresse: Postfach 570 307, 22772 HamburgMaximale Bestellmenge: 15 St\xc3\xbcckF\xc3\xbcr die vorstehenden Angaben wird keine Haftung \xc3\xbcbernommen. Bitte pr\xc3\xbcfen Sie im Einzelfall die Angaben auf der jeweiligen Produktverpackung, nur diese sind verbindlich.Das Produktdesign kann von der Abbildung abweichen.'",Grenzhöfer Weg 29,Rewe,Kochen & Backen,2023-07-09,"Gültig ab morgen bis Samstag, 15.07.2023"
Knorr Tomaten Ketchup,https://img.rewe-static.de/REWE28_2023/2360602/23631618-17_digital-image.png?impolicy=s-offers&imwidth=200&output-format=image/webp,,https://shop.rewe.de/productList?search=2832136,,"je 430-ml-Fl , (1 l = 3.47)",Aktion,"1,49 €","b'ProduktbeschreibungArtikelnummer 2360602\xe2\x80\xa2 Knorr Tomaten Ketchup mit 100% nat\xc3\xbcrlichen Zutaten \n\xe2\x80\xa2 Ketchup aus nachhaltig angebauten Tomaten \n\xe2\x80\xa2 Ketchup ohne Konservierungsstoffe und ohne Geschmacksverst\xc3\xa4rker \n\xe2\x80\xa2 Das Knorr Tomaten Ketchup ist f\xc3\xbcr Veganer geeignet \n\xe2\x80\xa2 Tomaten-Ketchup ohne Farbstoffe (lt. Gesetz) \n\xe2\x80\xa2 Grillsauce in der praktischen 430 ml Squeeze-Flasche von Knorr f\xc3\xbcr besonders einfaches Dosieren Der Knorr Tomaten Ketchup mit 100% nat\xc3\xbcrlichen Zutaten erh\xc3\xa4lt seinen besonderen fruchtigen Geschmack von sonnengereiften Tomaten und schmeckt als Grillsauce einfach lecker zu Fleisch, W\xc3\xbcrstchen, Pommes Frites, Hotdogs, Reis-, Nudel- sowie Eiergerichten und ist auch f\xc3\xbcr die vegane oder vegetarische Ern\xc3\xa4hrung geeignet. In der praktischen Squeezer-Flasche l\xc3\xa4sst sich der Tomatenketchup auch besonders einfach dosieren und ist besonders lecker. \n\nDank unserer Fix-Produkte, Br\xc3\xbchen, So\xc3\x9fen, Fertiggerichten, Suppen und Salatdressings gelingt jedes Gericht garantiert mit wenigen Handgriffen. Schnell und einfach erhalten so authentische Mahlzeiten ihren typischen Geschmack \xe2\x80\x93 egal, ob abwechslungsreiche vegetarische oder vegane K\xc3\xbcche, herzhafte Fleischgerichte oder leckere Gem\xc3\xbcsevariationen. Dabei ist es die Komposition ausgew\xc3\xa4hlter hochwertiger Zutaten, die jedes Knorr Produkt besonders macht. \n\nKnorr verarbeitet nur sorgf\xc3\xa4ltig schonend getrocknete Zutaten, denn das Trocknen ist eine der \xc3\xa4ltesten Methoden, um Lebensmittel nat\xc3\xbcrlich haltbar zu machen. Da der Geschmack und die N\xc3\xa4hrstoffe der frischen Zutaten weitgehend erhalten bleiben, passen Lebensmittel aus getrockneten Zutaten perfekt in unseren stressigen Alltag. Essen mit Knorr ist unkompliziert und sorgt dar\xc3\xbcber hinaus f\xc3\xbcr ein gutes Gef\xc3\xbchl: \xc3\x9cber 90 Prozent der Zutaten kommen heute schon aus nachhaltigem Anbau. Denn wir bei Knorr glauben, dass die Verwendung nachhaltig angebauter und beschaffter Zutaten einen gro\xc3\x9fen Unterschied f\xc3\xbcr den Geschmack unserer Produkte, das Wohlbefinden der Landwirte und die Zukunft des Planeten macht. Knorr \xe2\x80\x93 Geschmack mit gutem Gef\xc3\xbchl.Zutaten & AllergeneZutaten: 72% Tomatenmark1, Zucker, Branntweinessig, Speisesalz, nat\xc3\xbcrliche Aromen. 1 aus nachhaltig angebauten TomatenN\xc3\xa4hrwerteDurchschnittliche N\xc3\xa4hrwerteUnzubereitet pro 100 mlEnergie399 kJEnergie94 kcalFett0,5 gFett, davon ges\xc3\xa4ttigte Fetts\xc3\xa4uren< 0,1 gKohlenhydrate21 gKohlenhydrate, davon Zucker20 gBallaststoffe0,7 gEiwei\xc3\x9f1,4 gSalz1,9 gHinweiseAufbewahrungs- und Verwendungshinweis: Nach dem \xc3\x96ffnen im K\xc3\xbchlschrank aufbewahren.ArtikeldetailsMarke: KnorrUrsprungsland: PolenSorte: Tomaten-KetchupKontaktKontaktname: Unilever DeutschlandKontaktadresse: Postfach 570 550, 22774 HamburgMaximale Bestellmenge: 15 St\xc3\xbcckF\xc3\xbcr die vorstehenden Angaben wird keine Haftung \xc3\xbcbernommen. Bitte pr\xc3\xbcfen Sie im Einzelfall die Angaben auf der jeweiligen Produktverpackung, nur diese sind verbindlich.Das Produktdesign kann von der Abbildung abweichen.'",Grenzhöfer Weg 29,Rewe,Kochen & Backen,2023-07-09,"Gültig ab morgen bis Samstag, 15.07.2023"
Barilla Collezione Farfalle,https://img.rewe-static.de/REWE28_2023/7905005/32879874-15_digital-image.png?impolicy=s-offers&imwidth=200&output-format=image/webp,,https://shop.rewe.de/productList?search=2832136,,"je 500-g-Pckg , (1 kg = 3.58)",Aktion,"1,79 €","b'ProduktbeschreibungArtikelnummer 7905005Zutaten & AllergeneZutaten: HARTWEIZENGRIESS, Wasser. Kann Spuren von Sojabohnen enthalten.Allergenhinweise: Enth\xc3\xa4lt: Weizen und Weizenerzeugnisse (glutenhaltiges Getreide). Glutenhaltiges Getreide und glutenhaltige Getreideerzeugnisse. Kann enthalten: Soja und Sojaerzeugnisse.N\xc3\xa4hrwerteDurchschnittliche N\xc3\xa4hrwerteUnzubereitet pro 100 gEnergie1.521 kJEnergie359 kcalFett2 gFett, davon ges\xc3\xa4ttigte Fetts\xc3\xa4uren0,5 gKohlenhydrate71,2 gKohlenhydrate, davon Zucker3,5 gBallaststoffe3 gEiwei\xc3\x9f12,5 gSalz0,013 gHinweiseAufbewahrungs- und Verwendungshinweis: Trocken, vor Licht und W\xc3\xa4rme gesch\xc3\xbctzt lagern.ArtikeldetailsMarke: BarillaUrsprungsland: ItalienKontaktKontaktname: Barilla G. e R. Fratelli S.p.A.Kontaktadresse: Via Mantova 166, Parma - ItalyMaximale Bestellmenge: 15 St\xc3\xbcckF\xc3\xbcr die vorstehenden Angaben wird keine Haftung \xc3\xbcbernommen. Bitte pr\xc3\xbcfen Sie im Einzelfall die Angaben auf der jeweiligen Produktverpackung, nur diese sind verbindlich.Das Produktdesign kann von der Abbildung abweichen.'",Grenzhöfer Weg 29,Rewe,Kochen & Backen,2023-07-09,"Gültig ab morgen bis Samstag, 15.07.2023"
Ben’s Original Süß-Sauer Sauce,https://img.rewe-static.de/REWE28_2023/2675781/2505550-79_digital-image.png?impolicy=s-offers&imwidth=200&output-format=image/webp,,https://shop.rewe.de/productList?search=2832136,,"versch. Sorten , je 400-g-Glas , (1 kg = 3.73)",Aktion,"1,49 €","b""ProduktbeschreibungArtikelnummer 2675781BEN'S ORIGINAL\xe2\x84\xa2 S\xc3\xbc\xc3\x9f-Sauer: Eine Sauce, die nur sorgf\xc3\xa4ltig ausgew\xc3\xa4hlte Zutaten und keine k\xc3\xbcnstlichen Farb-, Konservierungs- und Aromastoffe enth\xc3\xa4lt.Zutaten & AllergeneZutaten: Wasser, Tomaten (13%), Zucker, Zwiebeln (10%), Ananas (9.3%), Karotten (8.2%), Branntweinessig, Modifizierte Maisst\xc3\xa4rke, Gr\xc3\xbcner Paprika (2.6%), Roter Paprika (2.6%), Salz, Farbstoff (Paprikaextrakt), Gew\xc3\xbcrze.Allergenhinweise: Enth\xc3\xa4lt: Keine deklarationspflichtigen Allergene enthalten.N\xc3\xa4hrwerteDurchschnittliche N\xc3\xa4hrwerteUnzubereitet pro 100 gEnergie310 kJEnergie73 kcalFett< 0,5 gFett, davon ges\xc3\xa4ttigte Fetts\xc3\xa4uren< 0,1 gKohlenhydrate17 gKohlenhydrate, davon Zucker13 gBallaststoffe0,8 gEiwei\xc3\x9f< 0,5 gSalz0,42 gHinweiseAufbewahrungs- und Verwendungshinweis: Nach dem \xc3\x96ffnen im K\xc3\xbchlschrank 3 Tage haltbar.ArtikeldetailsMarke: Ben's OriginalUrsprungsland: NiederlandeSorte: Extra AnanasKontaktKontaktname: Mars GmbHKontaktadresse: Postfach 1280, 27281 Verden (Aller)Maximale Bestellmenge: 15 St\xc3\xbcckF\xc3\xbcr die vorstehenden Angaben wird keine Haftung \xc3\xbcbernommen. Bitte pr\xc3\xbcfen Sie im Einzelfall die Angaben auf der jeweiligen Produktverpackung, nur diese sind verbindlich.Das Produktdesign kann von der Abbildung abweichen.""",Grenzhöfer Weg 29,Rewe,Kochen & Backen,2023-07-09,"Gültig ab morgen bis Samstag, 15.07.2023"
REWE Beste Wahl Balsamico Creme,https://img.rewe-static.de/REWE28_2023/0888363/23928271-32_digital-image.png?impolicy=s-offers&imwidth=200&output-format=image/webp,,https://shop.rewe.de/productList?search=2832136,,"je 250-ml-Fl , (1 l = 7.16)",Aktion,"1,79 €","b'ProduktbeschreibungArtikelnummer 888363Ihr au\xc3\x9fergew\xc3\xb6hnlicher Geschmack ist ideal zur Verfeinerung von Salaten, Gem\xc3\xbcse und Fleisch geeinigt.\n\nHergestellt f\xc3\xbcr: REWE Markt GmbH, D-50603 K\xc3\xb6ln. Zutaten & AllergeneZutaten: Traubenmostkonzentrat, Aceto Balsamico di Modena IGP 39% (Traubenmostkonzentrat, Weinessig, Farbstoff Ammonsulfit-Zuckerkul\xc3\xb6r, Antioxidationsmittel KALIUMMETABISULFIT), Weinessig, Verdickungsmittel (Guarkernmehl, Xanthan). Zusatzstoffe: E 150d, E 224, E 412, E 415Allergenhinweise: Schwefeldioxid und Sulfite in einer Konzentration von mehr als 10 mg/kg oder 10 mg/l, als SO2 angegebenN\xc3\xa4hrwerteDurchschnittliche N\xc3\xa4hrwertepro 100 mlEnergie938 kJEnergie220 kcalFett0 gFett, davon ges\xc3\xa4ttigte Fetts\xc3\xa4uren0 gKohlenhydrate52,5 gKohlenhydrate, davon Zucker43,5 gEiwei\xc3\x9f0,5 gSalz1,14 gHinweiseAufbewahrungshinweise: Nach dem \xc3\x96ffnen im K\xc3\xbchlschrank aufbewahren.Verwendungshinweise: Trocken lagern. Vor W\xc3\xa4rme sch\xc3\xbctzen.ArtikeldetailsMarke: REWE Beste WahlUrsprungsland: ItalienKontaktKontaktname: Drogheria e Alimentari Deutschland GmbHKontaktadresse: H\xc3\xbcttenstrasse 87, 87600 Kaufbeuren, DeutschlandMaximale Bestellmenge: 15 St\xc3\xbcckF\xc3\xbcr die vorstehenden Angaben wird keine Haftung \xc3\xbcbernommen. Bitte pr\xc3\xbcfen Sie im Einzelfall die Angaben auf der jeweiligen Produktverpackung, nur diese sind verbindlich.Das Produktdesign kann von der Abbildung abweichen.'",Grenzhöfer Weg 29,Rewe,Kochen & Backen,2023-07-09,"Gültig ab morgen bis Samstag, 15.07.2023"
Knorr Schlemmersauce,https://img.rewe-static.de/REWE28_2023/4584171/9206200-73_digital-image.png?impolicy=s-offers&imwidth=200&output-format=image/webp,,https://shop.rewe.de/productList?search=2832136,,"versch. Sorten , je 250-ml-Fl , (1 l = 3.96)",Aktion,"0,99 €","b'ProduktbeschreibungArtikelnummer 4584171- feine Knoblauchsauce \n - mit Zwiebelst\xc3\xbcckchen und Joghurt verfeinert \n - ideale Erg\xc3\xa4nzung zu Scampi, Salaten und verschiedenen Grillgerichten \n - ohne k\xc3\xbcnstliche Farbstoffe \n - ohne Geschmacksverst\xc3\xa4rker und Konservierungsstoffe \n \n Die herrlich cremige Knorr Knoblauch Sauce ist mit Zwiebelst\xc3\xbcckchen und Joghurt verfeinert und geh\xc3\xb6rt f\xc3\xbcr Liebhaber der herzhaften Knolle zu einem geselligen Grillabend dazu. Diese Sauce ist die ideale Erg\xc3\xa4nzung zu Scampi, Salaten, Folienkartoffeln, Maiskolben und verschiedenen Grillgerichten. Die Knorr Grillsauce in der Glasflasche passt au\xc3\x9ferdem als Dip hervorragend zu Fondue oder Raclette. Zubereitung: Vor Gebrauch sch\xc3\xbctteln. Knorr Grillsaucen sind Deutschlands beliebteste Grillsaucen (auf Basis verkaufter Saucen): Ganz gleich, ob zu saftigen Steaks, W\xc3\xbcrstchen, Fisch oder Gem\xc3\xbcse \xe2\x80\x93 mit den unterschiedlichsten Varianten von Knoblauch bis Curry hat Knorr die passende Grillsauce immer servierfertig und griffbereit. Die abwechslungsreichen Grillsaucen in der charakteristischen Knorr-Glasflasche schmecken der ganzen Familie. Auch die Knorr Grillsaucen im praktischen Squeezer bieten au\xc3\x9fergew\xc3\xb6hnliche Geschmacksrichtungen und sind ein besonderer Genuss bei jeder Grillparty. In der praktischen und leichten Kopfsteherflasche aus Kunststoff sind die Grillsaucen besonders gut und sauber zu dosieren und somit ideal f\xc3\xbcr unterwegs und sofort einsetzbar. So einfach bringt man Abwechslung auf\xe2\x80\x98s Grillgut! Kennen Sie schon die vielen weiteren Produkte von Knorr? Dank unserer Fix-Produkte, Br\xc3\xbchen, Saucen, Fertiggerichten, Suppen und Salatdressings gelingt jedes Gericht garantiert mit wenigen Handgriffen. Schnell und einfach erhalten so authentische Mahlzeiten ihren typischen Geschmack \xe2\x80\x93 egal, ob abwechslungsreiche vegetarische oder vegane K\xc3\xbcche, herzhafte Fleischgerichte oder leckere Gem\xc3\xbcsevariationen. Dabei ist es die Komposition ausgew\xc3\xa4hlter hochwertiger Zutaten, die jedes Knorr Produkt besonders macht. Knorr verarbeitet nur sorgf\xc3\xa4ltig schonend getrocknete Zutaten, denn das Trocknen ist eine der \xc3\xa4ltesten Methoden, um Lebensmittel nat\xc3\xbcrlich haltbar zu machen. Da der Geschmack und die N\xc3\xa4hrstoffe der frischen Zutaten weitgehend erhalten bleiben, passen Lebensmittel aus getrockneten Zutaten perfekt in unseren stressigen Alltag. Essen mit Knorr ist unkompliziert und sorgt dar\xc3\xbcber hinaus f\xc3\xbcr ein gutes Gef\xc3\xbchl: \xc3\x9cber 90 Prozent der Zutaten kommen heute schon aus nachhaltigem Anbau. Denn wir bei Knorr glauben, dass die Verwendung nachhaltig angebauter und beschaffter Zutaten einen gro\xc3\x9fen Unterschied f\xc3\xbcr den Geschmack unserer Produkte, das WohlbeFinden der Landwirte und die Zukunft des Planeten macht. Knorr \xe2\x80\x93 Geschmack mit gutem Gef\xc3\xbchl.... mehr anzeigenDie cremige Knorr Knoblauch Sauce mit mildem Geschmack schmeckt ausgezeichnet zu Scampi, Salaten und verschiedenen Grillgerichten. Eine herrlich cremige Knoblauch Sauce von Knorr, verfeinert mit Zwiebelst\xc3\xbcckchen und Joghurt. Mit dieser leckeren W\xc3\xbcrzsauce kann die Grillparty beginnen. Der Knorr Grillsaucen-Klassiker in der Glasflasche ist ein unverzichtbarer Begleiter in der Grillsaison. \n\nKnorr Saucen inspirieren sowohl Kochk\xc3\xbcnstler als auch alle, die gerne Neues entdecken und in die Welt der exotischen Gen\xc3\xbcsse eintauchen m\xc3\xb6chten. Das Sortiment an Knorr Grillsaucen bietet etwas f\xc3\xbcr jeden Geschmack und jede Gelegenheit. Etwa eine Grillparty mit Familie und Freuden \xe2\x80\x93 doch ohne Grillsaucen keine richtige Grillparty. \n\nDie Knorr Saucen sind ideal f\xc3\xbcr allerlei gebratene oder gegrillte Fleischsorten, verschiedene Fische oder diverse Meeresfr\xc3\xbcchte. Die Devise lautet: selbst ausprobieren und jedes Gericht zu einem kulinarischen Fest mit guter Stimmung verwandeln. Millionen zufriedener Verbraucher vertrauen bereits auf Knorr und greifen immer \xc3\xb6fter nach dem Produkt. Die handliche Flasche der Grillsauce ist leicht dosierbar und daher perfekt f\xc3\xbcr unterwegs. Dank gesunder Zutaten und einer hohen Qualit\xc3\xa4t werden Knorr Saucen zunehmend auch f\xc3\xbcr die abwechslungsreiche vegetarische und vegane K\xc3\xbcche empfohlen. \n\nAufbewahrungs- und Verwendungshinweise: Vor Gebrauch sch\xc3\xbctteln. Nach dem \xc3\x96ffnen im K\xc3\xbchlschrank aufbewahren. \n\nSind schon die vielen weiteren Produkte von Knorr bekannt? Dank der Fix-Produkte, So\xc3\x9fen, Fertiggerichte, Suppen, Salatdressings, Br\xc3\xbchen und Bouillons gelingt jedes Gericht garantiert mit wenigen Handgriffen. Schnell und einfach erhalten authentische Mahlzeiten so ihren typischen Geschmack \xe2\x80\x93 egal, ob abwechslungsreiche vegetarische oder vegane K\xc3\xbcche, herzhafte Fleischgerichte oder leckere Gem\xc3\xbcsevariationen. Dabei ist es die Komposition ausgew\xc3\xa4hlter hochwertiger Zutaten, die jedes Knorr Produkt besonders macht. Knorr verarbeitet nur sorgf\xc3\xa4ltig schonend getrocknete Zutaten, denn das Trocknen ist eine der \xc3\xa4ltesten Methoden, um Lebensmittel nat\xc3\xbcrlich haltbar zu machen. Da der Geschmack und die Hauptn\xc3\xa4hrstoffe der frischen Zutaten weitgehend erhalten bleiben, passen Lebensmittel aus getrockneten Zutaten perfekt in unseren stressigen Alltag. Essen mit Knorr ist unkompliziert und sorgt dar\xc3\xbcber hinaus f\xc3\xbcr ein gutes Gef\xc3\xbchl: 95 Prozent unserer Gem\xc3\xbcse und Kr\xc3\xa4uter stammen heute schon aus nachhaltigem Anbau. Denn wir bei Knorr glauben, dass die Verwendung nachhaltig angebauter und beschaffter Zutaten einen gro\xc3\x9fen Unterschied f\xc3\xbcr den Geschmack unserer Produkte, das Wohlbefinden der Landwirte und die Zukunft des Planeten macht. Knorr. Gutes, nat\xc3\xbcrlich lecker!Zutaten & AllergeneZutaten: Trinkwasser, Raps\xc3\xb6l, MAGERMILCHJOGHURT, Zucker, modifizierte St\xc3\xa4rke, Branntweinessig, Zwiebeln, SELLERIE, EIGELB, Speisesalz, 1,2 % Knoblauch, Gew\xc3\xbcrze (mit SENFSAAT), Zitronensaftkonzentrat, Aromen, Petersilie.N\xc3\xa4hrwerteDurchschnittliche N\xc3\xa4hrwerteUnzubereitet pro 100 mlEnergie1.044 kJEnergie249 kcalFett21 gFett, davon ges\xc3\xa4ttigte Fetts\xc3\xa4uren1,9 gKohlenhydrate12 gKohlenhydrate, davon Zucker9,1 gBallaststoffe< 0,5 gEiwei\xc3\x9f1 gSalz1,6 gHinweiseAufbewahrungs- und Verwendungshinweis: Nach dem \xc3\x96ffnen im K\xc3\xbchlschrank aufbewahren.ArtikeldetailsMarke: KnorrUrsprungsland: DeutschlandKontaktKontaktname: Unilever DeutschlandKontaktadresse: Postfach 570 550, 22774 HamburgMaximale Bestellmenge: 15 St\xc3\xbcckF\xc3\xbcr die vorstehenden Angaben wird keine Haftung \xc3\xbcbernommen. Bitte pr\xc3\xbcfen Sie im Einzelfall die Angaben auf der jeweiligen Produktverpackung, nur diese sind verbindlich.Das Produktdesign kann von der Abbildung abweichen.'",Grenzhöfer Weg 29,Rewe,Kochen & Backen,2023-07-09,"Gültig ab morgen bis Samstag, 15.07.2023"
Hela Gewürzketchup Curry,https://img.rewe-static.de/REWE28_2023/4908848/630290-90_digital-image.png?impolicy=s-offers&imwidth=200&output-format=image/webp,,https://shop.rewe.de/productList?search=2832136,,"versch. Sorten , je 800-ml-Fl , (1 l = 2.86)",Aktion,"2,29 €","b'ProduktbeschreibungArtikelnummer 4908848Mit der originalen Hela W\xc3\xbcrzung\r\nUnser scharf-s\xc3\xbc\xc3\x9flicher Gew\xc3\xbcrz Ketchup Curry scharf ist die ideale Erg\xc3\xa4nzung f\xc3\xbcr all unsere Fans, die es gern etwas pikanter m\xc3\xb6gen.Zutaten & AllergeneZutaten: Tomatensaft, Zucker, Dextrose, Kochsalz, Curry (SENFMEHL, Pfeffer, Paprika, Chili, Nelken, Gew\xc3\xbcrze), Branntweinessig, modifizierte Maisst\xc3\xa4rke, S\xc3\xa4uerungsmittel: Citronens\xc3\xa4ure, Verdickungsmittel: (Guarkernmehl, Johannisbrotkernmehl), Kr\xc3\xa4uter (enth\xc3\xa4lt SELLERIE), S\xc3\xa4ureregulator: Natriumlactat, Geschmacksverst\xc3\xa4rker: Mononatriumglutamat.Allergenhinweise: Enth\xc3\xa4lt: Senf- und Senferzeugnisse. Sellerie und Sellerieerzeugnisse.N\xc3\xa4hrwerteDurchschnittliche N\xc3\xa4hrwerteUnzubereitet pro 100 gEnergie573 kJEnergie137 kcalFett0,3 gFett, davon ges\xc3\xa4ttigte Fetts\xc3\xa4uren0,1 gKohlenhydrate30,8 gKohlenhydrate, davon Zucker29,4 gEiwei\xc3\x9f0,8 gSalz2,2 gHinweiseAufbewahrungs- und Verwendungshinweis: Nach erster \xc3\x96ffnung bitte im K\xc3\xbchlschrank lagern und kurzfristig verzehren!ArtikeldetailsMarke: HelaUrsprungsland: DeutschlandPackungsgr\xc3\xb6\xc3\x9fe: 800mlKontaktKontaktname: Hela Gew\xc3\xbcrzwerk Hermann Laue GmbHKontaktadresse: D-22923 AhrensburgMaximale Bestellmenge: 15 St\xc3\xbcckF\xc3\xbcr die vorstehenden Angaben wird keine Haftung \xc3\xbcbernommen. Bitte pr\xc3\xbcfen Sie im Einzelfall die Angaben auf der jeweiligen Produktverpackung, nur diese sind verbindlich.Das Produktdesign kann von der Abbildung abweichen.'",Grenzhöfer Weg 29,Rewe,Kochen & Backen,2023-07-09,"Gültig ab morgen bis Samstag, 15.07.2023"
Barilla Spaghetti Al Bronzo,https://img.rewe-static.de/REWE28_2023/8745035/37803714-8_digital-image.png?impolicy=s-offers&imwidth=200&output-format=image/webp,,https://shop.rewe.de/productList?search=2832136,,"je 400-g-Pckg , (1 kg = 4.48)",Aktion,"1,79 €","b'ProduktbeschreibungArtikelnummer 8745035Zutaten & AllergeneZutaten: HARTWEIZENGRIESS, Wasser. Kann Spuren von Sojabohnen und Senf enthalten.Allergenhinweise: Enth\xc3\xa4lt: Weizen und Weizenerzeugnisse (glutenhaltiges Getreide). Glutenhaltiges Getreide und glutenhaltige Getreideerzeugnisse. Kann enthalten: Soja und Sojaerzeugnisse. Senf- und Senferzeugnisse.N\xc3\xa4hrwerteDurchschnittliche N\xc3\xa4hrwerteUnzubereitet pro 100 gEnergie1.521 kJEnergie359 kcalFett2 gFett, davon ges\xc3\xa4ttigte Fetts\xc3\xa4uren0,4 gKohlenhydrate69,7 gKohlenhydrate, davon Zucker3,5 gBallaststoffe3 gEiwei\xc3\x9f14 gSalz0,013 gHinweiseAufbewahrungs- und Verwendungshinweis: Trocken, vor Licht und W\xc3\xa4rme gesch\xc3\xbctzt lagern.ArtikeldetailsMarke: BarillaUrsprungsland: ItalienKontaktKontaktname: Barilla G. e R. Fratelli S.p.A.Kontaktadresse: Via Mantova 166, Parma - ItalyMaximale Bestellmenge: 15 St\xc3\xbcckF\xc3\xbcr die vorstehenden Angaben wird keine Haftung \xc3\xbcbernommen. Bitte pr\xc3\xbcfen Sie im Einzelfall die Angaben auf der jeweiligen Produktverpackung, nur diese sind verbindlich.Das Produktdesign kann von der Abbildung abweichen.'",Grenzhöfer Weg 29,Rewe,Kochen & Backen,2023-07-09,"Gültig ab morgen bis Samstag, 15.07.2023"
REWE Beste Wahl Bolognese Pasta Sauce,https://img.rewe-static.de/REWE28_2023/7123786/27851232-24_digital-image.png?impolicy=s-offers&imwidth=200&output-format=image/webp,,https://shop.rewe.de/productList?search=2832136,,"je 380-ml-Glas , (1 l = 4.18)",Aktion,"1,59 €","b'ProduktbeschreibungArtikelnummer 7123786Zutaten & AllergeneZutaten: Passierte Tomaten 61%, Rindfleisch 28%, Gem\xc3\xbcse 6% (Karotten, Zwiebeln, Knoblauch), Zucker, Salz, S\xc3\xa4uerungsmittel Milchs\xc3\xa4ure, Sonnenblumen\xc3\xb6l, Kr\xc3\xa4uter, Gew\xc3\xbcrze.    Zusatzstoffe: E 270N\xc3\xa4hrwerteDurchschnittliche N\xc3\xa4hrwertepro 100 mlEnergie392 kJEnergie94 kcalFett4,6 gFett, davon ges\xc3\xa4ttigte Fetts\xc3\xa4uren2,3 gKohlenhydrate6,1 gKohlenhydrate, davon Zucker5 gEiwei\xc3\x9f5,9 gSalz1,4 gHinweiseAufbewahrungshinweise: Nach dem \xc3\x96ffnen im K\xc3\xbchlschrank aufbewahren und innerhalb von 3-4 Tagen verbrauchen.Verwendungshinweise: Trocken lagern. Vor W\xc3\xa4rme sch\xc3\xbctzen.ArtikeldetailsMarke: REWE Beste WahlUrsprungsland: ItalienKontaktKontaktname: LA DORIA S.P.A.Kontaktadresse: Via Nazionale, 320, Angri, 84012, ItalienMaximale Bestellmenge: 15 St\xc3\xbcckF\xc3\xbcr die vorstehenden Angaben wird keine Haftung \xc3\xbcbernommen. Bitte pr\xc3\xbcfen Sie im Einzelfall die Angaben auf der jeweiligen Produktverpackung, nur diese sind verbindlich.Das Produktdesign kann von der Abbildung abweichen.'",Grenzhöfer Weg 29,Rewe,Kochen & Backen,2023-07-09,"Gültig ab morgen bis Samstag, 15.07.2023"
Fabbri Amarenakirschen,https://img.rewe-static.de/REWE28_2023/3797015/1603730-43_digital-image.png?impolicy=s-offers&imwidth=200&output-format=image/webp,,https://shop.rewe.de/productList?search=2832136,,"Frucht in Sirup , je 230-g-Glas , (1 kg = 39.90) , 100-g-Abtropfgew.",Aktion,"3,99 €","b'ProduktbeschreibungArtikelnummer 3797015Zutaten & AllergeneZutaten: Zucker, Sauerkirschen (43%), Glukose Sirup, Wasser, Sauerkirschen saft (4%), S\xc3\xa4uerungsmittel Zitronens\xc3\xa4ure, Aromen, Farbstoff Anthocyane aus Pflanzenextrakt.N\xc3\xa4hrwerteDurchschnittliche N\xc3\xa4hrwerteUnzubereitet pro 100 gEnergie1.160 kJEnergie273 kcalFett0 gFett, davon ges\xc3\xa4ttigte Fetts\xc3\xa4uren0 gKohlenhydrate67 gKohlenhydrate, davon Zucker61 gEiwei\xc3\x9f0 gSalz0,03 gArtikeldetailsMarke: FabbriNettof\xc3\xbcllmenge: 230 GUrsprungsland: ItalienAbtropfgewicht: 100 gKontaktKontaktname: G. Fabbri Deutschland GmbHKontaktadresse: Witneystr. 1 - 82008 UnterhachingMaximale Bestellmenge: 15 St\xc3\xbcckF\xc3\xbcr die vorstehenden Angaben wird keine Haftung \xc3\xbcbernommen. Bitte pr\xc3\xbcfen Sie im Einzelfall die Angaben auf der jeweiligen Produktverpackung, nur diese sind verbindlich.Das Produktdesign kann von der Abbildung abweichen.'",Grenzhöfer Weg 29,Rewe,Kochen & Backen,2023-07-09,"Gültig ab morgen bis Samstag, 15.07.2023"
Saupiquet Thunfisch,https://img.rewe-static.de/REWE28_2023/2071371/2519210-44_digital-image.png?impolicy=s-offers&imwidth=200&output-format=image/webp,,https://shop.rewe.de/productList?search=2832136,,"Naturale ohne Öl oder in Sonnenblumenöl , je 185-g-Dose , (1 kg = 17.79) , 140-g-Abtropfgew.",Aktion,"2,49 €","b'ProduktbeschreibungArtikelnummer 2071371Zutaten & AllergeneZutaten: THUNFISCH (Skipjack, Katsuwonus pelamis), Wasser, Salz.Allergenhinweise: Enth\xc3\xa4lt: Fisch und Fischerzeugnisse.N\xc3\xa4hrwerteDurchschnittliche N\xc3\xa4hrwerteUnzubereitet pro 100 gEnergie410 kJEnergie97 kcalFett0,5 gFett, davon ges\xc3\xa4ttigte Fetts\xc3\xa4uren0,2 gKohlenhydrate0 gKohlenhydrate, davon Zucker0 gBallaststoffe0 gEiwei\xc3\x9f23 gSalz1,3 gHinweiseAufbewahrungs- und Verwendungshinweis: Mindestens haltbar bis: siehe VerpackungsaufdruckArtikeldetailsMarke: SaupiquetNettof\xc3\xbcllmenge: 185 GUrsprungsland: EcuadorAbtropfgewicht: 140 gSorte: Naturale ohne \xc3\x96lKontaktKontaktname: Saupiquet D GmbHKontaktadresse: Postfach 9307, 47750 KrefeldMaximale Bestellmenge: 15 St\xc3\xbcckF\xc3\xbcr die vorstehenden Angaben wird keine Haftung \xc3\xbcbernommen. Bitte pr\xc3\xbcfen Sie im Einzelfall die Angaben auf der jeweiligen Produktverpackung, nur diese sind verbindlich.Das Produktdesign kann von der Abbildung abweichen.'",Grenzhöfer Weg 29,Rewe,Kochen & Backen,2023-07-09,"Gültig ab morgen bis Samstag, 15.07.2023"
Oryza Reisspezialität,https://img.rewe-static.de/REWE28_2023/2600315/1231150-46_digital-image.png?impolicy=s-offers&imwidth=200&output-format=image/webp,,https://shop.rewe.de/productList?search=2832136,,"Himalaya Basmati , je 500-g-Btl , (1 kg = 3.58)",Aktion,"1,79 €","b'ProduktbeschreibungArtikelnummer 2600315Zutaten & AllergeneZutaten: Basmati ReisAllergenhinweise: Enth\xc3\xa4lt: Keine deklarationspflichtigen Allergene enthalten.N\xc3\xa4hrwerteDurchschnittliche N\xc3\xa4hrwerteUnzubereitet pro 100 gEnergie1.469 kJEnergie351 kcalFett1 gFett, davon ges\xc3\xa4ttigte Fetts\xc3\xa4uren0,3 gKohlenhydrate75 gKohlenhydrate, davon Zucker0,5 gBallaststoffe3,6 gEiwei\xc3\x9f8,8 gSalz0,01 gHinweiseAufbewahrungs- und Verwendungshinweis: Produkt vor W\xc3\xa4rme sch\xc3\xbctzen und trocken lagern.ArtikeldetailsMarke: OryzaUrsprungsland: BelgienKontaktKontaktname: Euryza GmbHKontaktadresse: Paul-Dessau-Str. 5, 22761 HamburgMaximale Bestellmenge: 15 St\xc3\xbcckF\xc3\xbcr die vorstehenden Angaben wird keine Haftung \xc3\xbcbernommen. Bitte pr\xc3\xbcfen Sie im Einzelfall die Angaben auf der jeweiligen Produktverpackung, nur diese sind verbindlich.Das Produktdesign kann von der Abbildung abweichen.'",Grenzhöfer Weg 29,Rewe,Kochen & Backen,2023-07-09,"Gültig ab morgen bis Samstag, 15.07.2023"
Funny-Frisch Ofen Chips,https://img.rewe-static.de/REWE28_2023/7778468/36482196-7_digital-image.png?impolicy=s-offers&imwidth=200&output-format=image/webp,,https://shop.rewe.de/productList?search=2832136,,"versch. Sorten , je 125-g-Btl , (1 kg = 10.32)",Aktion,"1,29 €","b'ProduktbeschreibungArtikelnummer 7778468Zutaten & AllergeneZutaten: Kartoffelpulver (61%), St\xc3\xa4rke, pflanzliche \xc3\x96le (Sonnenblume, Raps in ver\xc3\xa4nderlichen Gewichtsanteilen), Zucker, Speisesalz, Emulgator (Lecithine), Paprikapulver, Hefeextrakt, nat\xc3\xbcrliches Aroma, Tomatenpulver, Balsamicoessigpulver (Traubenmostkonzentrat, Weinessig), Zwiebelpulver, Aprikosenpulver, S\xc3\xa4ureregulator (Calciumphosphate), GERSTENMALZESSIGPULVER, Backtriebmittel (Natriumhydrogencarbonat), Chilipulver, Knoblauchpulver, f\xc3\xa4rbendes Lebensmittel (schwarzer Tee-Extrakt), S\xc3\xa4uerungsmittel (\xc3\x84pfels\xc3\xa4ure), Farbstoff (Paprikaextrakt), Kr\xc3\xa4uter, Gew\xc3\xbcrze, GERSTENMALZESSIGEXTRAKT, Branntweinessigpulver. Kann Spuren von SESAM, MILCH und WEIZEN enthalten.N\xc3\xa4hrwerteDurchschnittliche N\xc3\xa4hrwerteUnzubereitet pro 100 gEnergie1.709 kJEnergie405 kcalFett9,2 gFett, davon ges\xc3\xa4ttigte Fetts\xc3\xa4uren1,2 gFett, davon einfach unges\xc3\xa4ttigte Fetts\xc3\xa4uren0 gFett, davon mehrfach unges\xc3\xa4ttigte Fetts\xc3\xa4uren0 gKohlenhydrate72 gKohlenhydrate, davon Zucker7,3 gBallaststoffe4,4 gEiwei\xc3\x9f6,1 gSalz1,6 gArtikeldetailsMarke: Funny-frischUrsprungsland: DeutschlandKontaktKontaktname: Intersnack Deutschland SEKontaktadresse: Erna-Scheffler-Str. 3, DE-51103 K\xc3\xb6lnF\xc3\xbcr die vorstehenden Angaben wird keine Haftung \xc3\xbcbernommen. Bitte pr\xc3\xbcfen Sie im Einzelfall die Angaben auf der jeweiligen Produktverpackung, nur diese sind verbindlich.Das Produktdesign kann von der Abbildung abweichen.'",Grenzhöfer Weg 29,Rewe,Süßes & Salziges,2023-07-09,"Gültig ab morgen bis Samstag, 15.07.2023"
Dickmann’s Super Dickmann’s,https://img.rewe-static.de/REWE28_2023/4205960/1363350-48_digital-image.png?impolicy=s-offers&imwidth=200&output-format=image/webp,,https://shop.rewe.de/productList?search=2832136,,"je 250-g-Pckg , (1 kg = 5.96)",Aktion,"1,49 €","b'ProduktbeschreibungArtikelnummer 4205960Mit Super Dickmann\xe2\x80\x99s geht der Spa\xc3\x9f los: knackige Schokolade, lockerer Schaum. Spa\xc3\x9f und Genuss f\xc3\xbcr dich und deine Lieblingsmenschen! G\xc3\xb6nn\xe2\x80\x98s dir und teil den Spa\xc3\x9f! Die original Super Dickmann\xe2\x80\x99s sind au\xc3\x9fen schokoladig-knackig, innen fluffig und dazu unverwechselbar durch das \xe2\x80\x9eD\xe2\x80\x9c auf der Knusper-Waffel. Ob gemeinsam mit der Familie, unterwegs mit Freunden oder als Mitbringsel zum Geburtstag \xe2\x80\x93 sie lassen sich zu jeder Gelegenheit genie\xc3\x9fen.Zutaten & AllergeneZutaten: Glukose-Fruktose-Sirup, Schokolade 24% (Zucker, Kakaobutter, Kakaomasse, magerer Kakao, VOLLMILCHPULVER, Emulgator Lecithine (SOJA), Vanilleextrakt), Waffel (WEIZENMEHL, Zucker, SAHNEPULVER, Palmfett, Emulgator Lecithine (SOJA), nat\xc3\xbcrliches Aroma, Backtriebmittel Natriumhydrogencarbonat, Salz), Feuchthaltemittel Sorbitsirup, H\xc3\x9cHNEREI-TROCKENEIWEISS*, nat\xc3\xbcrliches Aroma. KANN AUCH ANTEILE VON HASELNUSS, MANDEL UND ANDEREN N\xc3\x9cSSEN ENTHALTEN. * aus BodenhaltungAllergenhinweise: Enth\xc3\xa4lt: Eier und Eierzeugnisse. Milch und Milcherzeugnisse (einschlie\xc3\x9flich Lactose). Sonstige glutenhaltige Getreide oder Hybridst\xc3\xa4mme davon. Soja und Sojaerzeugnisse. Weizen und Weizenerzeugnisse (glutenhaltiges Getreide). Kann enthalten: N\xc3\xbcsse und Nusserzeugnisse. Mandeln und Mandelerzeugnisse. Kaschunuss und Kaschunusserzeugnisse. Haselnuss und Haselnusserzeugnisse. Pecannuss und Pecannusserzeugnisse. Queenslandnuss und Queenslandnusserzeugnisse. Paranuss und Paranusserzeugnisse. Pistazie und Pistazienerzeugnisse. Walnuss und Walnusserzeugnisse.N\xc3\xa4hrwerteDurchschnittliche N\xc3\xa4hrwerteUnzubereitet pro 100 gEnergie1.573 kJEnergie373 kcalFett10,1 gFett, davon ges\xc3\xa4ttigte Fetts\xc3\xa4uren5,9 gKohlenhydrate67,5 gKohlenhydrate, davon Zucker53 gEiwei\xc3\x9f2,9 gSalz0,08 gHinweiseAufbewahrungs- und Verwendungshinweis: Vor W\xc3\xa4rme sch\xc3\xbctzen!ArtikeldetailsMarke: StorckUrsprungsland: DeutschlandPackungsgr\xc3\xb6\xc3\x9fe: 12 St\xc3\xbcck, 336gKontaktKontaktname: AUGUST STORCK KGKontaktadresse: Waldstr. 27, D-13403 BerlinF\xc3\xbcr die vorstehenden Angaben wird keine Haftung \xc3\xbcbernommen. Bitte pr\xc3\xbcfen Sie im Einzelfall die Angaben auf der jeweiligen Produktverpackung, nur diese sind verbindlich.Das Produktdesign kann von der Abbildung abweichen.'",Grenzhöfer Weg 29,Rewe,Süßes & Salziges,2023-07-09,"Gültig ab morgen bis Samstag, 15.07.2023"
Mars Snickers,https://img.rewe-static.de/REWE28_2023/1303474/40115911-6_digital-image.png?impolicy=s-offers&imwidth=200&output-format=image/webp,,https://shop.rewe.de/productList?search=2832136,,"je 5 x 50-g-Riegel-Pckg , (1 kg = 6.76)",Aktion,"1,69 €","b'ProduktbeschreibungArtikelnummer 13034745 Riegel einzeln verpackt. SNICKERS - und der Hunger ist gegessen! Das unschlagbare Original aus Vollmilchschokolade, ausgew\xc3\xa4hlten Erdn\xc3\xbcsse von bester Qualit\xc3\xa4t und zartem Karamell! Ideal zum Snacken und Genie\xc3\x9fen! Das unschlagbare Original mit dem unverwechselbaren Geschmack. Unter der knackigen Schale aus Vollmilchschokolade machen ausgew\xc3\xa4hlte Erdn\xc3\xbcsse, leckere Candy-Creme und zartes Karamell SNICKERS\xc2\xae zu einem echten Meisterwerk und dem beliebtesten Schokoladenriegel der Welt.Zutaten & AllergeneZutaten: Zucker, Glukosesirup, ERDN\xc3\x9cSSE, MAGERMILCHPULVER, Kakaobutter, Kakaomasse, Sonnenblumen\xc3\xb6l, Butterreinfett (MILCH), MILCHZUCKER, Molkepermeat (aus MILCH), Palmfett, Salz, Emulgator (SOJALECITHIN), H\xc3\x9cHNEREI-TROCKENEIWEISS. (Kann enthalten: HASELN\xc3\x9cSSE).Allergenhinweise: ERDN\xc3\x9cSSE, MAGERMILCHPULVER, MILCH, MILCHZUCKER, SOJALECITHIN, H\xc3\x9cHNEREI-TROCKENEIWEISS.Enth\xc3\xa4lt: Erdn\xc3\xbcsse und Erdnusserzeugnisse. Milch und Milcherzeugnisse (einschlie\xc3\x9flich Lactose). Milchzucker (Laktose). Soja und Sojaerzeugnisse. Eier und Eierzeugnisse. Kann enthalten: Haselnuss und Haselnusserzeugnisse. N\xc3\xbcsse und Nusserzeugnisse.N\xc3\xa4hrwerteDurchschnittliche N\xc3\xa4hrwerteUnzubereitet pro 100 gEnergie2.044 kJEnergie488 kcalFett23 gFett, davon ges\xc3\xa4ttigte Fetts\xc3\xa4uren7,8 gKohlenhydrate60 gKohlenhydrate, davon Zucker52 gEiwei\xc3\x9f8,7 gSalz0,64 gArtikeldetailsMarke: SnickersUrsprungsland: NiederlandeSorte: SnickersKontaktKontaktname: Mars GmbHKontaktadresse: Postfach 1414, D-82004 UnterhachingMaximale Bestellmenge: 15 St\xc3\xbcckF\xc3\xbcr die vorstehenden Angaben wird keine Haftung \xc3\xbcbernommen. Bitte pr\xc3\xbcfen Sie im Einzelfall die Angaben auf der jeweiligen Produktverpackung, nur diese sind verbindlich.Das Produktdesign kann von der Abbildung abweichen.'",Grenzhöfer Weg 29,Rewe,Süßes & Salziges,2023-07-09,"Gültig ab morgen bis Samstag, 15.07.2023"
Kägi Fret Mini,https://img.rewe-static.de/REWE28_2023/8348250/34556711-6_digital-image.png?impolicy=s-offers&imwidth=200&output-format=image/webp,,https://shop.rewe.de/productList?search=2832136,,"versch. Sorten , je 128-g-Pckg , (1 kg = 15.55)",Aktion,"1,99 €","b'ProduktbeschreibungArtikelnummer 8348250Zutaten & AllergeneZutaten: Zucker, Palmfett (nachhaltig; zertifiziert), WEIZENMEHL, VOLLMILCHPULVER, Kakaobutter*, Kakaomasse*, Kakaopulver*, HASELN\xc3\x9cSSE, gemahlene WEIZENFASERN, EIGELBPULVER, Emulgator: Lecithine (SOJA), Kochsalz, Backtriebmittel: Natriumhydrogencarbonat, Vanilleextrakt. * Rainforest Alliance Certified. Find out more at ra.orgN\xc3\xa4hrwerteDurchschnittliche N\xc3\xa4hrwerteUnzubereitet pro 100 gEnergie2.334 kJEnergie560 kcalFett35 gFett, davon ges\xc3\xa4ttigte Fetts\xc3\xa4uren25 gKohlenhydrate57 gKohlenhydrate, davon Zucker38 gEiwei\xc3\x9f6,5 gSalz0,25 gArtikeldetailsMarke: K\xc3\xa4giUrsprungsland: SchweizKontaktKontaktname: K\xc3\xa4gi S\xc3\xb6hne GmbHKontaktadresse: Richtergasse 7/HP/Top 1 A-1070 WienF\xc3\xbcr die vorstehenden Angaben wird keine Haftung \xc3\xbcbernommen. Bitte pr\xc3\xbcfen Sie im Einzelfall die Angaben auf der jeweiligen Produktverpackung, nur diese sind verbindlich.Das Produktdesign kann von der Abbildung abweichen.'",Grenzhöfer Weg 29,Rewe,Süßes & Salziges,2023-07-09,"Gültig ab morgen bis Samstag, 15.07.2023"
Milka Tender,https://img.rewe-static.de/REWE28_2023/3075923/1234890-36_digital-image.png?impolicy=s-offers&imwidth=200&output-format=image/webp,,https://shop.rewe.de/productList?search=2832136,,"Milch , je 5 x 37-g-Pckg , (1 kg = 9.14)",Aktion,"1,69 €","b'ProduktbeschreibungArtikelnummer 3075923Tender ist der k\xc3\xb6stlich-lockere Kuchensnack von Milka: Feine Biskuit-Rolle gef\xc3\xbcllt mit leckerer Milchcr\xc3\xa8me, umh\xc3\xbcllt von zarter Milka Alpenmilch Schokolade. Einfach lecker! Zutaten & AllergeneZutaten: Zucker, WEIZENMEHL, EIER, Feuchthaltemittel (Sorbit, Glycerin), pflanzliche Fette (Palm, Palmkern), MAGERMILCHPULVER, Kakaobutter, Glukose-Fruktose-Sirup, Glukosesirup, Kakaomasse, Molkenpulver (aus MILCH), WEIZENST\xc3\x84RKE, BUTTEREINFETT, VOLLMILCHPULVER, WEIZENKLEIE, Emulgatoren (SOJALECITHINE, E475, E471, E476), Alkohol, Raps\xc3\xb6l, Backtriebmittel (Diphosphate, Natriumcarbonate), Speisesalz, Aromen (enth\xc3\xa4lt MILCH), Verdickungsmittel (Xanthan), Hefepulver. KANN ENTHALTEN: N\xc3\x9cSSE.Allergenhinweise: WEIZENMEHL, EIER, MAGERMILCHPULVER, MILCH, WEIZENST\xc3\x84RKE, BUTTEREINFETT, VOLLMILCHPULVER, WEIZENKLEIE, SOJALECITHINEEnth\xc3\xa4lt: Milch und Milcherzeugnisse (einschlie\xc3\x9flich Lactose). Soja und Sojaerzeugnisse. Weizen und Weizenerzeugnisse (glutenhaltiges Getreide). Eier und Eierzeugnisse. Glutenhaltiges Getreide und glutenhaltige Getreideerzeugnisse. Kann enthalten: N\xc3\xbcsse und Nusserzeugnisse.N\xc3\xa4hrwerteDurchschnittliche N\xc3\xa4hrwerteUnzubereitet pro 100 gEnergie1.705 kJEnergie407 kcalFett18 gFett, davon ges\xc3\xa4ttigte Fetts\xc3\xa4uren9,9 gKohlenhydrate56 gKohlenhydrate, davon Zucker34 gBallaststoffe1,2 gEiwei\xc3\x9f6 gSalz0,47 gHinweiseAufbewahrungs- und Verwendungshinweis: Trocken lagern und vor W\xc3\xa4rme sch\xc3\xbctzen.Information: Die Milchcremef\xc3\xbcllung enth\xc3\xa4lt 11 % Magermilchpulver und 6 % Vollmilchpulver.ArtikeldetailsMarke: MilkaUrsprungsland: FrankreichSorte: MilchKontaktKontaktname: Mondelez Deutschland GmbHKontaktadresse: D-28078 Bremen.Maximale Bestellmenge: 15 St\xc3\xbcckF\xc3\xbcr die vorstehenden Angaben wird keine Haftung \xc3\xbcbernommen. Bitte pr\xc3\xbcfen Sie im Einzelfall die Angaben auf der jeweiligen Produktverpackung, nur diese sind verbindlich.Das Produktdesign kann von der Abbildung abweichen.'",Grenzhöfer Weg 29,Rewe,Süßes & Salziges,2023-07-09,"Gültig ab morgen bis Samstag, 15.07.2023"
Milka Cake & Choc,https://img.rewe-static.de/REWE28_2023/1483700/20715624-26_digital-image.png?impolicy=s-offers&imwidth=200&output-format=image/webp,,https://shop.rewe.de/productList?search=2832136,,"je 175-g-Pckg , (1 kg = 9.66)",Aktion,"1,69 €","b'ProduktbeschreibungArtikelnummer 1483700Die perfekte Kombination aus fluffigem Teig und einem Kern aus fl\xc3\xbcssiger, zartschmelzender Milka Alpenmilch Schokolade! Einzeln verpackt. Einfach k\xc3\xb6stlich! Zutaten & AllergeneZutaten: WEIZENMEHL, Zucker, Glukose-Fruktose-Sirup, Raps\xc3\xb6l, EIER, Stabilisator (Glycerin), Kakaomasse, VOLLMILCHPULVER, Kakaobutter, MAGERMILCHPULVER, WEIZENST\xc3\x84RKE, Backtriebmittel (Diphosphate, Kaliumcarbonate), fettarmes Kakaopulver, S\xc3\xbc\xc3\x9fmolkenpulver (aus MILCH), Speisesalz, Emulgatoren (SOJALECITHINE, E472b, E475), Aromen (Enth\xc3\xa4lt MILCH), Glukosesirup, Verdickungsmittel (Xanthan). KANN N\xc3\x9cSSE ENTHALTEN.Allergenhinweise: WEIZENMEHL, EIER, VOLLMILCHPULVER, MAGERMILCHPULVER, WEIZENST\xc3\x84RKE, MILCH, SOJALECITHINE.Enth\xc3\xa4lt: Weizen und Weizenerzeugnisse (glutenhaltiges Getreide). Glutenhaltiges Getreide und glutenhaltige Getreideerzeugnisse. Eier und Eierzeugnisse. Milch und Milcherzeugnisse (einschlie\xc3\x9flich Lactose). Soja und Sojaerzeugnisse. Kann enthalten: N\xc3\xbcsse und Nusserzeugnisse.N\xc3\xa4hrwerteDurchschnittliche N\xc3\xa4hrwerteUnzubereitet pro 100 gEnergie1.799 kJEnergie429 kcalFett21 gFett, davon ges\xc3\xa4ttigte Fetts\xc3\xa4uren4,1 gKohlenhydrate56,5 gKohlenhydrate, davon Zucker31 gBallaststoffe1,5 gEiwei\xc3\x9f5,4 gSalz0,6 gHinweiseAufbewahrungs- und Verwendungshinweis: Trocken lagern und vor W\xc3\xa4rme sch\xc3\xbctzen.ArtikeldetailsMarke: MilkaUrsprungsland: FrankreichSorte: Cake & ChocKontaktKontaktname: Mondelez Deutschland GmbHKontaktadresse: D-28078 BremenMaximale Bestellmenge: 15 St\xc3\xbcckF\xc3\xbcr die vorstehenden Angaben wird keine Haftung \xc3\xbcbernommen. Bitte pr\xc3\xbcfen Sie im Einzelfall die Angaben auf der jeweiligen Produktverpackung, nur diese sind verbindlich.Das Produktdesign kann von der Abbildung abweichen.'",Grenzhöfer Weg 29,Rewe,Süßes & Salziges,2023-07-09,"Gültig ab morgen bis Samstag, 15.07.2023"
Hitschler Hitschies,https://img.rewe-static.de/REWE28_2023/8002544/31009580-12_digital-image.png?impolicy=s-offers&imwidth=200&output-format=image/webp,,https://shop.rewe.de/productList?search=2832136,,"versch. Sorten , je 210-g-Btl , (1 kg = 7.10)",Aktion,"1,49 €","b'ProduktbeschreibungArtikelnummer 8002544Zutaten & AllergeneZutaten: Zucker, Glukosesirup, Palmfett, 5% Fruchtsaft aus Fruchtsaftkonzentrat: (Apfel, Pfirsich, Zitrone, Erdbeere, Himbeere); Gelatine*, Stabilisator: Gummi Arabicum; modifizierte St\xc3\xa4rke, S\xc3\xa4uerungsmittel: Milchs\xc3\xa4ure, Citronens\xc3\xa4ure; Aromen, Emulgator: Lecithine; Farbstoffe: Echtes Karmin, Kurkumin, Brillantblau FCF, Pflanzenkohle; \xc3\x9cberzugsmittel: Carnaubawachs, Schellack, Bienenwachs wei\xc3\x9f und gelb. *RindergelatineN\xc3\xa4hrwerteDurchschnittliche N\xc3\xa4hrwerteUnzubereitet pro 100 gEnergie1.692 kJEnergie400 kcalFett5,4 gFett, davon ges\xc3\xa4ttigte Fetts\xc3\xa4uren3 gKohlenhydrate86 gKohlenhydrate, davon Zucker67 gEiwei\xc3\x9f1,4 gSalz0,07 gHinweiseAufbewahrungs- und Verwendungshinweis: W\xc3\xa4rmegesch\xc3\xbctzt und trocken lagern.ArtikeldetailsMarke: HitschlerUrsprungsland: DeutschlandKontaktKontaktname: hitschler International GmbH & Co. KGKontaktadresse: 50855 K\xc3\xb6lnF\xc3\xbcr die vorstehenden Angaben wird keine Haftung \xc3\xbcbernommen. Bitte pr\xc3\xbcfen Sie im Einzelfall die Angaben auf der jeweiligen Produktverpackung, nur diese sind verbindlich.Das Produktdesign kann von der Abbildung abweichen.'",Grenzhöfer Weg 29,Rewe,Süßes & Salziges,2023-07-09,"Gültig ab morgen bis Samstag, 15.07.2023"
Dickmann’s Schoko Strolche,https://img.rewe-static.de/REWE28_2023/5469872/1363360-27_digital-image.png?impolicy=s-offers&imwidth=200&output-format=image/webp,,https://shop.rewe.de/productList?search=2832136,,"je 200-g-Pckg , (1 kg = 7.45)",Aktion,"1,49 €","b'ProduktbeschreibungArtikelnummer 5469872Mit Dickmann\xe2\x80\x99s geht der Spa\xc3\x9f los: au\xc3\x9fen knackig, innen fluffig. In unserem mini Dickmann\xe2\x80\x98s Schoko Trio ist f\xc3\xbcr Jeden etwas dabei: Eine bunte Mischung kleiner Schaumk\xc3\xbcsse mit wei\xc3\x9fer Schokolade, Vollmilchschokolade und dunkler Schokolade. So kann sich jeder seine Lieblingssorte einfach rauspicken. Das bringt jede Menge Abwechslung und Spa\xc3\x9f: Ob f\xc3\xbcr den kleinen Snack zwischendurch, f\xc3\xbcr kleine und gro\xc3\x9fe Freunde, f\xc3\xbcr die ganze Familie oder zum Anbieten f\xc3\xbcr Bekannte und Kollegen.Zutaten & AllergeneZutaten: Glukose-Fruktose-Sirup, Schokolade (Zucker, Kakaomasse, Kakaobutter, Emulgator Lecithine (SOJA), Vanilleextrakt), Vollmilchschokolade (Zucker, VOLLMILCHPULVER, Kakaobutter, Kakaomasse, MOLKENERZEUGNIS, Emulgator Lecithine (SOJA), Vanilleextrakt), wei\xc3\x9fe Schokolade (Zucker, Kakaobutter, VOLLMILCHPULVER, SAHNEPULVER, MAGERMILCHPULVER, MILCHZUCKER, BUTTERMILCHPULVER, Emulgator Lecithine (SOJA), Salz, Vanilleextrakt), Waffel (WEIZENMEHL, Zucker, WEIZENST\xc3\x84RKE, Emulgator Lecithine (SOJA), Palmfett, SAHNEPULVER, Salz, Backtriebmittel Natriumhydrogencarbonat, nat\xc3\xbcrliches Aroma), Feuchthaltemittel Sorbitsirup, H\xc3\x9cHNEREI-TROCKENEIWEISS*, nat\xc3\xbcrliches Aroma. KANN AUCH ANTEILE VON HASELNUSS, MANDEL, ERDNUSS UND ANDEREN N\xc3\x9cSSEN ENTHALTEN. * aus BodenhaltungAllergenhinweise: Enth\xc3\xa4lt: Eier und Eierzeugnisse. Milch und Milcherzeugnisse (einschlie\xc3\x9flich Lactose). Sonstige glutenhaltige Getreide oder Hybridst\xc3\xa4mme davon. Soja und Sojaerzeugnisse. Weizen und Weizenerzeugnisse (glutenhaltiges Getreide). Kann enthalten: N\xc3\xbcsse und Nusserzeugnisse. Erdn\xc3\xbcsse und Erdnusserzeugnisse. Mandeln und Mandelerzeugnisse. Kaschunuss und Kaschunusserzeugnisse. Haselnuss und Haselnusserzeugnisse. Pecannuss und Pecannusserzeugnisse. Queenslandnuss und Queenslandnusserzeugnisse. Paranuss und Paranusserzeugnisse. Pistazie und Pistazienerzeugnisse. Walnuss und Walnusserzeugnisse.N\xc3\xa4hrwerteDurchschnittliche N\xc3\xa4hrwerteUnzubereitet pro 100 gEnergie1.769 kJEnergie421 kcalFett16 gFett, davon ges\xc3\xa4ttigte Fetts\xc3\xa4uren9,8 gKohlenhydrate64,2 gKohlenhydrate, davon Zucker50,1 gEiwei\xc3\x9f4,6 gSalz0,14 gHinweiseAufbewahrungs- und Verwendungshinweis: Vor W\xc3\xa4rme sch\xc3\xbctzenArtikeldetailsMarke: StorckUrsprungsland: DeutschlandKontaktKontaktname: AUGUST STORCK KGKontaktadresse: Waldstr. 27, D-13403 BerlinF\xc3\xbcr die vorstehenden Angaben wird keine Haftung \xc3\xbcbernommen. Bitte pr\xc3\xbcfen Sie im Einzelfall die Angaben auf der jeweiligen Produktverpackung, nur diese sind verbindlich.Das Produktdesign kann von der Abbildung abweichen.'",Grenzhöfer Weg 29,Rewe,Süßes & Salziges,2023-07-09,"Gültig ab morgen bis Samstag, 15.07.2023"
Amor di Pane Grissini,https://img.rewe-static.de/REWE28_2023/2888425/34137359-6_digital-image.png?impolicy=s-offers&imwidth=200&output-format=image/webp,,https://shop.rewe.de/productList?search=2832136,,"versch. Sorten , je 125-g-Pckg , (1 kg = 6.16)",Aktion,"0,77 €","b'ProduktbeschreibungArtikelnummer 2888425Zutaten & AllergeneZutaten: WEIZENMEHL, extra natives Oliven\xc3\xb6l (5%), Hefe, Salz (1,6%), gem\xc3\xa4lztes WEIZENMEHL, Antioxidationsmittel: Rosmarinextrakt. Kann Spuren von SESAM, SOJA, MILCH UND IHRE DERIVATE und SCHALENFR\xc3\x9cCHTE enthalten.N\xc3\xa4hrwerteDurchschnittliche N\xc3\xa4hrwerteUnzubereitet pro 100 gEnergie1.777 kJEnergie421 kcalFett9,5 gFett, davon ges\xc3\xa4ttigte Fetts\xc3\xa4uren1,5 gKohlenhydrate71,2 gKohlenhydrate, davon Zucker1,8 gBallaststoffe3,1 gEiwei\xc3\x9f11,2 gSalz2,2 gHinweiseAufbewahrungs- und Verwendungshinweis: K\xc3\xbchl und trocken lagern, vor Hitze sch\xc3\xbctzen.ArtikeldetailsUrsprungsland: ItalienKontaktKontaktname: Hosta - Werk f\xc3\xbcr Schokolade-Spezialit\xc3\xa4ten GmbH & Co. KGKontaktadresse: Greutstra\xc3\x9fe 9, 74597 Stimpfach-RandenweilerMaximale Bestellmenge: 15 St\xc3\xbcckF\xc3\xbcr die vorstehenden Angaben wird keine Haftung \xc3\xbcbernommen. Bitte pr\xc3\xbcfen Sie im Einzelfall die Angaben auf der jeweiligen Produktverpackung, nur diese sind verbindlich.Das Produktdesign kann von der Abbildung abweichen.'",Grenzhöfer Weg 29,Rewe,Süßes & Salziges,2023-07-09,"Gültig ab morgen bis Samstag, 15.07.2023"
Milka Schokolade,https://img.rewe-static.de/REWE28_2023/0196479/3851190-69_digital-image.png?impolicy=s-offers&imwidth=200&output-format=image/webp,,https://shop.rewe.de/productList?search=2832136,,"Alpenmilch oder Noisette , je 100-g-Tafel , (1 kg = 7.90)",Knaller,"0,79 €","b'ProduktbeschreibungArtikelnummer 196479Milkas Alpenmilch Schokoladentafel ist der Klassiker f\xc3\xbcr alle Schokoladen-Fans. Der leckere, zartschmelzende Schokoladengenuss aus 100% Alpenmilch darf in keinem Haushalt fehlen. Zutaten & AllergeneZutaten: Zucker, Kakaobutter, Kakaomasse, MAGERMILCHPULVER, S\xc3\xbcssmolkenpulver (aus MILCH), BUTTERREINFETT, Emulgator (SOJALECITHINE), HASELNUSSMASSE, Aroma. KANN ANDERE N\xc3\x9cSSE UND WEIZEN ENTHALTEN.Allergenhinweise: MAGERMILCHPULVER, MILCH, BUTTERREINFETT, SOJALECITHINE, HASELNUSSMASSEEnth\xc3\xa4lt: Soja und Sojaerzeugnisse. Haselnuss und Haselnusserzeugnisse. Milch und Milcherzeugnisse (einschlie\xc3\x9flich Lactose). N\xc3\xbcsse und Nusserzeugnisse. Kann enthalten: Weizen und Weizenerzeugnisse (glutenhaltiges Getreide). Glutenhaltiges Getreide und glutenhaltige Getreideerzeugnisse.N\xc3\xa4hrwerteDurchschnittliche N\xc3\xa4hrwerteUnzubereitet pro 100 gEnergie2.251 kJEnergie539 kcalFett31 gFett, davon ges\xc3\xa4ttigte Fetts\xc3\xa4uren19 gKohlenhydrate57 gKohlenhydrate, davon Zucker55 gBallaststoffe2,3 gEiwei\xc3\x9f6,5 gSalz0,28 gHinweiseAufbewahrungs- und Verwendungshinweis: Trocken lagern und vor W\xc3\xa4rme sch\xc3\xbctzen.Information: Kakao: 33% mindestens.ArtikeldetailsMarke: MilkaUrsprungsland: DeutschlandSorte: AlpenmilchKontaktKontaktname: Mondelez Deutschland GmbHKontaktadresse: D-28078 BremenMaximale Bestellmenge: 15 St\xc3\xbcckF\xc3\xbcr die vorstehenden Angaben wird keine Haftung \xc3\xbcbernommen. Bitte pr\xc3\xbcfen Sie im Einzelfall die Angaben auf der jeweiligen Produktverpackung, nur diese sind verbindlich.Das Produktdesign kann von der Abbildung abweichen.'",Grenzhöfer Weg 29,Rewe,Süßes & Salziges,2023-07-09,"Gültig ab morgen bis Samstag, 15.07.2023"
Storck Toffifee,https://img.rewe-static.de/REWE28_2023/0205605/21816375-32_digital-image.png?impolicy=s-offers&imwidth=200&output-format=image/webp,,https://shop.rewe.de/productList?search=2832136,,"je 125-g-Pckg , (1 kg = 7.92)",Aktion,"0,99 €","b'ProduktbeschreibungArtikelnummer 205605So viel Gutes steckt in Toffifee: Eine knackige Haselnuss in Karamell mit Nougatcreme und einem Klecks kr\xc3\xa4ftiger Schokolade - eine Kombination, die f\xc3\xbcr jeden Geschmack genau das Richtige bietet. Es steckt viel Spa\xc3\x9f in Toffifee! Egal ob jung oder \xc3\xa4lter, gro\xc3\x9f oder klein, Mama oder Papa, gro\xc3\x9fer Bruder, kleine Schwester - in Toffifee steckt, was allen schmeckt: Leckeres Karamell, knackig ger\xc3\xb6stete Haselnuss, zarte Nougatcreme sowie eine kr\xc3\xa4ftige Schokoladenschicht als T\xc3\xbcpfelchen auf dem \xe2\x80\x9eMmhh\xe2\x80\x9c.  Mit Toffifee kommt der Spa\xc3\x9f in jedes zu Hause.Zutaten & AllergeneZutaten: Zucker, pflanzliche Fette (Palm, Shea), HASELN\xc3\x9cSSE, Glukosesirup, MAGERMILCHPULVER, Feuchthaltemittel Sorbitsirup, Kakaomasse, kondensierte MAGERMILCH, kondensierte S\xc3\x9cSSMOLKE, MILCHZUCKER, magerer Kakao, Kakaobutter, BUTTERREINFETT, Rohrzuckersirup, MOLKENERZEUGNIS, Emulgator Lecithine (SOJA), Salz, Aromen. KANN AUCH MANDEL, ERDNUSS UND ANDERE N\xc3\x9cSSE ENTHALTEN.Allergenhinweise: Enth\xc3\xa4lt: Milch und Milcherzeugnisse (einschlie\xc3\x9flich Lactose). N\xc3\xbcsse und Nusserzeugnisse. Soja und Sojaerzeugnisse. Haselnuss und Haselnusserzeugnisse. Kann enthalten: Erdn\xc3\xbcsse und Erdnusserzeugnisse. Mandeln und Mandelerzeugnisse. Kaschunuss und Kaschunusserzeugnisse. Pecannuss und Pecannusserzeugnisse. Macadamianuss und Macadamianusserzeugnisse. Paranuss und Paranusserzeugnisse. Pistazie und Pistazienerzeugnisse. Walnuss und Walnusserzeugnisse.N\xc3\xa4hrwerteDurchschnittliche N\xc3\xa4hrwerteUnzubereitet pro 100 gEnergie2.177 kJEnergie521 kcalFett29 gFett, davon ges\xc3\xa4ttigte Fetts\xc3\xa4uren12,7 gKohlenhydrate58,9 gKohlenhydrate, davon Zucker48,8 gEiwei\xc3\x9f6 gSalz0,27 gHinweiseAufbewahrungs- und Verwendungshinweis: Vor W\xc3\xa4rme sch\xc3\xbctzen!ArtikeldetailsMarke: ToffifeeUrsprungsland: DeutschlandPackungsgr\xc3\xb6\xc3\x9fe: 125gKontaktKontaktname: AUGUST STORCK KGKontaktadresse: Waldstr. 27, D-13403 BerlinMaximale Bestellmenge: 15 St\xc3\xbcckF\xc3\xbcr die vorstehenden Angaben wird keine Haftung \xc3\xbcbernommen. Bitte pr\xc3\xbcfen Sie im Einzelfall die Angaben auf der jeweiligen Produktverpackung, nur diese sind verbindlich.Das Produktdesign kann von der Abbildung abweichen.'",Grenzhöfer Weg 29,Rewe,Süßes & Salziges,2023-07-09,"Gültig ab morgen bis Samstag, 15.07.2023"
Belli Cantuccini,https://img.rewe-static.de/REWE28_2023/0218662/22322908-38_digital-image.png?impolicy=s-offers&imwidth=200&output-format=image/webp,,https://shop.rewe.de/productList?search=2832136,,"je 250-g-Pckg , (1 kg = 10.36)",Aktion,"2,59 €","b""ProduktbeschreibungArtikelnummer 218662Mit 25% Mandelanteil. Zutaten & AllergeneZutaten: WEIZENMEHL, Zucker, MANDELN (25%), pasteurisierte VOLLEIER, pasteurisiertes H\xc3\x9cHNEREIGELB, BUTTER, Bl\xc3\xbctenhonig, Salz. Backtriebmittel: Ammoniumhydrogencarbonat, Dinatriumdiphosphat, Natriumhydrogencarbonat, Aromen. Kann Spuren von anderen SCHALENFR\xc3\x9cCHTEN und SOJA enthalten.Allergenhinweise: Enth\xc3\xa4lt: Weizen und Weizenerzeugnisse (glutenhaltiges Getreide). Mandeln und Mandelerzeugnisse. Eier und Eierzeugnisse. Milch und Milcherzeugnisse (einschlie\xc3\x9flich Lactose). Kann enthalten: Soja und Sojaerzeugnisse. N\xc3\xbcsse und Nusserzeugnisse.N\xc3\xa4hrwerteDurchschnittliche N\xc3\xa4hrwerteUnzubereitet pro 100 gEnergie1.774 kJEnergie424 kcalFett16 gFett, davon ges\xc3\xa4ttigte Fetts\xc3\xa4uren3 gKohlenhydrate60 gKohlenhydrate, davon Zucker32 gEiwei\xc3\x9f10 gSalz0,06 gHinweiseAufbewahrungs- und Verwendungshinweis: K\xc3\xbchl und trocken lagern.ArtikeldetailsUrsprungsland: ItalienKontaktKontaktname: Biscottificio Belli srlKontaktadresse: Via dell'Albereto, 26/28/30, I-50041 Calenzano - FirenzeMaximale Bestellmenge: 15 St\xc3\xbcckF\xc3\xbcr die vorstehenden Angaben wird keine Haftung \xc3\xbcbernommen. Bitte pr\xc3\xbcfen Sie im Einzelfall die Angaben auf der jeweiligen Produktverpackung, nur diese sind verbindlich.Das Produktdesign kann von der Abbildung abweichen.""",Grenzhöfer Weg 29,Rewe,Süßes & Salziges,2023-07-09,"Gültig ab morgen bis Samstag, 15.07.2023"
Mitsuba Japanese Peanut Crunch & Crispies,https://img.rewe-static.de/REWE28_2023/8348948/31504369-13_digital-image.png?impolicy=s-offers&imwidth=200&output-format=image/webp,,https://shop.rewe.de/productList?search=2832136,,"je 100-g-Btl , (1 kg = 14.90)",Aktion,"1,49 €","b'ProduktbeschreibungArtikelnummer 8348948Zutaten & AllergeneZutaten: 53% Reis, WEIZENMEHL, Zucker, 8% ERDN\xc3\x9cSSE, modifizierte Maisst\xc3\xa4rke, 5% Sojaso\xc3\x9fe (Wasser, SOJABOHNEN, WEIZEN, Salz), SESAM, Glukosesirup, 0,7% Meeresalgen, Maltodextrin, Hefeextrakt, Salz, St\xc3\xa4rke (Tapioka, Kartoffel), Farbstoff (Zuckerkul\xc3\xb6r, Paprikaextrakt, E141).Allergenhinweise: Enth\xc3\xa4lt: Weizen und Weizenerzeugnisse (glutenhaltiges Getreide). Erdn\xc3\xbcsse und Erdnusserzeugnisse. Soja und Sojaerzeugnisse.N\xc3\xa4hrwerteDurchschnittliche N\xc3\xa4hrwerteUnzubereitet pro 100 gEnergie1.661 kJEnergie393 kcalFett5,2 gFett, davon ges\xc3\xa4ttigte Fetts\xc3\xa4uren1,1 gKohlenhydrate76 gKohlenhydrate, davon Zucker13,2 gBallaststoffe4,1 gEiwei\xc3\x9f8,6 gSalz1,3 gHinweiseAufbewahrungs- und Verwendungshinweis: Mindestens haltbar bis Ende: siehe VerpackungsaufdruckArtikeldetailsMarke: MitsubaEigenschaften: *Neu*KontaktKontaktname: Menken Orlando B.V.,Kontaktadresse: Kerketuinenweg 35, NL-2544 CV, Den Haag, The NetherlandsMaximale Bestellmenge: 15 St\xc3\xbcckF\xc3\xbcr die vorstehenden Angaben wird keine Haftung \xc3\xbcbernommen. Bitte pr\xc3\xbcfen Sie im Einzelfall die Angaben auf der jeweiligen Produktverpackung, nur diese sind verbindlich.Das Produktdesign kann von der Abbildung abweichen.'",Grenzhöfer Weg 29,Rewe,Süßes & Salziges,2023-07-09,"Gültig ab morgen bis Samstag, 15.07.2023"
Mitsuba Thai Chilli Crispies,https://img.rewe-static.de/REWE28_2023/8349986/30311577-9_digital-image.png?impolicy=s-offers&imwidth=200&output-format=image/webp,,https://shop.rewe.de/productList?search=2832136,,"je 85-g-Pckg , (1 kg = 17.53)",Aktion,"1,49 €","b""ProduktbeschreibungArtikelnummer 8349986You've found the real Asian flavour experience with Mitsuba! Our range of extraordinary savoury snacks inspired by the spices & herbs you can discover across Asia. Each pack is full of flavours and satisfying crunchy textures. Discover real Asian flavours. With a Crunch! Inspired by Kyoto Wasabi flavoured. MSG free. Palm oil free. Inspired by Phuket. Sweet chilli flavoured.Zutaten & AllergeneZutaten: 45% Jasminreis, Sonnenblumenol, Zucker, Tapiokast\xc3\xa4rke,Sojaso\xc3\x9fe (Wasser, SOJABOHNEN, WEIZEN, Salz,) Salz, Knoblauchpulver, 0,3% Chillipulver, Farbstoff(Paprikaextrakt), S\xc3\xbc\xc3\x9fholzpulver, S\xc3\xa4ureregulator(Citronens\xc3\xa4ure). Kann ERDN\xc3\x9cSSEN, SCHALENFR\xc3\x9cCHTE & SESAM enthalten.Allergenhinweise: Enth\xc3\xa4lt: Soja und Sojaerzeugnisse. Weizen und Weizenerzeugnisse (glutenhaltiges Getreide). Glutenhaltiges Getreide und glutenhaltige Getreideerzeugnisse. Kann enthalten: Erdn\xc3\xbcsse und Erdnusserzeugnisse. N\xc3\xbcsse und Nusserzeugnisse. Sesamsamen und Sesamsamenerzeugnisse.N\xc3\xa4hrwerteDurchschnittliche N\xc3\xa4hrwerteUnzubereitet pro 100 gEnergie2.254 kJEnergie540 kcalFett32,3 gFett, davon ges\xc3\xa4ttigte Fetts\xc3\xa4uren2,8 gKohlenhydrate58,1 gKohlenhydrate, davon Zucker14,5 gBallaststoffe1,3 gEiwei\xc3\x9f3,6 gSalz2,4 gHinweiseAufbewahrungs- und Verwendungshinweis: K\xc3\xbchl, trocken und lichtgesch\xc3\xbctzt lagern.Information: Unter Schutzatmosph\xc3\xa4re verpackt.ArtikeldetailsMarke: MitsubaUrsprungsland: NiederlandeKontaktKontaktname: MitsubaKontaktadresse: P.O. Box 43464, 2504 AL The Hague, NLF\xc3\xbcr die vorstehenden Angaben wird keine Haftung \xc3\xbcbernommen. Bitte pr\xc3\xbcfen Sie im Einzelfall die Angaben auf der jeweiligen Produktverpackung, nur diese sind verbindlich.Das Produktdesign kann von der Abbildung abweichen.""",Grenzhöfer Weg 29,Rewe,Süßes & Salziges,2023-07-09,"Gültig ab morgen bis Samstag, 15.07.2023"
Alwa Mineralwasser,https://img.rewe-static.de/REWE28_2023/7271554/27910389-9_digital-image.png?impolicy=s-offers&imwidth=200&output-format=image/webp,,https://shop.rewe.de/productList?search=2832136,,"versch. Sorten , je 12 x 0,75-l-Fl.-Kasten , (1 l = 0.44) , zzgl. 3.30 Pfand",Knaller,"3,99 €","b'ProduktbeschreibungArtikelnummer 7271554Zutaten & AllergeneZutaten: Mineralwasser, Kohlens\xc3\xa4ure.N\xc3\xa4hrwerteDurchschnittliche N\xc3\xa4hrwerteUnzubereitet pro 1 lCalcium520 mgMagnesium65 mgHinweiseInformation: Quellort: Sersheim; Quellname: alwaAnalysenauszug Mineralien - in mg/L:Natrium 17Kalium 5,4Calcium 520Magnesium 65Chlorid 29Sulfat 1170Hydrogencarbonat 415Analyse des Institut Dr. L\xc3\xb6rcher und Partner mbB, Ludwigsburg, best\xc3\xa4tigt durch laufende Kontrollen.ArtikeldetailsMarke: AlwaNettof\xc3\xbcllmenge: 0,75 LEigenschaften: RegionalPackungsgr\xc3\xb6\xc3\x9fe: 0,75lKontaktKontaktname: alwa Mineralbrunnen GmbHKontaktadresse: 74372 SersheimF\xc3\xbcr die vorstehenden Angaben wird keine Haftung \xc3\xbcbernommen. Bitte pr\xc3\xbcfen Sie im Einzelfall die Angaben auf der jeweiligen Produktverpackung, nur diese sind verbindlich.Das Produktdesign kann von der Abbildung abweichen.'",Grenzhöfer Weg 29,Rewe,Alkoholfreie Getränke,2023-07-09,"Gültig ab morgen bis Samstag, 15.07.2023"
Eiszeit Quell,https://img.rewe-static.de/REWE28_2023/2100223/3798720-22_digital-image.png?impolicy=s-offers&imwidth=200&output-format=image/webp,,https://shop.rewe.de/productList?search=2832136,,"versch. Sorten , je 9 x 1-l-Fl.-Kasten , (1 l = 0.67) , zzgl. 3.75 Pfand",Knaller,"5,99 €","ProduktbeschreibungArtikelnummer 2100223NährwerteDurchschnittliche NährwerteUnzubereitet pro 1 lKalium3,8 mgChlorid3,2 mgCalcium135 mgMagnesium35 mgFluorid0,6 mgBikarbonat354 mgNatrium6,9 mgSulfat 4+200 mgHinweiseAufbewahrungs- und Verwendungshinweis: Vor Sonnenlicht und Wärme schützenInformation: Kieselsäure 14,8mg/l Quellort:Reutlingen Quellname:Eiszeitquell Analyseinstitut des Chemischen Instituts FreseniusArtikeldetailsMarke: EiszeitquellNettofüllmenge: 1 LPackungsgröße: 1,0lx9KontaktKontaktname: Romina Mineralbrunnen GmbHKontaktadresse: 72768 ReutlingenMaximale Bestellmenge: 15 StückFür die vorstehenden Angaben wird keine Haftung übernommen. Bitte prüfen Sie im Einzelfall die Angaben auf der jeweiligen Produktverpackung, nur diese sind verbindlich.Das Produktdesign kann von der Abbildung abweichen.",Grenzhöfer Weg 29,Rewe,Alkoholfreie Getränke,2023-07-09,"Gültig ab morgen bis Samstag, 15.07.2023"
Orangina Limonade Original,https://img.rewe-static.de/REWE28_2023/8157671/28274487-6_digital-image.png?impolicy=s-offers&imwidth=200&output-format=image/webp,,https://shop.rewe.de/productList?search=2832136,,"je 0,5-l-Fl , (1 l = 1.98) , zzgl. 0.25 Pfand",Aktion,"0,99 €","b'ProduktbeschreibungArtikelnummer 8157671Zutaten & AllergeneZutaten: Wasser, Mehrfruchtsaft aus Fruchtsaftkonzentraten (Orange 10%, Zitrone, Mandarine, Grapefruit), Zucker , 2 % Fruchtfleisch (Orange, Mandarine) , Kohlens\xc3\xa4ure, Orangenschalenextrakt, nat\xc3\xbcrliches Orangenaroma.N\xc3\xa4hrwerteDurchschnittliche N\xc3\xa4hrwerteUnzubereitet pro 100 mlEnergie183 kJEnergie43 kcalFett0 gFett, davon ges\xc3\xa4ttigte Fetts\xc3\xa4uren0 gKohlenhydrate10 gKohlenhydrate, davon Zucker10 gBallaststoffe0 gEiwei\xc3\x9f0 gSalz0 gHinweiseAufbewahrungs- und Verwendungshinweis: Bitte k\xc3\xbchl und dunkel lagernArtikeldetailsMarke: OranginaNettof\xc3\xbcllmenge: 0,5 LUrsprungsland: DeutschlandKontaktKontaktname: Schweppes Deutschland GmbHKontaktadresse: Hagener Stra\xc3\x9fe 261, 57223 KreuztalF\xc3\xbcr die vorstehenden Angaben wird keine Haftung \xc3\xbcbernommen. Bitte pr\xc3\xbcfen Sie im Einzelfall die Angaben auf der jeweiligen Produktverpackung, nur diese sind verbindlich.Das Produktdesign kann von der Abbildung abweichen.'",Grenzhöfer Weg 29,Rewe,Alkoholfreie Getränke,2023-07-09,"Gültig ab morgen bis Samstag, 15.07.2023"
Bionade,https://img.rewe-static.de/REWE28_2023/0674450/25360165-8_digital-image.png?impolicy=s-offers&imwidth=200&output-format=image/webp,,https://shop.rewe.de/productList?search=2832136,,"versch. Sorten , je 12 x 0,33-l-Fl.-Kasten , (1 l = 2.02) , zzgl. 2.46 Pfand",Aktion,"7,99 €","b'ProduktbeschreibungArtikelnummer 674450Zutaten & AllergeneZutaten: Wasser, Zucker*, GERSTENmalz*, Holunderbeerensaft (1,7%) aus Holunderbeerensaftkonzentrat*, Kohlens\xc3\xa4ure, nat\xc3\xbcrliches Apfelsaft-, Orangen-, Blutorangen-Aroma*, S\xc3\xa4ureregulatoren Calcium- u.Magnesiumcarbonat, *Kontrolliert biologischer Anbau.N\xc3\xa4hrwerteDurchschnittliche N\xc3\xa4hrwerteUnzubereitet pro 100 mlEnergie95 kJEnergie22 kcalFett< 0,5 gFett, davon ges\xc3\xa4ttigte Fetts\xc3\xa4uren< 0,1 gKohlenhydrate5 gKohlenhydrate, davon Zucker5 gEiwei\xc3\x9f< 0,5 gSalz< 0,01 gArtikeldetailsMarkeBionadeNettof\xc3\xbcllmenge0,33 LEigenschaftenBio\xc3\x96kologische HerkunftEU/Nicht-EU Landwirtschaft\xc3\x96ko KontrollstelleDE-\xc3\x96KO-012Packungsgr\xc3\xb6\xc3\x9fe0,33lx12KontaktKontaktname: Bionade GmbHKontaktadresse: 97645 Ostheim vor der Rh\xc3\xb6nMaximale Bestellmenge: 15 St\xc3\xbcckF\xc3\xbcr die vorstehenden Angaben wird keine Haftung \xc3\xbcbernommen. Bitte pr\xc3\xbcfen Sie im Einzelfall die Angaben auf der jeweiligen Produktverpackung, nur diese sind verbindlich.Das Produktdesign kann von der Abbildung abweichen.'",Grenzhöfer Weg 29,Rewe,Alkoholfreie Getränke,2023-07-09,"Gültig ab morgen bis Samstag, 15.07.2023"
Volvic Bio Teegetränk,https://img.rewe-static.de/REWE28_2023/8279796/29189621-10_digital-image.png?impolicy=s-offers&imwidth=200&output-format=image/webp,,https://shop.rewe.de/productList?search=2832136,,"versch. Sorten , je 0,75-l-Fl , (1 l = 1.72) , zzgl. 0.25 Pfand",Aktion,"1,29 €","b'ProduktbeschreibungArtikelnummer 8279796Volvic Bio Tee - Ein einzigartiges Geschmackserlebnis aus besten Zutaten in Bio-Qualit\xc3\xa4t.\nF\xc3\xbcr Tee-Liebhaber und Bio-Fans gibt es Volvic jetzt in drei au\xc3\x9fergew\xc3\xb6hnlichen\nKompositionen inspiriert von den m\xc3\xa4chtigsten Vulkanen der Welt.\nBegeistert von der einzigartigen Erhabenheit des Piton de la Fournaise im exotischen\nInselparadies La Reunion, haben wir unseren Hibiskus Tee mit Litschi Maracuja-Geschmack kreiert.\nVolvic Bio Tee ist leckerer Eistee aus besten Zutaten in Bio-Qualit\xc3\xa4t \xe2\x80\x93 nat\xc3\xbcrlich, zuckerreduziert und mit wenig Kalorien.\nVolvic Bio Tee\n- Einzigartig nat\xc3\xbcrlicher Geschmack in den Sorten Hibiskus Tee, Rooibos Tee, Wei\xc3\x9fer Tee\n- Zuckerreduziert, mit wenig Kalorien\n- Nat\xc3\xbcrliche Zutaten in Bio-Qualit\xc3\xa4t\n- 100% nat\xc3\xbcrliche Aromen... mehr anzeigenZutaten & AllergeneZutaten: Nat\xc3\xbcrliches Mineralwasser Volvic (95%), Bio-Zucker, Bio-Zitronensaft aus Zitronensaftkonzentrat (1,6%), Bio-Hibiskus-Aufguss (0,09%), nat\xc3\xbcrliches Litschi-Passionsfrucht-Aroma, nat\xc3\xbcrliches Passionsfrucht-Aroma, f\xc3\xa4rbendes Bio-Konzentrat aus Holunderbeere, Apfel und schwarzer Johannisbeere.Allergenhinweise: Enth\xc3\xa4lt: Keine deklarationspflichtigen Allergene enthalten.N\xc3\xa4hrwerteDurchschnittliche N\xc3\xa4hrwerteUnzubereitet pro 100 mlEnergie56 kJEnergie13 kcalFett0 gFett, davon ges\xc3\xa4ttigte Fetts\xc3\xa4uren0 gKohlenhydrate3,1 gKohlenhydrate, davon Zucker3,1 gEiwei\xc3\x9f0 gSalz< 0,01 gHinweiseAufbewahrungs- und Verwendungshinweis: Nach dem \xc3\x96ffnen im K\xc3\xbchlschrank aufbewahren und innerhalb von 3 Tagen aufbrauchen. K\xc3\xbchl & trocken lagern sowie vor direkter Sonneneinstrahlung sch\xc3\xbctzen.ArtikeldetailsMarke: VolvicNettof\xc3\xbcllmenge: 0,75 LEigenschaften: BioUrsprungsland: Frankreich\xc3\x96ko Kontrollstelle: FR-BIO-01KontaktKontaktname: Danone Deutschland GmbHKontaktadresse: Postfach 100359, 60003 Frankfurt DeutschlandF\xc3\xbcr die vorstehenden Angaben wird keine Haftung \xc3\xbcbernommen. Bitte pr\xc3\xbcfen Sie im Einzelfall die Angaben auf der jeweiligen Produktverpackung, nur diese sind verbindlich.Das Produktdesign kann von der Abbildung abweichen.'",Grenzhöfer Weg 29,Rewe,Alkoholfreie Getränke,2023-07-09,"Gültig ab morgen bis Samstag, 15.07.2023"
Vio Flavour Water,https://img.rewe-static.de/REWE28_2023/8874805/37819131-2_digital-image.png?impolicy=s-offers&imwidth=200&output-format=image/webp,,https://shop.rewe.de/productList?search=2832136,,"versch. Sorten , je 1-l-Fl , zzgl. 0.25 Pfand",Aktion,"0,99 €",nan,Grenzhöfer Weg 29,Rewe,Alkoholfreie Getränke,2023-07-09,"Gültig ab morgen bis Samstag, 15.07.2023"
Sinalco Orangenlimonade,https://img.rewe-static.de/REWE28_2023/0064822/2879460-37_digital-image.png?impolicy=s-offers&imwidth=200&output-format=image/webp,,https://shop.rewe.de/productList?search=2832136,,"je 1,25-l-Fl , (1 l = 0.63) , zzgl. 0.25 Pfand",Aktion,"0,79 €","b'ProduktbeschreibungArtikelnummer 64822Zutaten & AllergeneZutaten: Nat\xc3\xbcrliches Mineralwasser, Zucker, Orangensaft aus Orangensaftkonzentrat (5%), Kohlens\xc3\xa4ure, S\xc3\xa4uerungsmittel Citronens\xc3\xa4ure, Orangenextrakt, f\xc3\xa4rbendes Lebensmittel Karottensaftkonzentrat, Vitamin C, nat\xc3\xbcrliches Orangenaroma mit anderen nat\xc3\xbcrlichen Aromen, S\xc3\xa4ureregulator Trinatriumcitrat, Stabilisator Johannisbrotkernmehl.N\xc3\xa4hrwerteDurchschnittliche N\xc3\xa4hrwerteUnzubereitet pro 100 mlEnergie167 kJEnergie39 kcalFett0 gFett, davon ges\xc3\xa4ttigte Fetts\xc3\xa4uren0 gKohlenhydrate9,5 gKohlenhydrate, davon Zucker9,5 gEiwei\xc3\x9f0 gSalz0,06 gVitamin C12 mgHinweiseAufbewahrungs- und Verwendungshinweis: Vor Sonnenlicht und W\xc3\xa4rme sch\xc3\xbctzenInformation: Fruchtgehalt: 5%ArtikeldetailsMarke: SinalcoNettof\xc3\xbcllmenge: 1,25 LUrsprungsland: DeutschlandPackungsgr\xc3\xb6\xc3\x9fe: 1,25lKontaktKontaktname: Deutsche Sinalco GmbH Markengetr\xc3\xa4nke & co. KG, In Lizenz der Sinalco International GmbH & Co. KGKontaktadresse: D- 47179 DuisburgMaximale Bestellmenge: 15 St\xc3\xbcckF\xc3\xbcr die vorstehenden Angaben wird keine Haftung \xc3\xbcbernommen. Bitte pr\xc3\xbcfen Sie im Einzelfall die Angaben auf der jeweiligen Produktverpackung, nur diese sind verbindlich.Das Produktdesign kann von der Abbildung abweichen.'",Grenzhöfer Weg 29,Rewe,Alkoholfreie Getränke,2023-07-09,"Gültig ab morgen bis Samstag, 15.07.2023"
Karamalz,https://img.rewe-static.de/REWE28_2023/0146790/22381314-3_digital-image.png?impolicy=s-offers&imwidth=200&output-format=image/webp,,https://shop.rewe.de/productList?search=2832136,,"alkoholfreies Malzgetränk , je 20 x 0,5-l-Fl.-Kasten , (1 l = 1.15) , zzgl. 3.10 Pfand",Aktion,"11,49 €","b'ProduktbeschreibungArtikelnummer 146790Karamalz Classic ist ein alkoholfreies Malzgetr\xc3\xa4nk mit der charakteristischen Karamell-Note, die auch namensgebend f\xc3\xbcr Karamalz ist. Durch die Verwendung bester Zutaten, dem Einsatz des typischen Karamell-Malzes und der richtigen Dosis Kohlens\xc3\xa4ure entsteht der einzigartige Geschmack von Karamalz Classic. Die Mixtur der wertvollen Inhaltsstoffe wie Hopfenextrakt und Gerstenmalz - mit der nat\xc3\xbcrlichen Kraft aus Maltose - liefert seit\xc3\xbcber 50 Jahren lecker-starken Trinkgenuss. Es ist somit das ideale Getr\xc3\xa4nk am Ende eines herausfordernden und spannenden Tages und ein Genuss f\xc3\xbcr die ganze Familie.Zutaten & AllergeneZutaten: Wasser, GERSTENMALZ, Glucose-Fructose Sirup, Kohlens\xc3\xa4ure, Hopfenextrakt.N\xc3\xa4hrwerteDurchschnittliche N\xc3\xa4hrwerteUnzubereitet pro 100 mlEnergie184 kJEnergie44 kcalFett0 gFett, davon ges\xc3\xa4ttigte Fetts\xc3\xa4uren0 gKohlenhydrate10,5 gKohlenhydrate, davon Zucker8 gEiwei\xc3\x9f< 0,4 gSalz< 0,01 gHinweiseAufbewahrungs- und Verwendungshinweis: K\xc3\xbchl und dunkel lagernArtikeldetailsMarke: KaramalzNettof\xc3\xbcllmenge: 0,5 LPackungsgr\xc3\xb6\xc3\x9fe: 0,5lx20KontaktKontaktname: Privatbrauerei Eichbaum GmbH & Co.KGKontaktadresse: K\xc3\xa4fertaler Stra\xc3\x9fe 170, 68167 MannheimMaximale Bestellmenge: 15 St\xc3\xbcckF\xc3\xbcr die vorstehenden Angaben wird keine Haftung \xc3\xbcbernommen. Bitte pr\xc3\xbcfen Sie im Einzelfall die Angaben auf der jeweiligen Produktverpackung, nur diese sind verbindlich.Das Produktdesign kann von der Abbildung abweichen.'",Grenzhöfer Weg 29,Rewe,Alkoholfreie Getränke,2023-07-09,"Gültig ab morgen bis Samstag, 15.07.2023"
Rauch Eis Tee,https://img.rewe-static.de/REWE28_2023/8028256/30756925-10_digital-image.png?impolicy=s-offers&imwidth=200&output-format=image/webp,,https://shop.rewe.de/productList?search=2832136,,"versch. Sorten , je 1,5-l-Fl , (1 l = 0.86) , zzgl. 0.25 Pfand",Aktion,"1,29 €","b'ProduktbeschreibungArtikelnummer 8028256Zutaten & AllergeneZutaten: Aufguss aus Schwarztee und Hagebutten (Wasser, Schwarztee, Hagebutten), Zucker, 1,5% Zitronensaft aus Zitronensaftkonzentrat, S\xc3\xa4uerungsmittel: Citronens\xc3\xa4ure; S\xc3\xa4ureregulator: Natriumcitrate; Aroma. Tee-Extrakt: mind. 1,5 g/l.N\xc3\xa4hrwerteDurchschnittliche N\xc3\xa4hrwerteUnzubereitet pro 100 mlEnergie118 kJEnergie28 kcalFett< 0,5 gFett, davon ges\xc3\xa4ttigte Fetts\xc3\xa4uren< 0,1 gKohlenhydrate6,7 gKohlenhydrate, davon Zucker6,7 gEiwei\xc3\x9f< 0,5 gSalz0,02 gHinweiseAufbewahrungs- und Verwendungshinweis: Ge\xc3\xb6ffnet gek\xc3\xbchlt 3 Tage haltbar.ArtikeldetailsMarke: RauchNettof\xc3\xbcllmenge: 1,5 LUrsprungsland: \xc3\x96sterreichKontaktKontaktname: Rauch Fruchts\xc3\xa4fte GmbH & Co OGKontaktadresse: Langgasse 1, A-6830 Rankweil, AustriaF\xc3\xbcr die vorstehenden Angaben wird keine Haftung \xc3\xbcbernommen. Bitte pr\xc3\xbcfen Sie im Einzelfall die Angaben auf der jeweiligen Produktverpackung, nur diese sind verbindlich.Das Produktdesign kann von der Abbildung abweichen.'",Grenzhöfer Weg 29,Rewe,Alkoholfreie Getränke,2023-07-09,"Gültig ab morgen bis Samstag, 15.07.2023"
"Gerolsteiner Schorle, Limo, Tee oder Fruity",https://img.rewe-static.de/REWE28_2023/0913150/35561510-9_digital-image.png?impolicy=s-offers&imwidth=200&output-format=image/webp,,https://shop.rewe.de/productList?search=2832136,,"versch. Sorten , je 0,75-l-Fl , (1 l = 1.32) , zzgl. 0.25 Pfand",Aktion,"0,99 €",nan,Grenzhöfer Weg 29,Rewe,Alkoholfreie Getränke,2023-07-09,"Gültig ab morgen bis Samstag, 15.07.2023"
Sanpellegrino Limonade,https://img.rewe-static.de/REWE28_2023/7836277/34639276-11_digital-image.png?impolicy=s-offers&imwidth=200&output-format=image/webp,,https://shop.rewe.de/productList?search=2832136,,"versch. Sorten , je 0,33-l-Dose , (1 l = 2.70) , zzgl. 0.25 Pfand",Aktion,"0,89 €","b'ProduktbeschreibungArtikelnummer 7836277Zutaten & AllergeneZutaten: Wasser, Orangensaft aus Orangensaftkonzentrat (16%), Zucker, Kohlens\xc3\xa4ure, Zitronensaftkonzentrat, Orangenextrakt (0,1%), nat\xc3\xbcrliches Orangenaroma.N\xc3\xa4hrwerteDurchschnittliche N\xc3\xa4hrwerteUnzubereitet pro 100 mlEnergie149 kJEnergie35 kcalFett0 gFett, davon ges\xc3\xa4ttigte Fetts\xc3\xa4uren0 gKohlenhydrate8,1 gKohlenhydrate, davon Zucker8,1 gBallaststoffe0,1 gEiwei\xc3\x9f0,1 gSalz0 gHinweiseAufbewahrungs- und Verwendungshinweis: Vor Sonne und Frost sch\xc3\xbctzen und an einem sauberen, trockenen, k\xc3\xbchlen und geruchlosen Ort lagern.ArtikeldetailsMarke: San PellegrinoNettof\xc3\xbcllmenge: 0,33 LUrsprungsland: ItalienKontaktKontaktname: SANPELLEGRINO S.p.A.Kontaktadresse: San PellegrinoTerme (BG)Localit\xc3\xa0 Ruspino24016 - ItalienMaximale Bestellmenge: 15 St\xc3\xbcckF\xc3\xbcr die vorstehenden Angaben wird keine Haftung \xc3\xbcbernommen. Bitte pr\xc3\xbcfen Sie im Einzelfall die Angaben auf der jeweiligen Produktverpackung, nur diese sind verbindlich.Das Produktdesign kann von der Abbildung abweichen.'",Grenzhöfer Weg 29,Rewe,Alkoholfreie Getränke,2023-07-09,"Gültig ab morgen bis Samstag, 15.07.2023"
Deit oder Spezi,https://img.rewe-static.de/REWE28_2023/0574152/6524320-22_digital-image.png?impolicy=s-offers&imwidth=200&output-format=image/webp,,https://shop.rewe.de/productList?search=2832136,,"versch. Sorten, teilw. koffeinhaltig , je 0,75-l-Fl , (1 l = 1.19) , zzgl. 0.25 Pfand",Aktion,"0,89 €","b'ProduktbeschreibungArtikelnummer 574152DEIT verf\xc3\xbchrt zum Tr\xc3\xa4umen vom S\xc3\xbcden und dem Land, wo die Zitronen bl\xc3\xbchen. Feinherbe Fruchtigkeit, prickelndes Mineralwasser und viele Vitamine \xe2\x80\x93 ganz ohne \xc3\xbcberfl\xc3\xbcssige Kalorien. Die perfekte Mischung f\xc3\xbcr figurbewusste Genie\xc3\x9fer!\nDEIT. Null Zucker, viele Vitamine, voller Fruchtgeschmack!Zutaten & AllergeneZutaten: Nat\xc3\xbcrliches Mineralwasser, Kohlens\xc3\xa4ure, Zitronen- und Orangensaftkonzentrat, konzentrierter Zitronenextrakt, S\xc3\xa4uerungsmittel Citronens\xc3\xa4ure, S\xc3\xbc\xc3\x9fungsmittel Natriumcyclamat, Acesulfam K, Aspartam und Natriumsaccharin, Vitaminmischung (Vitamin C, Vitamin E, Niacin, Pantothenat, Vitamin B6, Fols\xc3\xa4ure, Vitamin B12), nat\xc3\xbcrliches Citrusaroma, Stabilisatoren Guarkernmehl und Pektin.N\xc3\xa4hrwerteDurchschnittliche N\xc3\xa4hrwerteUnzubereitet pro 100 mlEnergie12 kJEnergie3 kcalFett0 gFett, davon ges\xc3\xa4ttigte Fetts\xc3\xa4uren0 gKohlenhydrate0 gKohlenhydrate, davon Zucker0 gEiwei\xc3\x9f0 gSalz0,01 gVitamin E1,8 mgVitamin C8 mgNiacin2,4 mgFols\xc3\xa4ure30 \xc2\xb5gPantothens\xc3\xa4ure0,9 mgVitamin B60,21 mgVitamin B120,25 \xc2\xb5gHinweiseAufbewahrungs- und Verwendungshinweis: Vor W\xc3\xa4rme und Licht sch\xc3\xbctzen.Information: Enth\xc3\xa4lt eine Phenylalaninquelle.ArtikeldetailsMarke: DeitNettof\xc3\xbcllmenge: 0,75 LUrsprungsland: DeutschlandPackungsgr\xc3\xb6\xc3\x9fe: 0,75lKontaktKontaktname: DrinkStar GmbHKontaktadresse: D-83026 RosenheimF\xc3\xbcr die vorstehenden Angaben wird keine Haftung \xc3\xbcbernommen. Bitte pr\xc3\xbcfen Sie im Einzelfall die Angaben auf der jeweiligen Produktverpackung, nur diese sind verbindlich.Das Produktdesign kann von der Abbildung abweichen.'",Grenzhöfer Weg 29,Rewe,Alkoholfreie Getränke,2023-07-09,"Gültig ab morgen bis Samstag, 15.07.2023"
Rockstar Energy Drink,https://img.rewe-static.de/REWE28_2023/7861466/33881992-10_digital-image.png?impolicy=s-offers&imwidth=200&output-format=image/webp,,https://shop.rewe.de/productList?search=2832136,,"versch. Sorten, koffeinhaltig , je 0,5-l-Dose , (1 l = 1.76) , zzgl. 0.25 Pfand",Aktion,"0,88 €","b'ProduktbeschreibungArtikelnummer 7861466Zutaten & AllergeneZutaten: Wasser, Zucker, S\xc3\xa4uerungsmittel Citronens\xc3\xa4ure, Kohlens\xc3\xa4ure, S\xc3\xa4ureregulator Natriumcitrate, Aroma, Koffein (0,03%), Vitamine (Vitamin C, Nicotins\xc3\xa4ureamid, Vitamin B6), Farbstoffe (Ammoniak-Zuckerkul\xc3\xb6r, Riboflavine), Taurin (0,02%), Inosit (0,01%), Ginseng-Aromaextrakt (0,0004%).N\xc3\xa4hrwerteDurchschnittliche N\xc3\xa4hrwerteUnzubereitet pro 100 mlEnergie221 kJEnergie52 kcalFett0 gFett, davon ges\xc3\xa4ttigte Fetts\xc3\xa4uren0 gKohlenhydrate13 gKohlenhydrate, davon Zucker12 gEiwei\xc3\x9f0 gSalz0,17 gVitamin C16 mgNiacin3,2 mgVitamin B60,28 mgHinweiseAufbewahrungs- und Verwendungshinweis: K\xc3\xbchl und trocken aufbewahren.Information: Erh\xc3\xb6hter Koffeingehalt. F\xc3\xbcr Kinder und schwangere oder stillende Frauen nicht empfohlen (Koffeingehalt:31mg/100ml). Nicht empfohlen f\xc3\xbcr Personen, die empfindlich auf Koffein reagieren. In moderaten Mengen konsumieren. Nicht empfohlen mit Alkohol zu mischen.ArtikeldetailsMarke: RockstarNettof\xc3\xbcllmenge: 0,5 LUrsprungsland: DeutschlandKontaktKontaktname: PepsiCo Deutschland GmbHKontaktadresse: D-63263 Neu-IsenburgMaximale Bestellmenge: 15 St\xc3\xbcckF\xc3\xbcr die vorstehenden Angaben wird keine Haftung \xc3\xbcbernommen. Bitte pr\xc3\xbcfen Sie im Einzelfall die Angaben auf der jeweiligen Produktverpackung, nur diese sind verbindlich.Das Produktdesign kann von der Abbildung abweichen.'",Grenzhöfer Weg 29,Rewe,Alkoholfreie Getränke,2023-07-09,"Gültig ab morgen bis Samstag, 15.07.2023"
Lipton Ice Tea oder Sparkling,https://img.rewe-static.de/REWE28_2023/8553666/32715823-10_digital-image.png?impolicy=s-offers&imwidth=200&output-format=image/webp,,https://shop.rewe.de/productList?search=2832136,,"versch. Sorten , je 1,5-l-Fl , (1 l = 0.66) , zzgl. 0.25 Pfand",Aktion,"0,99 €","b'ProduktbeschreibungArtikelnummer 8553666Zutaten & AllergeneZutaten: Wasser, Zucker, Fruktose, S\xc3\xa4uerungsmittel (Citronens\xc3\xa4ure), Schwarztee-Extrakt\xe2\x81\xbd\xc2\xb9\xe2\x81\xbe (0,12%), Zitronensaft aus Zitronensaftkonzentrat (0,1%), Aromen, S\xc3\xa4ureregulator Trinatriumcitrat, Antioxidationsmittel Ascorbins\xc3\xa4ure, S\xc3\xbc\xc3\x9fungsmittel Steviolglycoside.\xe2\x81\xbd\xc2\xb9\xe2\x81\xbe Rainforest Alliance Certified.Mehr Informationen unter ra.org.N\xc3\xa4hrwerteDurchschnittliche N\xc3\xa4hrwerteUnzubereitet pro 100 mlEnergie81 kJEnergie19 kcalFett< 0,5 gFett, davon ges\xc3\xa4ttigte Fetts\xc3\xa4uren< 0,1 gKohlenhydrate4,6 gKohlenhydrate, davon Zucker4,5 gEiwei\xc3\x9f< 0,5 gSalz0,03 gHinweiseAufbewahrungs- und Verwendungshinweis: Nach dem \xc3\x96ffnen im K\xc3\xbchlschrank aufbewahren und bald konsumieren.ArtikeldetailsMarke: LiptonNettof\xc3\xbcllmenge: 1,5 LUrsprungsland: DeutschlandKontaktKontaktname: PepsiCo Deutschland GmbHKontaktadresse: D-63263 Neu-IsenburgMaximale Bestellmenge: 15 St\xc3\xbcckF\xc3\xbcr die vorstehenden Angaben wird keine Haftung \xc3\xbcbernommen. Bitte pr\xc3\xbcfen Sie im Einzelfall die Angaben auf der jeweiligen Produktverpackung, nur diese sind verbindlich.Das Produktdesign kann von der Abbildung abweichen.'",Grenzhöfer Weg 29,Rewe,Alkoholfreie Getränke,2023-07-09,"Gültig ab morgen bis Samstag, 15.07.2023"
Pepsi,https://img.rewe-static.de/REWE28_2023/8541362/32711974-34_digital-image.png?impolicy=s-offers&imwidth=200&output-format=image/webp,,https://shop.rewe.de/productList?search=2832136,,"versch. Sorten, koffeinhaltig , je 1,5-l-Fl , (1 l = 0.66) , zzgl. 0.25 Pfand",Aktion,"0,99 €","b'ProduktbeschreibungArtikelnummer 8541362Zutaten & AllergeneZutaten: Wasser, Zucker, Kohlens\xc3\xa4ure, Farbstoff E 150d, S\xc3\xa4uerungsmittel Phosphors\xc3\xa4ure, Aroma, S\xc3\xbc\xc3\x9fungsmittel (Acesulfam K, Sucralose), Aroma Koffein.N\xc3\xa4hrwerteDurchschnittliche N\xc3\xa4hrwerteUnzubereitet pro 100 mlEnergie120 kJEnergie28 kcalFett0 gFett, davon ges\xc3\xa4ttigte Fetts\xc3\xa4uren0 gKohlenhydrate7 gKohlenhydrate, davon Zucker7 gEiwei\xc3\x9f0 gSalz< 0,01 gHinweiseAufbewahrungs- und Verwendungshinweis: Mindestens haltbar bis: Siehe Flaschenhals.ArtikeldetailsMarke: PepsiNettof\xc3\xbcllmenge: 1,5 LUrsprungsland: DeutschlandKontaktKontaktname: PepsiCo Deutschland GmbHKontaktadresse: D-63263 Neu-IsenburgMaximale Bestellmenge: 15 St\xc3\xbcckF\xc3\xbcr die vorstehenden Angaben wird keine Haftung \xc3\xbcbernommen. Bitte pr\xc3\xbcfen Sie im Einzelfall die Angaben auf der jeweiligen Produktverpackung, nur diese sind verbindlich.Das Produktdesign kann von der Abbildung abweichen.'",Grenzhöfer Weg 29,Rewe,Alkoholfreie Getränke,2023-07-09,"Gültig ab morgen bis Samstag, 15.07.2023"
S. Pellegrino Mineralwasser,https://img.rewe-static.de/REWE28_2023/0106565/9482880-6_digital-image.png?impolicy=s-offers&imwidth=200&output-format=image/webp,,https://shop.rewe.de/productList?search=2832136,,"je 1-l-Fl , zzgl. 0.25 Pfand",Aktion,"0,79 €","b'ProduktbeschreibungArtikelnummer 106565S.Pellegrino bringt echtes italienisches Lebensgef\xc3\xbchl direkt zu Ihnen nach Hause. Ein feinperliges nat\xc3\xbcrliches Mineralwasser f\xc3\xbcr Genie\xc3\x9fer, das stilvoll erfrischt.\n\nUnnachahmlich prickelnd und frisch, so schmeckt S.Pellegrino. Das liegt an der einzigartigen Balance, die das Mineralwasser besonders feinperlig sprudeln l\xc3\xa4sst. Ausgewogen mineralisiert, ist S.Pellegrino ein ebenso spritziger wie authentischer Genuss.\n\nEin Wasser mit Tradition\n\nS.Pellegrino, das bereits seit 1899 Genie\xc3\x9fer begeistert, entspringt in der nahezu unber\xc3\xbchrten Natur der lombardischen Alpen. Auf seiner langen Reise durch breite Schichten Dolomit- und Gipsgestein erh\xc3\xa4lt das Wasser seine ausgewogene Mineralisierung und seine besondere Reinheit. \n\nImmer ein Genuss\n\nMit seinem nat\xc3\xbcrlichen und lebendigen Temperament ist S.Pellegrino ein Wasser, das einfach \xc3\xbcberall genossen werden kann. Darum gibt es den italienischen Klassiker auch in handlichen 1,0L Pet-Flaschen \xe2\x80\x93 Wie geschaffen f\xc3\xbcr geselliges Beisammensein und genussvolles Miteinander. Besonders praktisch: Im Sixpack haben Sie immer eine Flasche in Reserve.\n\nS.Pellegrino\n- Nat\xc3\xbcrliches feinperliges Mineralwasser\n- Erfrischt einfach herrlich italienisch\n- Ein Wasser f\xc3\xbcr anspruchsvolle Genie\xc3\x9fer\n- Ausgewogen mineralisiert und besonders prickelnd\n- Wassergenuss f\xc3\xbcr jede Gelegenheit in handlichen Pet-Flaschen... mehr anzeigenSeit 1899 ist S.Pellegrino eine Ikone italienischen Stils und eines der bekanntesten nat\xc3\xbcrlichen Mineralwasser der Welt. Dank seiner perfekten Balance aus feinperliger Kohlens\xc3\xa4ure, Mineralisierung und einzigartigem Geschmack \xc3\xbcberzeugt es Sommeliers und Spitzenk\xc3\xb6che. \nSo inspiriert S.Pellegrino dazu, genussvolle Momente auszukosten und sie zu teilen.N\xc3\xa4hrwerteDurchschnittliche N\xc3\xa4hrwerteUnzubereitet pro 1 lChlorid49,4 mgCalcium166 mgMagnesium49,5 mgBikarbonat244 mgNatrium30 mgSulfat 4+401 mgHinweiseAufbewahrungs- und Verwendungshinweis: Vor Sonne und Frost sch\xc3\xbctzen und an einem sauberen, trockenen, k\xc3\xbchlen und geruchlosen Ort lagern.Information: Abdampfr\xc3\xbcckstand bei 180 Grad: 853 mg/LpH-Wert an der Quelle: 7,7Aus der S.PELLEGRINO Quelle in SAN PELLEGRINO TERME (BERGAMO) ITALIENArtikeldetailsMarke: San PellegrinoNettof\xc3\xbcllmenge: 1 LUrsprungsland: ItalienPackungsgr\xc3\xb6\xc3\x9fe: 1,0lKontaktKontaktname: SANPELLEGRINO S.P.A.Kontaktadresse: 24016 SAN PELLEGRINO TERME (BG)LOCALIT\xc3\x80 RUSPINO - ITALIENMaximale Bestellmenge: 15 St\xc3\xbcckF\xc3\xbcr die vorstehenden Angaben wird keine Haftung \xc3\xbcbernommen. Bitte pr\xc3\xbcfen Sie im Einzelfall die Angaben auf der jeweiligen Produktverpackung, nur diese sind verbindlich.Das Produktdesign kann von der Abbildung abweichen.'",Grenzhöfer Weg 29,Rewe,Alkoholfreie Getränke,2023-07-09,"Gültig ab morgen bis Samstag, 15.07.2023"
Warsteiner Pils,https://img.rewe-static.de/REWE28_2023/4665945/27706345-2_digital-image.png?impolicy=s-offers&imwidth=200&output-format=image/webp,,https://shop.rewe.de/productList?search=2832136,,"je 20 x 0,5-l-Fl.-Kasten , (1 l = 1.10) , zzgl. 3.10 + 0.50 Pfand",Knaller,"10,99 €","b'Bestellung ab 18 Jahren.F\xc3\xbcr dieses Produkt gilt das Jugendschutzgesetz.ProduktbeschreibungArtikelnummer 4665945Mit \xc3\xbcber 260-j\xc3\xa4hriger Brautradition entsteht dieses eiskalt filtrierte internationale Pilsener der Premium-Klasse in der WARSTEINER Privatbrauerei. Der besonders hohe Anspruch an Qualit\xc3\xa4t und Geschmack beginnt bereits bei der Auswahl von besonders weichem Brauwasser, Hopfen aus der Hallertau und feinstem Sommergerstenmalz.Zutaten & AllergeneZutaten: Brauwasser, GERSTENMALZ, Hopfen, HopfenextraktN\xc3\xa4hrwerteDurchschnittliche N\xc3\xa4hrwerteUnzubereitet pro 100 mlEnergie175 kJEnergie42 kcalFett0 gFett, davon ges\xc3\xa4ttigte Fetts\xc3\xa4uren0 gKohlenhydrate3,5 gKohlenhydrate, davon Zucker0 gEiwei\xc3\x9f0,5 gSalz0 gArtikeldetailsMarke: WarsteinerAlkoholgehalt: 4,8 % Vol.Packungsgr\xc3\xb6\xc3\x9fe: 0,5lx20KontaktKontaktname: Warsteiner Brauerei Haus Cramer KGKontaktadresse: 59564 Warstein / DeutschlandMaximale Bestellmenge: 15 St\xc3\xbcckF\xc3\xbcr die vorstehenden Angaben wird keine Haftung \xc3\xbcbernommen. Bitte pr\xc3\xbcfen Sie im Einzelfall die Angaben auf der jeweiligen Produktverpackung, nur diese sind verbindlich.Das Produktdesign kann von der Abbildung abweichen.'",Grenzhöfer Weg 29,Rewe,Bier,2023-07-09,"Gültig ab morgen bis Samstag, 15.07.2023"
Jever Pilsener,https://img.rewe-static.de/REWE28_2023/5046009/22381826-10_digital-image.png?impolicy=s-offers&imwidth=200&output-format=image/webp,,https://shop.rewe.de/productList?search=2832136,,"versch. Sorten , je 20 x 0,5-l-Fl.-Kasten , (1 l = 1.20) , zzgl. 3.10 Pfand",Aktion,"11,99 €","b'Bestellung ab 18 Jahren.F\xc3\xbcr dieses Produkt gilt das Jugendschutzgesetz.ProduktbeschreibungArtikelnummer 5046009Zutaten & AllergeneZutaten: Wasser, GERSTENmalz, Hopfen.N\xc3\xa4hrwerteDurchschnittliche N\xc3\xa4hrwerteUnzubereitet pro 100 mlEnergie167 kJEnergie40 kcalFett0 gFett, davon ges\xc3\xa4ttigte Fetts\xc3\xa4uren0 gKohlenhydrate2,2 gKohlenhydrate, davon Zucker< 0,5 gEiwei\xc3\x9f< 0,5 gSalz0,02 gArtikeldetailsMarke: JeverAlkoholgehalt: 4,9 % Vol.Packungsgr\xc3\xb6\xc3\x9fe: 0,5lx20KontaktKontaktname: Friesisches Brauhaus zu JeverKontaktadresse: Elisabethufer 18 26441 JeverMaximale Bestellmenge: 15 St\xc3\xbcckF\xc3\xbcr die vorstehenden Angaben wird keine Haftung \xc3\xbcbernommen. Bitte pr\xc3\xbcfen Sie im Einzelfall die Angaben auf der jeweiligen Produktverpackung, nur diese sind verbindlich.Das Produktdesign kann von der Abbildung abweichen.'",Grenzhöfer Weg 29,Rewe,Bier,2023-07-09,"Gültig ab morgen bis Samstag, 15.07.2023"
Franziskaner Weissbier,https://img.rewe-static.de/REWE28_2023/4669606/22381783-6_digital-image.png?impolicy=s-offers&imwidth=200&output-format=image/webp,,https://shop.rewe.de/productList?search=2832136,,"versch. Sorten , je 20 x 0,5-l-Fl.-Kasten , (1 l = 1.30) , zzgl. 3.10 Pfand",Aktion,"12,99 €","b'Bestellung ab 18 Jahren.F\xc3\xbcr dieses Produkt gilt das Jugendschutzgesetz.ProduktbeschreibungArtikelnummer 4669606Zutaten & AllergeneZutaten: Wasser, WEIZENMALZ, GERSTENMALZ, Hefe, HopfenextraktN\xc3\xa4hrwerteDurchschnittliche N\xc3\xa4hrwerteUnzubereitet pro 100 mlEnergie180 kJEnergie43 kcalFett0,01 gFett, davon ges\xc3\xa4ttigte Fetts\xc3\xa4uren0,01 gKohlenhydrate2,6 gKohlenhydrate, davon Zucker0,2 gBallaststoffe0,4 gEiwei\xc3\x9f0,78 gSalz0,01 gHinweiseInformation: Kein Verzehr in Zusammenhang mita)dem F\xc3\xbchren von Fahrzeugen,b)einer Schwangerschaft,c)Medikamenten-EinnahmeArtikeldetailsMarke: FranziskanerAlkoholgehalt: 5 % Vol.Packungsgr\xc3\xb6\xc3\x9fe: 0,5lx20KontaktKontaktname: Spaten-Franziskaner Br\xc3\xa4u GmbHKontaktadresse: D-80335 M\xc3\xbcnchen, Marsstr. 46Maximale Bestellmenge: 15 St\xc3\xbcckF\xc3\xbcr die vorstehenden Angaben wird keine Haftung \xc3\xbcbernommen. Bitte pr\xc3\xbcfen Sie im Einzelfall die Angaben auf der jeweiligen Produktverpackung, nur diese sind verbindlich.Das Produktdesign kann von der Abbildung abweichen.'",Grenzhöfer Weg 29,Rewe,Bier,2023-07-09,"Gültig ab morgen bis Samstag, 15.07.2023"
Heller Seggl,https://img.rewe-static.de/REWE28_2023/8101326/28902168-23_digital-image.png?impolicy=s-offers&imwidth=200&output-format=image/webp,,https://shop.rewe.de/productList?search=2832136,,"je 20 x 0,5-l-Fl.-Kasten , (1 l = 1.20) , zzgl. 3.10 Pfand",Aktion,"11,99 €","b'Bestellung ab 18 Jahren.F\xc3\xbcr dieses Produkt gilt das Jugendschutzgesetz.ProduktbeschreibungArtikelnummer 8101326Zutaten & AllergeneZutaten: Wasser, Gerstenmalz, Hopfen.Allergenhinweise: Gersten und Gerstenerzeugnisse (glutenhaltiges Getreide).N\xc3\xa4hrwerteDurchschnittliche N\xc3\xa4hrwerteUnzubereitet pro 100 mlEnergie167 kJEnergie40 kcalFett< 0,1 gFett, davon ges\xc3\xa4ttigte Fetts\xc3\xa4uren< 0,1 gKohlenhydrate2,94 gKohlenhydrate, davon Zucker< 0,2 gEiwei\xc3\x9f0,46 gSalz< 0,01 gArtikeldetailsAlkoholgehalt: 5,1 % Vol.KontaktKontaktname: REWE Markt GmbHKontaktadresse: Im Unteren Wald, 69168 WieslochMaximale Bestellmenge: 15 St\xc3\xbcckF\xc3\xbcr die vorstehenden Angaben wird keine Haftung \xc3\xbcbernommen. Bitte pr\xc3\xbcfen Sie im Einzelfall die Angaben auf der jeweiligen Produktverpackung, nur diese sind verbindlich.Das Produktdesign kann von der Abbildung abweichen.'",Grenzhöfer Weg 29,Rewe,Bier,2023-07-09,"Gültig ab morgen bis Samstag, 15.07.2023"
Benediktiner Hell,https://img.rewe-static.de/REWE28_2023/3145695/26404048-8_digital-image.png?impolicy=s-offers&imwidth=200&output-format=image/webp,,https://shop.rewe.de/productList?search=2832136,,"je 20 x 0,5-l-Fl.-Kasten , (1 l = 1.50) , zzgl. 3.10 Pfand",Aktion,"14,99 €","b'Bestellung ab 18 Jahren.F\xc3\xbcr dieses Produkt gilt das Jugendschutzgesetz.ProduktbeschreibungArtikelnummer 3145695Zutaten & AllergeneZutaten: Wasser, GERSTENMALZ, HopfenHinweiseAufbewahrungs- und Verwendungshinweis: Bitte k\xc3\xbchl und dunkel lagernArtikeldetailsMarke: BenediktinerAlkoholgehalt: 5 % Vol.KontaktKontaktname: Benediktiner Weissbr\xc3\xa4u GmbHKontaktadresse: 82488 EttalMaximale Bestellmenge: 15 St\xc3\xbcckF\xc3\xbcr die vorstehenden Angaben wird keine Haftung \xc3\xbcbernommen. Bitte pr\xc3\xbcfen Sie im Einzelfall die Angaben auf der jeweiligen Produktverpackung, nur diese sind verbindlich.Das Produktdesign kann von der Abbildung abweichen.'",Grenzhöfer Weg 29,Rewe,Bier,2023-07-09,"Gültig ab morgen bis Samstag, 15.07.2023"
Veltins Helles Pülleken,https://img.rewe-static.de/REWE28_2023/8423348/30997960-4_digital-image.png?impolicy=s-offers&imwidth=200&output-format=image/webp,,https://shop.rewe.de/productList?search=2832136,,"je 24 x 0,33-l-Fl.-Kasten , (1 l = 1.77) , zzgl. 3.42 Pfand",Aktion,"13,99 €","b'Bestellung ab 18 Jahren.F\xc3\xbcr dieses Produkt gilt das Jugendschutzgesetz.ProduktbeschreibungArtikelnummer 8423348Zutaten & AllergeneZutaten: Wasser, GERSTENMALZ, Hopfen.N\xc3\xa4hrwerteDurchschnittliche N\xc3\xa4hrwerteUnzubereitet pro 100 mlEnergie179 kJEnergie43 kcalHinweiseAufbewahrungs- und Verwendungshinweis: Mindestens haltbar bis: Siehe Verpackungsaufdruck.ArtikeldetailsMarke: P\xc3\xbcllekenAlkoholgehalt: 5,2 % Vol.KontaktKontaktname: Brauerei C. & A. Veltins GmbH & Co. KGKontaktadresse: 59872 Meschede-GrevensteinF\xc3\xbcr die vorstehenden Angaben wird keine Haftung \xc3\xbcbernommen. Bitte pr\xc3\xbcfen Sie im Einzelfall die Angaben auf der jeweiligen Produktverpackung, nur diese sind verbindlich.Das Produktdesign kann von der Abbildung abweichen.'",Grenzhöfer Weg 29,Rewe,Bier,2023-07-09,"Gültig ab morgen bis Samstag, 15.07.2023"
Karlsberg Mixery,https://img.rewe-static.de/REWE28_2023/0019145/3716360-69_digital-image.png?impolicy=s-offers&imwidth=200&output-format=image/webp,,https://shop.rewe.de/productList?search=2832136,,"versch. Sorten, teilw. koffeinhaltig , je 0,5-l-Dose , (1 l = 1.98) , zzgl. 0.25 Pfand",Aktion,"0,99 €","b'Bestellung ab 18 Jahren.F\xc3\xbcr dieses Produkt gilt das Jugendschutzgesetz.ProduktbeschreibungArtikelnummer 19145Zutaten & AllergeneZutaten: Bier (Wasser, GERSTENMALZ, Hopfenextrakt), Wasser, Zucker, Kohlens\xc3\xa4ure, Farbstoff: E 150 c, S\xc3\xa4uerungsmittel E 338, nat\xc3\xbcrliches Aroma, Aroma KoffeinAllergenhinweise: Enth\xc3\xa4lt: Gerste und Gerstenerzeugnisse (glutenhaltiges Getreide).N\xc3\xa4hrwerteDurchschnittliche N\xc3\xa4hrwerteUnzubereitet pro 100 mlEnergie180 kJEnergie43 kcalArtikeldetailsMarke: MixeryUrsprungsland: DeutschlandAlkoholgehalt: 3,1 % Vol.Packungsgr\xc3\xb6\xc3\x9fe: 0,5l DoseKontaktKontaktname: Karlsberg BrauereiKontaktadresse: Karlsbergstra\xc3\x9fe 62, 66424 HomburgF\xc3\xbcr die vorstehenden Angaben wird keine Haftung \xc3\xbcbernommen. Bitte pr\xc3\xbcfen Sie im Einzelfall die Angaben auf der jeweiligen Produktverpackung, nur diese sind verbindlich.Das Produktdesign kann von der Abbildung abweichen.'",Grenzhöfer Weg 29,Rewe,Bier,2023-07-09,"Gültig ab morgen bis Samstag, 15.07.2023"
Astra,https://img.rewe-static.de/REWE28_2023/0190044/3268680-38_digital-image.png?impolicy=s-offers&imwidth=200&output-format=image/webp,,https://shop.rewe.de/productList?search=2832136,,"versch. Sorten , je 6 x 0,33-l-Fl.-Sixpack , (1 l = 2.17) , zzgl. 0.48 Pfand",Aktion,"4,29 €","b'Bestellung ab 18 Jahren.F\xc3\xbcr dieses Produkt gilt das Jugendschutzgesetz.ProduktbeschreibungArtikelnummer 190044Zutaten & AllergeneZutaten: Wasser, GERSTENMALZ, HopfenArtikeldetailsMarke: AstraAlkoholgehalt: 4,9 % Vol.Packungsgr\xc3\xb6\xc3\x9fe: 6x0,33lKontaktKontaktname: Bavaria-St.Pauli GmbHKontaktadresse: 22755 HamburgF\xc3\xbcr die vorstehenden Angaben wird keine Haftung \xc3\xbcbernommen. Bitte pr\xc3\xbcfen Sie im Einzelfall die Angaben auf der jeweiligen Produktverpackung, nur diese sind verbindlich.Das Produktdesign kann von der Abbildung abweichen.'",Grenzhöfer Weg 29,Rewe,Bier,2023-07-09,"Gültig ab morgen bis Samstag, 15.07.2023"
Heineken Beer,https://img.rewe-static.de/REWE28_2023/1443690/30786658-10_digital-image.png?impolicy=s-offers&imwidth=200&output-format=image/webp,,https://shop.rewe.de/productList?search=2832136,,"je 28 x 0,25/20 x 0,4-l-Fl.-Kasten , (1 l = 2.14/1.87) , zzgl. 3.74/3.10 Pfand",Aktion,"14,99 €","b'Bestellung ab 18 Jahren.F\xc3\xbcr dieses Produkt gilt das Jugendschutzgesetz.ProduktbeschreibungArtikelnummer 1443690Heineken\xc2\xae ist ein gold-gelbes Lager mit 100 % nat\xc3\xbcrlichen Zutaten und einem kleinen, feinen Extra: A-Hefe. Heinekens einzigartige A-Hefe sorgt f\xc3\xbcr volles Aroma und feine Fruchtnoten. Der Abgang ist mild und leicht bitter.\nOffizieller Partner von der EURO 2020, UEFA Champions League, James Bond, Rugby, Formel 1 und Formel-e Zutaten & AllergeneZutaten: Wasser, GERSTENMALZ, Hopfenextrakt.N\xc3\xa4hrwerteDurchschnittliche N\xc3\xa4hrwerteUnzubereitet pro 100 mlEnergie176 kJEnergie42 kcalFett0 gFett, davon ges\xc3\xa4ttigte Fetts\xc3\xa4uren0 gKohlenhydrate3,2 gKohlenhydrate, davon Zucker< 0 gBallaststoffe0 gEiwei\xc3\x9f0 gSalz< 0,01 gArtikeldetailsMarke: HeinekenAlkoholgehalt: 5 % Vol.Packungsgr\xc3\xb6\xc3\x9fe: 0,25lx28KontaktKontaktname: Heineken Deutschland GmbHKontaktadresse: Ehrenbergstr. 19, 10245 BerlinMaximale Bestellmenge: 15 St\xc3\xbcckF\xc3\xbcr die vorstehenden Angaben wird keine Haftung \xc3\xbcbernommen. Bitte pr\xc3\xbcfen Sie im Einzelfall die Angaben auf der jeweiligen Produktverpackung, nur diese sind verbindlich.Das Produktdesign kann von der Abbildung abweichen.'",Grenzhöfer Weg 29,Rewe,Bier,2023-07-09,"Gültig ab morgen bis Samstag, 15.07.2023"
CyberZ Beer Mix,https://img.rewe-static.de/REWE28_2023/8897146/39521337-9_digital-image.png?impolicy=s-offers&imwidth=200&output-format=image/webp,,https://shop.rewe.de/productList?search=2832136,,"versch. Sorten , je 4 x 0,33-l-Fl.-Pckg , (1 l = 3.78) , zzgl. 0.32 Pfand",Aktion,"4,99 €","b'Bestellung ab 18 Jahren.F\xc3\xbcr dieses Produkt gilt das Jugendschutzgesetz.ProduktbeschreibungArtikelnummer 8897146Times for Limez. CYBERZ vereint Bier mit s\xc3\xbc\xc3\x9f-sauren Caipi-Limetten-\nFlavour. Ein neuer frischer Mix ohne\xc2\xa0Kompromisse.\nTurn up your Flavour \xe2\x80\x93 und starte mit aufregenden 5,9% vol. in Deine\nPartymood und einen Abend ganz nach deinem Geschmack.Zutaten & AllergeneZutaten: 85% Bier (Wasser, GERSTENmalz, Hopfen, Hopfenextrakt), 15% Erfrischungsgetr\xc3\xa4nk mit Caipirinha-Geschmack (Wasser, Zucker, Limettensaft* (1,5%), Orangensaft* (1,5%), Zitronensaft* (1,0%), S\xc3\xa4uerungsmittel Citronens\xc3\xa4ure, nat\xc3\xbcrliches Limettenaroma mit anderen nat\xc3\xbcrlichen Aromen, Kohlens\xc3\xa4ure, Stabilisator Johannisbrotkernmehl). *aus FruchtsaftkonzentratenN\xc3\xa4hrwerteDurchschnittliche N\xc3\xa4hrwerteUnzubereitet pro 100 mlEnergie267 kJEnergie64 kcalFett0 gFett, davon ges\xc3\xa4ttigte Fetts\xc3\xa4uren0 gKohlenhydrate7,1 gKohlenhydrate, davon Zucker5,3 gEiwei\xc3\x9f< 0,5 gSalz< 0,01 gArtikeldetailsEigenschaften: *Neu*Alkoholgehalt: 5,9 % Vol.KontaktKontaktname: Gesellschaft f. Importbiere u. Bierspezialit\xc3\xa4ten mbHKontaktadresse: Darmst\xc3\xa4dter Landstr. 185 60598 Frankfurt am MainMaximale Bestellmenge: 15 St\xc3\xbcckF\xc3\xbcr die vorstehenden Angaben wird keine Haftung \xc3\xbcbernommen. Bitte pr\xc3\xbcfen Sie im Einzelfall die Angaben auf der jeweiligen Produktverpackung, nur diese sind verbindlich.Das Produktdesign kann von der Abbildung abweichen.'",Grenzhöfer Weg 29,Rewe,Bier,2023-07-09,"Gültig ab morgen bis Samstag, 15.07.2023"
Veltins Pilsener,https://img.rewe-static.de/REWE28_2023/0017005/2245920-31_digital-image.png?impolicy=s-offers&imwidth=200&output-format=image/webp,,https://shop.rewe.de/productList?search=2832136,,"je 0,5-l-Dose , (1 l = 1.58) , zzgl. 0.25 Pfand",Aktion,"0,79 €","b'Bestellung ab 18 Jahren.F\xc3\xbcr dieses Produkt gilt das Jugendschutzgesetz.ProduktbeschreibungArtikelnummer 17005Zutaten & AllergeneZutaten: Wasser, GERSTENMALZ, HopfenAllergenhinweise: Enth\xc3\xa4lt: Gerste und Gerstenerzeugnisse (glutenhaltiges Getreide).N\xc3\xa4hrwerteDurchschnittliche N\xc3\xa4hrwerteUnzubereitet pro 100 mlEnergie167 kJEnergie40 kcalFett< 0,1 gFett, davon ges\xc3\xa4ttigte Fetts\xc3\xa4uren< 0,1 gKohlenhydrate2,9 gKohlenhydrate, davon Zucker1,4 gEiwei\xc3\x9f0,63 gSalz< 0,01 gArtikeldetailsMarke: VeltinsUrsprungsland: DeutschlandAlkoholgehalt: 4,8 % Vol.Packungsgr\xc3\xb6\xc3\x9fe: 0,5lKontaktKontaktname: Brauerei C.&A. Veltins GmbH & Co. KGKontaktadresse: D-59872 Meschede-GrevensteinMaximale Bestellmenge: 15 St\xc3\xbcckF\xc3\xbcr die vorstehenden Angaben wird keine Haftung \xc3\xbcbernommen. Bitte pr\xc3\xbcfen Sie im Einzelfall die Angaben auf der jeweiligen Produktverpackung, nur diese sind verbindlich.Das Produktdesign kann von der Abbildung abweichen.'",Grenzhöfer Weg 29,Rewe,Bier,2023-07-09,"Gültig ab morgen bis Samstag, 15.07.2023"
Corona Mexican Beer,https://img.rewe-static.de/REWE28_2023/1306571/19881660-30_digital-image.png?impolicy=s-offers&imwidth=200&output-format=image/webp,,https://shop.rewe.de/productList?search=2832136,,"je 6 x 0,355-l-Fl.-Sixpack , (1 l = 3.05) , zzgl. 0.48 Pfand",Aktion,"6,49 €","b'Bestellung ab 18 Jahren.F\xc3\xbcr dieses Produkt gilt das Jugendschutzgesetz.ProduktbeschreibungArtikelnummer 1306571Zutaten & AllergeneZutaten: Wasser, Gerstenmalz, Mais, HopfenN\xc3\xa4hrwerteDurchschnittliche N\xc3\xa4hrwerteUnzubereitet pro 100 mlEnergie176 kJEnergie42 kcalFett0 gFett, davon ges\xc3\xa4ttigte Fetts\xc3\xa4uren0 gKohlenhydrate4 gKohlenhydrate, davon Zucker0,15 gBallaststoffe0,3 gEiwei\xc3\x9f0,3 gSalz0,005 gHinweiseInformation: Kein Verzehr in Zusammenhang mita)dem F\xc3\xbchren von Fahrzeugen,b)einer Schwangerschaft,c)Medikamenten-EinnahmeArtikeldetailsMarke: CoronaAlkoholgehalt: 4,5 % Vol.Packungsgr\xc3\xb6\xc3\x9fe: 0,35lx6KontaktKontaktname: Anheuser-Busch !nBev Deutschland GmbH & Co.KGKontaktadresse: Am Deich 18/19, 28199 BremenMaximale Bestellmenge: 15 St\xc3\xbcckF\xc3\xbcr die vorstehenden Angaben wird keine Haftung \xc3\xbcbernommen. Bitte pr\xc3\xbcfen Sie im Einzelfall die Angaben auf der jeweiligen Produktverpackung, nur diese sind verbindlich.Das Produktdesign kann von der Abbildung abweichen.'",Grenzhöfer Weg 29,Rewe,Bier,2023-07-09,"Gültig ab morgen bis Samstag, 15.07.2023"
Grauer Burgunder vom Kalkstein QBA,https://img.rewe-static.de/REWE28_2023/2453174/23877569-32_digital-image.png?impolicy=s-offers&imwidth=200&output-format=image/webp,,https://shop.rewe.de/productList?search=2832136,,"trocken , je 0,75-l-Fl , (1 l = 5.32)",Knaller,"3,99 €","b'Bestellung ab 18 Jahren.F\xc3\xbcr dieses Produkt gilt das Jugendschutzgesetz.ProduktbeschreibungArtikelnummer 2453174Ausdrucksstarker,k\xc3\xb6rperreicher Weisswein mit viel Schmelz, Frische und Frucht. Ausgewogen und gehaltvoll. \nEmpfehlung: zu hellem Fleisch, gebratenem Fisch, Gefl\xc3\xbcgel, Pasta, Salat \nTrinktemperatur: 8-12\xc2\xb0C Zutaten & AllergeneZutaten: Nicht deklariert: Wei\xc3\x9fwein 97%, Traubenmost, Packgas Kohlendioxid, Antioxidationsmittel (Ascorbins\xc3\xa4ure, Schwefeldioxid), Stabilisator Metaweins\xc3\xa4ure Zusatzstoffe: E 220Allergenhinweise: Schwefeldioxid und Sulfite in einer Konzentration von mehr als 10 mg/kg oder 10 mg/l, als SO2 angegebenN\xc3\xa4hrwerteDurchschnittliche N\xc3\xa4hrwertepro 100 mlEnergie319 kJEnergie77 kcalFett0 gFett, davon ges\xc3\xa4ttigte Fetts\xc3\xa4uren0 gKohlenhydrate0,8 gKohlenhydrate, davon Zucker0,7 gEiwei\xc3\x9f0 gSalz0,02 gArtikeldetailsUrsprungsland: DeutschlandAlkoholgehalt: 12,5 % Vol.Schmeckt zu: Vorspeisen & Salat, Fisch & Meeresfr\xc3\xbcchten, Gefl\xc3\xbcgel, PastaKontaktKontaktname: Reh Kendermann GmbHKontaktadresse: 55411 Bingen, DeutschlandMaximale Bestellmenge: 15 St\xc3\xbcckF\xc3\xbcr die vorstehenden Angaben wird keine Haftung \xc3\xbcbernommen. Bitte pr\xc3\xbcfen Sie im Einzelfall die Angaben auf der jeweiligen Produktverpackung, nur diese sind verbindlich.Das Produktdesign kann von der Abbildung abweichen.'",Grenzhöfer Weg 29,Rewe,Wein & Spirituosen,2023-07-09,"Gültig ab morgen bis Samstag, 15.07.2023"
Mezzacorona Pinot Grigio DOC,https://img.rewe-static.de/REWE28_2023/0274069/35288910-5_digital-image.png?impolicy=s-offers&imwidth=200&output-format=image/webp,,https://shop.rewe.de/productList?search=2832136,,"trocken , je 0,75-l-Fl , (1 l = 5.32)",Aktion,"3,99 €","b'Bestellung ab 18 Jahren.F\xc3\xbcr dieses Produkt gilt das Jugendschutzgesetz.ProduktbeschreibungArtikelnummer 274069Ein fruchtig und frische Bukett mit\neinem dichten Aroma.\n\nEmpfehlung: zu Vorspeisen, Salaten,\nFisch, Meeresfr\xc3\xbcchten, Schwein, Gefl\xc3\xbcgel\nTrinktemperatur: 8-10\xc2\xb0C Zutaten & AllergeneZutaten: Nicht deklariert:Wei\xc3\x9fwein, rektifiziertes Traubenmostkonzentrat, S\xc3\xa4uerungsmittel (Weins\xc3\xa4ure, Citronens\xc3\xa4ure), Antioxidationsmittel (Schwefeldioxid). Zusatzstoffe: E 220Allergenhinweise: Schwefeldioxid und Sulfite in einer Konzentration von mehr als 10 mg/kg oder 10 mg/l, als SO2 angegebenN\xc3\xa4hrwerteDurchschnittliche N\xc3\xa4hrwertepro 100 mlEnergie302 kJEnergie73 kcalFett0 gFett, davon ges\xc3\xa4ttigte Fetts\xc3\xa4uren0 gKohlenhydrate< 0,5 gKohlenhydrate, davon Zucker< 0,5 gEiwei\xc3\x9f0 gSalz0,02 gArtikeldetailsUrsprungsland: ItalienAlkoholgehalt: 12,5 % Vol.Schmeckt zu: Vorspeisen & Salat, Fisch & Meeresfr\xc3\xbcchten, Gefl\xc3\xbcgel, SchweinKontaktKontaktname: Nosio SpaKontaktadresse: Mezzocorona, , ItalienMaximale Bestellmenge: 15 St\xc3\xbcckF\xc3\xbcr die vorstehenden Angaben wird keine Haftung \xc3\xbcbernommen. Bitte pr\xc3\xbcfen Sie im Einzelfall die Angaben auf der jeweiligen Produktverpackung, nur diese sind verbindlich.Das Produktdesign kann von der Abbildung abweichen.'",Grenzhöfer Weg 29,Rewe,Wein & Spirituosen,2023-07-09,"Gültig ab morgen bis Samstag, 15.07.2023"
Berentzen Fruchtige,https://img.rewe-static.de/REWE28_2023/0366072/860700-34_digital-image.png?impolicy=s-offers&imwidth=200&output-format=image/webp,,https://shop.rewe.de/productList?search=2832136,,"Apfelkorn, 18% Vol. , je 0,7-l-Fl , (1 l = 7.13)",Aktion,"4,99 €","b'Bestellung ab 18 Jahren.F\xc3\xbcr dieses Produkt gilt das Jugendschutzgesetz.ProduktbeschreibungArtikelnummer 366072HinweiseAufbewahrungs- und Verwendungshinweis: k\xc3\xbchl lagern, vor Sonnenlicht sch\xc3\xbctzenArtikeldetailsMarke: BerentzenUrsprungsland: DeutschlandAlkoholgehalt: 18 % Vol.Geschmacksrichtung: ApfelKontaktKontaktname: Berentzen-Gruppe AktiengesellschaftKontaktadresse: D-49740 Hasel\xc3\xbcnneMaximale Bestellmenge: 15 St\xc3\xbcckF\xc3\xbcr die vorstehenden Angaben wird keine Haftung \xc3\xbcbernommen. Bitte pr\xc3\xbcfen Sie im Einzelfall die Angaben auf der jeweiligen Produktverpackung, nur diese sind verbindlich.Das Produktdesign kann von der Abbildung abweichen.'",Grenzhöfer Weg 29,Rewe,Wein & Spirituosen,2023-07-09,"Gültig ab morgen bis Samstag, 15.07.2023"
Süss & Fruchtig Riesling QbA,https://img.rewe-static.de/REWE28_2023/0617358/3723580-26_digital-image.png?impolicy=s-offers&imwidth=200&output-format=image/webp,,https://shop.rewe.de/productList?search=2832136,,"je 0,75-l-Fl , (1 l = 4.65)",Aktion,"3,49 €","b'Bestellung ab 18 Jahren.F\xc3\xbcr dieses Produkt gilt das Jugendschutzgesetz.ProduktbeschreibungArtikelnummer 617358- Fruchtig, mit ausgewogenem S\xc3\xa4urespiel, prickelnd und erfrischend.\n- Empfehlung: Als Aperitif, zum Grillen.\n- Trinktemperatur: 8 - 10\xc2\xb0C. Zutaten & AllergeneZutaten: Enth\xc3\xa4lt SulfiteAllergenhinweise: Enth\xc3\xa4lt: Schwefeldioxid und Sulfite.ArtikeldetailsMarke: Weingut KlundtUrsprungsland: DeutschlandAlkoholgehalt: 9,5 % Vol.Schmeckt zu: Gefl\xc3\xbcgel, Gegrilltem, Vorspeisen & Salat, Asiatischen SpeisenKontaktKontaktname: W\xc3\xbcrttembergische Weing\xc3\xa4rtner ZentralgenossenschaftKontaktadresse: Raiffeisenstra\xc3\x9fe 2, 71696 M\xc3\xb6glingenMaximale Bestellmenge: 15 St\xc3\xbcckF\xc3\xbcr die vorstehenden Angaben wird keine Haftung \xc3\xbcbernommen. Bitte pr\xc3\xbcfen Sie im Einzelfall die Angaben auf der jeweiligen Produktverpackung, nur diese sind verbindlich.Das Produktdesign kann von der Abbildung abweichen.'",Grenzhöfer Weg 29,Rewe,Wein & Spirituosen,2023-07-09,"Gültig ab morgen bis Samstag, 15.07.2023"
Mariacron Weinbrand,https://img.rewe-static.de/REWE28_2023/0128546/3384090-30_digital-image.png?impolicy=s-offers&imwidth=200&output-format=image/webp,,https://shop.rewe.de/productList?search=2832136,,"36% Vol. , je 0,7-l-Fl , (1 l = 8.56)",Aktion,"5,99 €","b'Bestellung ab 18 Jahren.F\xc3\xbcr dieses Produkt gilt das Jugendschutzgesetz.ProduktbeschreibungArtikelnummer 128546Der Weinbrand-Kenner sch\xc3\xa4tzt die harmonische Verbindung eines reifen weinigen Buketts und eines charaktervoll milden Geschmacks.Zutaten & AllergeneAllergenhinweise: Kann enthalten: Walnuss und Walnusserzeugnisse.ArtikeldetailsMarke: MariacronUrsprungsland: DeutschlandAlkoholgehalt: 36 % Vol.KontaktKontaktname: Nordbrand Nordhausen GmbHKontaktadresse: 99734 Nordhausen/HarzMaximale Bestellmenge: 15 St\xc3\xbcckF\xc3\xbcr die vorstehenden Angaben wird keine Haftung \xc3\xbcbernommen. Bitte pr\xc3\xbcfen Sie im Einzelfall die Angaben auf der jeweiligen Produktverpackung, nur diese sind verbindlich.Das Produktdesign kann von der Abbildung abweichen.'",Grenzhöfer Weg 29,Rewe,Wein & Spirituosen,2023-07-09,"Gültig ab morgen bis Samstag, 15.07.2023"
Pitu Caipirinha,https://img.rewe-static.de/REWE28_2023/8276061/29039537-11_digital-image.png?impolicy=s-offers&imwidth=200&output-format=image/webp,,https://shop.rewe.de/productList?search=2832136,,"10% Vol. , je 0,33-l-Dose , (1 l = 6.03) , zzgl. 0.25 Pfand",Aktion,"1,99 €","b'Bestellung ab 18 Jahren.F\xc3\xbcr dieses Produkt gilt das Jugendschutzgesetz.ProduktbeschreibungArtikelnummer 8276061Zutaten & AllergeneAllergenhinweise: Enth\xc3\xa4lt: Keine deklarationspflichtigen Allergene enthalten.ArtikeldetailsMarke: Pit\xc3\xbaUrsprungsland: DeutschlandAlkoholgehalt: 10 % Vol.KontaktKontaktname: Pit\xc3\xba Importadora-Exportadora GmbHKontaktadresse: D-85435 ErdingF\xc3\xbcr die vorstehenden Angaben wird keine Haftung \xc3\xbcbernommen. Bitte pr\xc3\xbcfen Sie im Einzelfall die Angaben auf der jeweiligen Produktverpackung, nur diese sind verbindlich.Das Produktdesign kann von der Abbildung abweichen.'",Grenzhöfer Weg 29,Rewe,Wein & Spirituosen,2023-07-09,"Gültig ab morgen bis Samstag, 15.07.2023"
Oberkircher Collection O,https://img.rewe-static.de/REWE28_2023/0818890/21374366-5_digital-image.png?impolicy=s-offers&imwidth=200&output-format=image/webp,,https://shop.rewe.de/productList?search=2832136,,"Riesling oder Rose QbA feinherb , je 0,75-l-Fl , (1 l = 5.99)",Aktion,"4,49 €","b'Bestellung ab 18 Jahren.F\xc3\xbcr dieses Produkt gilt das Jugendschutzgesetz.ProduktbeschreibungArtikelnummer 818890W\xc3\xbcrzige Zitrus- und Kr\xc3\xa4uteraromen.\nEmpfehlung: Zur leichten K\xc3\xbcche.\nTrinktemperatur: 8 - 10\xc2\xb0C Zutaten & AllergeneZutaten: enth\xc3\xa4lt SulfiteAllergenhinweise: Enth\xc3\xa4lt: Schwefeldioxid und Sulfite.ArtikeldetailsMarke: Oberkircher WinzerEigenschaften: *Neu*Ursprungsland: DeutschlandAlkoholgehalt: 11,5 % Vol.Schmeckt zu: Vorspeisen & Salat, Gem\xc3\xbcseKontaktKontaktname: Oberkircher Winzer eGKontaktadresse: 77704 OberkirchMaximale Bestellmenge: 15 St\xc3\xbcckF\xc3\xbcr die vorstehenden Angaben wird keine Haftung \xc3\xbcbernommen. Bitte pr\xc3\xbcfen Sie im Einzelfall die Angaben auf der jeweiligen Produktverpackung, nur diese sind verbindlich.Das Produktdesign kann von der Abbildung abweichen.'",Grenzhöfer Weg 29,Rewe,Wein & Spirituosen,2023-07-09,"Gültig ab morgen bis Samstag, 15.07.2023"
14 Primitivo di Marina IGT,https://img.rewe-static.de/REWE28_2023/8725382/35802581-9_digital-image.png?impolicy=s-offers&imwidth=200&output-format=image/webp,,https://shop.rewe.de/productList?search=2832136,,"trocken , je 0,75-l-Fl , (1 l = 7.99)",Aktion,"5,99 €","b'Bestellung ab 18 Jahren.F\xc3\xbcr dieses Produkt gilt das Jugendschutzgesetz.ProduktbeschreibungArtikelnummer 8725382Rubinrote Farbe, duftet nach Waldbeeren, Kirschen und Vanille. Langer eleganter Abgang.\n\nEMPFEHLUNG: zu Rind, Lamm, Gem\xc3\xbcse und Grillen\nTRINKTEMPERATUR: 16-18\xc2\xb0C Zutaten & AllergeneZutaten: Enth\xc3\xa4lt SulfiteAllergenhinweise: Enth\xc3\xa4lt: Schwefeldioxid und Sulfite.ArtikeldetailsMarke: Contessa MarinaUrsprungsland: ItalienAlkoholgehalt: 14 % Vol.Schmeckt zu: Rind, Lamm, Gem\xc3\xbcse, GegrilltemKontaktKontaktname: Saffer Wein GmbHKontaktadresse: Martin Kollar Str. 11, 81829 M\xc3\xbcnchenMaximale Bestellmenge: 15 St\xc3\xbcckF\xc3\xbcr die vorstehenden Angaben wird keine Haftung \xc3\xbcbernommen. Bitte pr\xc3\xbcfen Sie im Einzelfall die Angaben auf der jeweiligen Produktverpackung, nur diese sind verbindlich.Das Produktdesign kann von der Abbildung abweichen.'",Grenzhöfer Weg 29,Rewe,Wein & Spirituosen,2023-07-09,"Gültig ab morgen bis Samstag, 15.07.2023"
Lindemans Bin 65 Chardonnay,https://img.rewe-static.de/REWE28_2023/1474421/10189290-23_digital-image.png?impolicy=s-offers&imwidth=200&output-format=image/webp,,https://shop.rewe.de/productList?search=2832136,,"trocken , je 0,75-l-Fl , (1 l = 6.65)",Aktion,"4,99 €","b""Bestellung ab 18 Jahren.F\xc3\xbcr dieses Produkt gilt das Jugendschutzgesetz.ProduktbeschreibungArtikelnummer 1474421Volumin\xc3\xb6ser Wei\xc3\x9fwein mit intensiven Vanillearomen, dezentem Frucht-S\xc3\xa4ure-Spiel, mit angenehmer L\xc3\xa4nge.\nTrinktemperatur: 8-10\xc2\xb0C.\n\nAlkoholgehalt: 13,5 % Vol.\n\nImporteur:\nTreasury Wine Estates\nHouse 70 London Road Twickenham Zutaten & AllergeneZutaten: Zusatzstoffe: E 220Allergenhinweise: Schwefeldioxid und Sulfite in einer Konzentration von mehr als 10 mg/kg oder 10 mg/l, als SO2 angegebenArtikeldetailsMarke: Lindeman'sUrsprungsland: AustralienSchmeckt zu: Vorspeisen & Salat, Gefl\xc3\xbcgel, Asiatischen Speisen, PastaMaximale Bestellmenge: 15 St\xc3\xbcckF\xc3\xbcr die vorstehenden Angaben wird keine Haftung \xc3\xbcbernommen. Bitte pr\xc3\xbcfen Sie im Einzelfall die Angaben auf der jeweiligen Produktverpackung, nur diese sind verbindlich.Das Produktdesign kann von der Abbildung abweichen.""",Grenzhöfer Weg 29,Rewe,Wein & Spirituosen,2023-07-09,"Gültig ab morgen bis Samstag, 15.07.2023"
Deidesheimer Riesling QbA,https://img.rewe-static.de/REWE28_2023/0018865/22279472-16_digital-image.png?impolicy=s-offers&imwidth=200&output-format=image/webp,,https://shop.rewe.de/productList?search=2832136,,"trocken , je 1-l-Fl",Aktion,"3,49 €","b'Bestellung ab 18 Jahren.F\xc3\xbcr dieses Produkt gilt das Jugendschutzgesetz.ProduktbeschreibungArtikelnummer 18865- Blassgelb mit leichtem Gr\xc3\xbcnstich.\n- Trinktemperatur: 8 - 12\xc2\xb0C. Zutaten & AllergeneZutaten: Enth\xc3\xa4lt SulfiteAllergenhinweise: Enth\xc3\xa4lt: Schwefeldioxid und Sulfite.ArtikeldetailsMarkeDie WeinmacherEigenschaften*Neu*UrsprungslandDeutschlandAlkoholgehalt12 % Vol.ServiervorschlagEin Genuss zu: Lachslasagne, Gem\xc3\xbcsegratins oder feinen Gefl\xc3\xbcgelgerichten.Schmeckt zuGefl\xc3\xbcgel, Gem\xc3\xbcseKontaktKontaktname: Die Weinmacher GmbHKontaktadresse: 67150 NiederkirchenMaximale Bestellmenge: 15 St\xc3\xbcckF\xc3\xbcr die vorstehenden Angaben wird keine Haftung \xc3\xbcbernommen. Bitte pr\xc3\xbcfen Sie im Einzelfall die Angaben auf der jeweiligen Produktverpackung, nur diese sind verbindlich.Das Produktdesign kann von der Abbildung abweichen.'",Grenzhöfer Weg 29,Rewe,Wein & Spirituosen,2023-07-09,"Gültig ab morgen bis Samstag, 15.07.2023"
Kessler Sekt,https://img.rewe-static.de/REWE28_2023/4652240/2630880-26_digital-image.png?impolicy=s-offers&imwidth=200&output-format=image/webp,,https://shop.rewe.de/productList?search=2832136,,"versch. Sorten , je 0,75-l-Fl , (1 l = 11.32)",Aktion,"8,49 €","b'Bestellung ab 18 Jahren.F\xc3\xbcr dieses Produkt gilt das Jugendschutzgesetz.ProduktbeschreibungArtikelnummer 4652240Zutaten & AllergeneZutaten: Enth\xc3\xa4lt SULFITEAllergenhinweise: Enth\xc3\xa4lt: Schwefeldioxid und Sulfite.HinweiseInformation: Der Alkoholgehalt kann aus nat\xc3\xbcrlichen und produktionstechnischen Gr\xc3\xbcnden Schwankungen zwischen Chargen unterliegen. Der angegebene Gehalt ist ein OrientierungswertArtikeldetailsUrsprungsland: DeutschlandAlkoholgehalt: 12 % Vol.Serviervorschlag: Passt zu Parmaschinken und MeloneKontaktKontaktname: Kessler Sekt GmbH & Co.KGKontaktadresse: 73728 EsslingenMaximale Bestellmenge: 15 St\xc3\xbcckF\xc3\xbcr die vorstehenden Angaben wird keine Haftung \xc3\xbcbernommen. Bitte pr\xc3\xbcfen Sie im Einzelfall die Angaben auf der jeweiligen Produktverpackung, nur diese sind verbindlich.Das Produktdesign kann von der Abbildung abweichen.'",Grenzhöfer Weg 29,Rewe,Wein & Spirituosen,2023-07-09,"Gültig ab morgen bis Samstag, 15.07.2023"
Jack Daniel's Tennessee Whiskey,https://img.rewe-static.de/REWE28_2023/4676050/3229750-32_digital-image.png?impolicy=s-offers&imwidth=200&output-format=image/webp,,https://shop.rewe.de/productList?search=2832136,,"40% Vol. oder Honey 35% Vol. , je 0,7-l-Fl , (1 l = 22.84)",Knaller,"15,99 €","b""Bestellung ab 18 Jahren.F\xc3\xbcr dieses Produkt gilt das Jugendschutzgesetz.ProduktbeschreibungArtikelnummer 4676050Tropfen f\xc3\xbcr Tropfen \xe2\x80\x93 eindeutig Jack!\nEs gibt \xc3\xbcber ein Dutzend Theorien, warum Jack Daniel seinen Whiskey \xe2\x80\x9eOld No.7\xe2\x80\x9c genannt hat. Eine davon besagt, dass er den sieben wichtigsten Frauen in seinem Leben ein Denkmal setzen wollte. Den wahren Grund kennt aber nur Jack \xe2\x80\x93 und der l\xc3\xa4sst seine Biografen weiter r\xc3\xa4tseln. \nSeit 1866 wird Old No.7 nach dem unver\xc3\xa4nderten Originalrezept von Jack Daniel hergestellt. Sein rauchigmildes Aroma hat ihn zu einem der bekanntesten Whiskey-Klassiker gemacht. \nOb pur, mit Wasser, mit Cola, mit Ginger oder im Cocktail: Jack ist aus den Bars der Welt nicht mehr wegzudenken. Wer nicht selbst mixen m\xc3\xb6chte, der bedient sich mit Jack Daniel\xe2\x80\x98s Premix Longdrinks: klassisch mit Cola oder erfrischend herb mit Ginger. Jack Daniel\xe2\x80\x98s Old No.7 \xe2\x80\x93 auch in den kleinsten \xe2\x80\x9eWhiskeyf\xc3\xa4ssern der Welt\xe2\x80\x9c immer der perfekte Genuss.... mehr anzeigenSeit 1866 wird Old No. 7 nach unver\xc3\xa4ndertem Originalrezept von Jack Daniel hergestellt. Rauchig mildes Aroma mit einem Mix aus Karamell, Vanille und Holznoten.ArtikeldetailsMarke: Jack Daniel'sUrsprungsland: Vereinigte StaatenAlkoholgehalt: 40 % Vol.KontaktKontaktname: BROWN-FORMAN DEUTSCHLAND GMBHKontaktadresse: Dammtorwall 7, 20354 Hamburg, DeutschlandMaximale Bestellmenge: 15 St\xc3\xbcckF\xc3\xbcr die vorstehenden Angaben wird keine Haftung \xc3\xbcbernommen. Bitte pr\xc3\xbcfen Sie im Einzelfall die Angaben auf der jeweiligen Produktverpackung, nur diese sind verbindlich.Das Produktdesign kann von der Abbildung abweichen.""",Grenzhöfer Weg 29,Rewe,Wein & Spirituosen,2023-07-09,"Gültig ab morgen bis Samstag, 15.07.2023"
Faber Sekt oder Light Live alkoholfrei,https://img.rewe-static.de/REWE28_2023/0315192/34673571-3_digital-image.png?impolicy=s-offers&imwidth=200&output-format=image/webp,,https://shop.rewe.de/productList?search=2832136,,"versch. Sorten , je 0,75-l-Fl , (1 l = 3.32)",Aktion,"2,49 €","b'Bestellung ab 18 Jahren.F\xc3\xbcr dieses Produkt gilt das Jugendschutzgesetz.ProduktbeschreibungArtikelnummer 315192Bring Faber in dein Leben!Zutaten & AllergeneZutaten: Enth\xc3\xa4lt SULFITEAllergenhinweise: Enth\xc3\xa4lt: Schwefeldioxid und Sulfite.HinweiseAufbewahrungs- und Verwendungshinweis: Stets k\xc3\xbchl und dunkel lagern.ArtikeldetailsMarke: FaberUrsprungsland: DeutschlandAlkoholgehalt: 11 % Vol.Packungsgr\xc3\xb6\xc3\x9fe: 0,75lKontaktKontaktname: Sektkellerei Faber GmbHKontaktadresse: Niederkircher Str. 27, 54294 Trier/DeutschlandMaximale Bestellmenge: 15 St\xc3\xbcckF\xc3\xbcr die vorstehenden Angaben wird keine Haftung \xc3\xbcbernommen. Bitte pr\xc3\xbcfen Sie im Einzelfall die Angaben auf der jeweiligen Produktverpackung, nur diese sind verbindlich.Das Produktdesign kann von der Abbildung abweichen.'",Grenzhöfer Weg 29,Rewe,Wein & Spirituosen,2023-07-09,"Gültig ab morgen bis Samstag, 15.07.2023"
Mionetto Prosecco Spumante DOC,https://img.rewe-static.de/REWE28_2023/2104631/22280027-24_digital-image.png?impolicy=s-offers&imwidth=200&output-format=image/webp,,https://shop.rewe.de/productList?search=2832136,,"versch. Sorten , je 0,75-l-Fl , (1 l = 9.32)",Aktion,"6,99 €","b""Bestellung ab 18 Jahren.F\xc3\xbcr dieses Produkt gilt das Jugendschutzgesetz.ProduktbeschreibungArtikelnummer 2104631Der Prosecco D.O.C. Treviso Brut der Prestige-Linie \xc3\xbcberrascht selbst ausgesprochene Kenner. \nDieser hochwertige Spumante interpretiert die Kategorie 'Brut' v\xc3\xb6llig neu und z\xc3\xa4hlt geschmacklich zu den modernsten seiner Klasse. \nDer Prosecco D.O.C. Treviso Brut besticht durch seine leuchtend strohgelbe Farbe, intensive Perlage, ein fruchtiges Bukett nach Golden Delicious \xc3\x84pfeln und Birnen \nsowie durch feine Aromen nach Akazienhonig. Mionetto Prosecco D.O.C. Treviso Brut zeichnet sich durch sein elegantes Design aus. Das raffiniert moderne Etikett im 27-Grad-Winkel spiegelt sich in der Halsschleife wider.\n\nAlkoholgehalt: 11% Vol.... mehr anzeigenZutaten & AllergeneZutaten:  Enth\xc3\xa4lt Sulfite Zusatzstoffe: E 220Allergenhinweise: Schwefeldioxid und Sulfite in einer Konzentration von mehr als 10 mg/kg oder 10 mg/l, als SO2 angegebenArtikeldetailsMarke: MionettoUrsprungsland: ItalienKontaktKontaktname: Mionetto SPAKontaktadresse: Valdobbiadene, ItalienMaximale Bestellmenge: 15 St\xc3\xbcckF\xc3\xbcr die vorstehenden Angaben wird keine Haftung \xc3\xbcbernommen. Bitte pr\xc3\xbcfen Sie im Einzelfall die Angaben auf der jeweiligen Produktverpackung, nur diese sind verbindlich.Das Produktdesign kann von der Abbildung abweichen.""",Grenzhöfer Weg 29,Rewe,Wein & Spirituosen,2023-07-09,"Gültig ab morgen bis Samstag, 15.07.2023"
Cellini Grappa Oro,https://img.rewe-static.de/REWE28_2023/9687947/3673940-23_digital-image.png?impolicy=s-offers&imwidth=200&output-format=image/webp,,https://shop.rewe.de/productList?search=2832136,,"38% Vol. , je 0,7-l-Fl , (1 l = 12.84)",Aktion,"8,99 €","b'Bestellung ab 18 Jahren.F\xc3\xbcr dieses Produkt gilt das Jugendschutzgesetz.ProduktbeschreibungArtikelnummer 9687947Zutaten & AllergeneAllergenhinweise: Enth\xc3\xa4lt: Keine deklarationspflichtigen Allergene enthalten.HinweiseAufbewahrungs- und Verwendungshinweis: Lagerf\xc3\xa4higkeit 2-3 Jahre, bei Zimmertemperatur servierenArtikeldetailsMarke: CelliniUrsprungsland: ItalienAlkoholgehalt: 38 % Vol.KontaktKontaktname: Rolf Herzberger GmbH & Co. KGKontaktadresse: Am Felsbrunnen 8, 66119 Saarbr\xc3\xbcckenMaximale Bestellmenge: 15 St\xc3\xbcckF\xc3\xbcr die vorstehenden Angaben wird keine Haftung \xc3\xbcbernommen. Bitte pr\xc3\xbcfen Sie im Einzelfall die Angaben auf der jeweiligen Produktverpackung, nur diese sind verbindlich.Das Produktdesign kann von der Abbildung abweichen.'",Grenzhöfer Weg 29,Rewe,Wein & Spirituosen,2023-07-09,"Gültig ab morgen bis Samstag, 15.07.2023"
La Gioiosa Prosecco Frizzante Treviso DOC,https://img.rewe-static.de/REWE28_2023/0321558/7433190-34_digital-image.png?impolicy=s-offers&imwidth=200&output-format=image/webp,,https://shop.rewe.de/productList?search=2832136,,"je 0,75-l-Fl , (1 l = 7.99)",Aktion,"5,99 €","b'Bestellung ab 18 Jahren.F\xc3\xbcr dieses Produkt gilt das Jugendschutzgesetz.ProduktbeschreibungArtikelnummer 321558Alkoholgehalt: 10 % Vol. Zutaten & AllergeneZutaten: Nicht deklariert:Perlwein, Antioxidationsmittel (Ascorbins\xc3\xa4ure, Schwefeldioxid). Zusatzstoffe: E 220Allergenhinweise: Schwefeldioxid und Sulfite in einer Konzentration von mehr als 10 mg/kg oder 10 mg/l, als SO2 angegebenN\xc3\xa4hrwerteDurchschnittliche N\xc3\xa4hrwertepro 100 mlEnergie292 kJEnergie70 kcalFett0 gFett, davon ges\xc3\xa4ttigte Fetts\xc3\xa4uren0 gKohlenhydrate2,9 gKohlenhydrate, davon Zucker1,1 gEiwei\xc3\x9f< 0,1 gSalz< 0,02 gHinweiseVerwendungshinweise: Trocken und k\xc3\xbchl lagern. Vor Licht sch\xc3\xbctzen.ArtikeldetailsMarke: La GioiosaUrsprungsland: ItalienKontaktKontaktname: La Gioiosa S.p.A.Kontaktadresse: Crocetta del Montello, 31035, ItalienMaximale Bestellmenge: 15 St\xc3\xbcckF\xc3\xbcr die vorstehenden Angaben wird keine Haftung \xc3\xbcbernommen. Bitte pr\xc3\xbcfen Sie im Einzelfall die Angaben auf der jeweiligen Produktverpackung, nur diese sind verbindlich.Das Produktdesign kann von der Abbildung abweichen.'",Grenzhöfer Weg 29,Rewe,Wein & Spirituosen,2023-07-09,"Gültig ab morgen bis Samstag, 15.07.2023"
Persil Discs Colorwaschmittel,https://img.rewe-static.de/REWE28_2023/8910199/38493870-5_digital-image.png?impolicy=s-offers&imwidth=200&output-format=image/webp,,https://shop.rewe.de/productList?search=2832136,,"je 76-WL-Btl , (1 WL = 0.26)",Knaller,"19,99 €",nan,Grenzhöfer Weg 29,Rewe,Haushalt,2023-07-09,"Gültig ab morgen bis Samstag, 15.07.2023"
Persil Vollwaschmittel Universal Pulver,https://img.rewe-static.de/REWE28_2023/8978010/38493728-8_digital-image.png?impolicy=s-offers&imwidth=200&output-format=image/webp,,https://shop.rewe.de/productList?search=2832136,,"je 90-WL-Pckg , (1 WL = 0.22)",Knaller,"19,99 €","b'Gefahren- / WarnhinweiseAchtungVerursacht schwere Augenreizung.Ist \xc3\xa4rztlicher Rat erforderlich, Verpackung oder Kennzeichnungsetikett bereithalten. Darf nicht in die H\xc3\xa4nde von Kindern gelangen. Schutzhandschuhe/Schutzkleidung/Augenschutz/Gesichtsschutz tragen. BEI KONTAKT MIT DEN AUGEN: Einige Minuten lang behutsam mit Wasser sp\xc3\xbclen. Eventuell vorhandene Kontaktlinsen nach M\xc3\xb6glichkeit entfernen. Weiter sp\xc3\xbclen. Bei anhaltender Augenreizung: \xc3\x84rztlichen Rat einholen/\xc3\xa4rztliche Hilfe hinzuziehen.ProduktbeschreibungArtikelnummer 8978010ArtikeldetailsMarke: PersilUrsprungsland: DeutschlandKontaktKontaktname: Henkel AG & Co. KGaAKontaktadresse: D-40191 D\xc3\xbcsseldorfMaximale Bestellmenge: 15 St\xc3\xbcckF\xc3\xbcr die vorstehenden Angaben wird keine Haftung \xc3\xbcbernommen. Bitte pr\xc3\xbcfen Sie im Einzelfall die Angaben auf der jeweiligen Produktverpackung, nur diese sind verbindlich.Das Produktdesign kann von der Abbildung abweichen.'",Grenzhöfer Weg 29,Rewe,Haushalt,2023-07-09,"Gültig ab morgen bis Samstag, 15.07.2023"
"Fußmatte
            3",https://img.rewe-static.de/REWE28_2023/7810637/36270545-10_digital-image.png?impolicy=s-offers&imwidth=200&output-format=image/webp,,https://shop.rewe.de/productList?search=2832136,,"ca. 60 x 80 cm 7.99 ca. 80 x 120 cm 14.99 , St",Aktion,"7,99 €",nan,Grenzhöfer Weg 29,Rewe,Haushalt,2023-07-09,"Gültig ab morgen bis Samstag, 15.07.2023"
"Vivess
            3",https://img.rewe-static.de/REWE28_2023/8879469/40276653-7_digital-image.png?impolicy=s-offers&imwidth=200&output-format=image/webp,,https://shop.rewe.de/productList?search=2832136,,"Reinigungsschwamm 2er-Pack 1.89 Badwunder 1.99 Küchenwunder 5er-Pack 2.29 Küchenschwamm 2in1 2er-Pack 2.49 , Pckg",Aktion,"1,89 €",nan,Grenzhöfer Weg 29,Rewe,Haushalt,2023-07-09,"Gültig ab morgen bis Samstag, 15.07.2023"
"ADE Körperanalysewaage »BA2007«
            3",https://img.rewe-static.de/REWE28_2023/7737186/38429245-7_digital-image.png?impolicy=s-offers&imwidth=200&output-format=image/webp,,https://shop.rewe.de/productList?search=2832136,,je St,Aktion,"8,99 €",nan,Grenzhöfer Weg 29,Rewe,Haushalt,2023-07-09,"Gültig ab morgen bis Samstag, 15.07.2023"
"Remington Shea Soft Haartrockner »D4740«
            3",https://img.rewe-static.de/REWE28_2023/8851737/38794212-7_digital-image.png?impolicy=s-offers&imwidth=200&output-format=image/webp,,https://shop.rewe.de/productList?search=2832136,,je St,Aktion,"19,99 €",nan,Grenzhöfer Weg 29,Rewe,Haushalt,2023-07-09,"Gültig ab morgen bis Samstag, 15.07.2023"
Calgon 4in1 Tabs Wasserenthärter,https://img.rewe-static.de/REWE28_2023/7649810/39136968-7_digital-image.png?impolicy=s-offers&imwidth=200&output-format=image/webp,,https://shop.rewe.de/productList?search=2832136,,"je 50-Tab-Pckg , (1 Tab = 0.17)",Aktion,"8,49 €","b'ProduktbeschreibungArtikelnummer 7649810Calgon 4in1 Power Tabs sch\xc3\xbctzen Ihre Waschmaschine von innen - schwer zug\xc3\xa4ngliche Maschinenteile, die mit Wasser in Kontakt kommen, werden so vor Kalk, Korissionen, Schmutzablagerungen und Ger\xc3\xbcchen bewahrt.ArtikeldetailsMarke: CalgonEigenschaften: *Neu*Ursprungsland: ItalienKontaktKontaktname: RB Hygiene Home Deutschland GmbHKontaktadresse: Darwinstr. 2-4 69115 HeidelbergMaximale Bestellmenge: 15 St\xc3\xbcckF\xc3\xbcr die vorstehenden Angaben wird keine Haftung \xc3\xbcbernommen. Bitte pr\xc3\xbcfen Sie im Einzelfall die Angaben auf der jeweiligen Produktverpackung, nur diese sind verbindlich.Das Produktdesign kann von der Abbildung abweichen.'",Grenzhöfer Weg 29,Rewe,Haushalt,2023-07-09,"Gültig ab morgen bis Samstag, 15.07.2023"
Weißer Riese Universal Gel Waschmittel,https://img.rewe-static.de/REWE28_2023/8914047/38802583-3_digital-image.png?impolicy=s-offers&imwidth=200&output-format=image/webp,,https://shop.rewe.de/productList?search=2832136,,"je 22-WL-Fl , (1 WL = 0.18)",Aktion,"3,99 €",nan,Grenzhöfer Weg 29,Rewe,Haushalt,2023-07-09,"Gültig ab morgen bis Samstag, 15.07.2023"
"Kärcher Akku-Fenstersauger »WV 1 Plus«
            3",https://img.rewe-static.de/REWE28_2023/8414526/38280598-6_digital-image.png?impolicy=s-offers&imwidth=200&output-format=image/webp,,https://shop.rewe.de/productList?search=2832136,,je St,Aktion,"39,99 €",nan,Grenzhöfer Weg 29,Rewe,Haushalt,2023-07-09,"Gültig ab morgen bis Samstag, 15.07.2023"
"Rund um den Haushalt
            3",https://img.rewe-static.de/REWE28_2023/8864512/40276805-6_digital-image.png?impolicy=s-offers&imwidth=200&output-format=image/webp,,https://shop.rewe.de/productList?search=2832136,,"versch. Artikel , je St./Set",Aktion,"1,00 €",nan,Grenzhöfer Weg 29,Rewe,Haushalt,2023-07-09,"Gültig ab morgen bis Samstag, 15.07.2023"
"Kärcher Zubehör
            3",https://img.rewe-static.de/REWE28_2023/1499528/35187225-7_digital-image.png?impolicy=s-offers&imwidth=200&output-format=image/webp,,https://shop.rewe.de/productList?search=2832136,,"Glasreinigerkonzentrat ca. 500 ml 6.99 (1 l = 13.98) Mikrofaserwischbezug 2er-Pack 9.99 Abziehlippe 2er-Pack 9.99 , Fl./Pckg",Aktion,"6,99 €",nan,Grenzhöfer Weg 29,Rewe,Haushalt,2023-07-09,"Gültig ab morgen bis Samstag, 15.07.2023"
"Faltbare Helfer
            3",https://img.rewe-static.de/REWE28_2023/7717803/40276895-7_digital-image.png?impolicy=s-offers&imwidth=200&output-format=image/webp,,https://shop.rewe.de/productList?search=2832136,,"Eimer ca. 10 l 3.99 ca. Ø 31,3 cm x 25 cm Geschirrspülschüssel ca. 12 l 5.99 ca. 31,3 x 30,5 x 20 cm Wäschekorb ca. 17 l 7.99 ca. 53,5 x 37,8 x 23,8 cm , St",Aktion,"3,99 €",nan,Grenzhöfer Weg 29,Rewe,Haushalt,2023-07-09,"Gültig ab morgen bis Samstag, 15.07.2023"
Toppits Zipper Allzweck-Beutel,https://img.rewe-static.de/REWE28_2023/2383024/23889433-20_digital-image.png?impolicy=s-offers&imwidth=200&output-format=image/webp,,https://shop.rewe.de/productList?search=2832136,,"1 Liter , je 12-St.-Pckg",Aktion,"1,79 €","b'ProduktbeschreibungArtikelnummer 2383024Der Zipper von Toppits ist die Allzweckl\xc3\xb6sung im Haushalt. Egal ob zum Frischhalten und Einfrieren von Lebensmitteln oder zum bequemen Transport - der Zipper ist der vielseitige K\xc3\xbcchenhelfer schlechthin. Der patentierte Zipper Rei\xc3\x9fverschluss und der praktische Standboden machen den Zipper zu etwas ganz besonderem. \nInhalt: 12 Beutel. Ma\xc3\x9fe: 20,5cm Breite / 16,2cm L\xc3\xa4nge. Die Toppits\xc2\xae Zipper\xc2\xae Beutel sind die Allrounder f\xc3\xbcr zuhause und unterwegs. Dank ihres Rei\xc3\x9fverschlusses halten sie absolut dicht und schlie\xc3\x9fen mit dem typischen ZZZiip Ger\xc3\xa4usch. Ihre hochwertige Spezialfolie ist besonders rei\xc3\x9ffest und wasserdicht. Die wiederverschlie\xc3\x9fbaren Zipper\xc2\xae  Beutel sind mehrfach und universell einsetzbar - ob zum Einfrieren und Frischhalten von Lebensmitteln oder zum sicheren und bequemen Aufbewahren, Sortieren und Transportieren kleinerer Gegenst\xc3\xa4nde aller Art und d\xc3\xbcrfen sogar in der Sp\xc3\xbclmaschine gereinigt werden.HinweiseInformation: Kein Spielzeug! Von Kindern fernhalten \xe2\x80\x93 Erstickungsgefahr!ArtikeldetailsMarke: ToppitsUrsprungsland: PolenKontaktKontaktname: Cofresco Frischhalteprodukte GmbH & Co. KGKontaktadresse: Ringstrasse 99, 32427 MindenMaximale Bestellmenge: 15 St\xc3\xbcckF\xc3\xbcr die vorstehenden Angaben wird keine Haftung \xc3\xbcbernommen. Bitte pr\xc3\xbcfen Sie im Einzelfall die Angaben auf der jeweiligen Produktverpackung, nur diese sind verbindlich.Das Produktdesign kann von der Abbildung abweichen.'",Grenzhöfer Weg 29,Rewe,Haushalt,2023-07-09,"Gültig ab morgen bis Samstag, 15.07.2023"
Toppits Zipper Allzweck-Beutel,https://img.rewe-static.de/REWE28_2023/2383028/23889292-18_digital-image.png?impolicy=s-offers&imwidth=200&output-format=image/webp,,https://shop.rewe.de/productList?search=2832136,,"3 Liter , je 8-St.-Pckg",Aktion,"1,79 €","b'ProduktbeschreibungArtikelnummer 2383028Der Zipper von Toppits ist die Allzweckl\xc3\xb6sung im Haushalt. Egal ob zum Frischhalten und Einfrieren von Lebensmitteln oder zum bequemen Transport - der Zipper ist der vielseitige K\xc3\xbcchenhelfer schlechthin. Der patentierte Zipper Rei\xc3\x9fverschluss und der praktische Standboden machen den Zipper zu etwas ganz besonderem. \n\nInhalt: 8 Beutel. Ma\xc3\x9fe: 25,4cm L\xc3\xa4nge / 27cm Breite. Die Toppits\xc2\xae Zipper\xc2\xae Beutel sind die Allrounder f\xc3\xbcr zuhause und unterwegs. Dank ihres Rei\xc3\x9fverschlusses halten sie absolut dicht und schlie\xc3\x9fen mit dem typischen ZZZiip Ger\xc3\xa4usch. Ihre hochwertige Spezialfolie ist besonders rei\xc3\x9ffest und wasserdicht. Die wiederverschlie\xc3\x9fbaren Zipper\xc2\xae  Beutel sind mehrfach und universell einsetzbar - ob zum Einfrieren und Frischhalten von Lebensmitteln oder zum sicheren und bequemen Aufbewahren, Sortieren und Transportieren kleinerer Gegenst\xc3\xa4nde aller Art und d\xc3\xbcrfen sogar in der Sp\xc3\xbclmaschine gereinigt werden.HinweiseInformation: Kein Spielzeug! Von Kindern fernhalten - ErstickungsgefahrArtikeldetailsMarke: ToppitsUrsprungsland: PolenKontaktKontaktname: Cofresco Frischhalteprodukte GmbH & Co. KGKontaktadresse: Ringstrasse 99, 32427 MindenMaximale Bestellmenge: 15 St\xc3\xbcckF\xc3\xbcr die vorstehenden Angaben wird keine Haftung \xc3\xbcbernommen. Bitte pr\xc3\xbcfen Sie im Einzelfall die Angaben auf der jeweiligen Produktverpackung, nur diese sind verbindlich.Das Produktdesign kann von der Abbildung abweichen.'",Grenzhöfer Weg 29,Rewe,Haushalt,2023-07-09,"Gültig ab morgen bis Samstag, 15.07.2023"
Somat Classic Geschirrreinigertabs,https://img.rewe-static.de/REWE28_2023/8867064/38620868-4_digital-image.png?impolicy=s-offers&imwidth=200&output-format=image/webp,,https://shop.rewe.de/productList?search=2832136,,"je 36-Tab-Pckg , (1 Tab = 0.12)",Aktion,"4,49 €","b'Gefahren- / WarnhinweiseAchtungVerursacht schwere Augenreizung. Ist \xc3\xa4rztlicher Rat erforderlich, Verpackung oder Kennzeichnungsetikett bereithalten. Darf nicht in die H\xc3\xa4nde von Kindern gelangen. Schutzhandschuhe/Schutzkleidung/Augenschutz/Gesichtsschutz tragen. BEI KONTAKT MIT DEN AUGEN: Einige Minuten lang behutsam mit Wasser sp\xc3\xbclen. Eventuell vorhandene Kontaktlinsen nach M\xc3\xb6glichkeit entfernen. Weiter sp\xc3\xbclen. Bei anhaltender Augenreizung: \xc3\x84rztlichen Rat einholen/\xc3\xa4rztliche Hilfe hinzuziehen. ProduktbeschreibungArtikelnummer 8867064ArtikeldetailsMarke: SomatUrsprungsland: DeutschlandKontaktKontaktname: Henkel Wasch- und Reinigungsmittel GmbHKontaktadresse: D-40191 D\xc3\xbcsseldorfMaximale Bestellmenge: 15 St\xc3\xbcckF\xc3\xbcr die vorstehenden Angaben wird keine Haftung \xc3\xbcbernommen. Bitte pr\xc3\xbcfen Sie im Einzelfall die Angaben auf der jeweiligen Produktverpackung, nur diese sind verbindlich.Das Produktdesign kann von der Abbildung abweichen.'",Grenzhöfer Weg 29,Rewe,Haushalt,2023-07-09,"Gültig ab morgen bis Samstag, 15.07.2023"
Somat Allin1 Geschirrreingertabs,https://img.rewe-static.de/REWE28_2023/8866769/38621807-5_digital-image.png?impolicy=s-offers&imwidth=200&output-format=image/webp,,https://shop.rewe.de/productList?search=2832136,,"je 25-Tab-Pckg , (1 Tab = 0.18)",Aktion,"4,49 €","b'Gefahren- / WarnhinweiseAchtungVerursacht schwere Augenreizung. Ist \xc3\xa4rztlicher Rat erforderlich, Verpackung oder Kennzeichnungsetikett bereithalten. Darf nicht in die H\xc3\xa4nde von Kindern gelangen. Schutzhandschuhe/Schutzkleidung/Augenschutz/Gesichtsschutz tragen. BEI KONTAKT MIT DEN AUGEN: Einige Minuten lang behutsam mit Wasser sp\xc3\xbclen. Eventuell vorhandene Kontaktlinsen nach M\xc3\xb6glichkeit entfernen. Weiter sp\xc3\xbclen. Bei anhaltender Augenreizung: \xc3\x84rztlichen Rat einholen/\xc3\xa4rztliche Hilfe hinzuziehen. ProduktbeschreibungArtikelnummer 8866769ArtikeldetailsMarke: SomatUrsprungsland: DeutschlandKontaktKontaktname: Henkel Wasch- und Reinigungsmittel GmbHKontaktadresse: D-40191 D\xc3\xbcsseldorfMaximale Bestellmenge: 15 St\xc3\xbcckF\xc3\xbcr die vorstehenden Angaben wird keine Haftung \xc3\xbcbernommen. Bitte pr\xc3\xbcfen Sie im Einzelfall die Angaben auf der jeweiligen Produktverpackung, nur diese sind verbindlich.Das Produktdesign kann von der Abbildung abweichen.'",Grenzhöfer Weg 29,Rewe,Haushalt,2023-07-09,"Gültig ab morgen bis Samstag, 15.07.2023"
Der General Allzweckreiniger,https://img.rewe-static.de/REWE28_2023/2440649/32569301-7_digital-image.png?impolicy=s-offers&imwidth=200&output-format=image/webp,,https://shop.rewe.de/productList?search=2832136,,"Bergfrühling , je 750-ml-Fl , (1 l = 2.12)",Aktion,"1,59 €","b'Gefahren- / WarnhinweiseEnth\xc3\xa4lt POLYETHERPOLYPHOSPHAT. Kann allergische Reaktionen\r\nhervorrufen.ProduktbeschreibungArtikelnummer 2440649\xe2\x80\xa2Repair und Refresh Effekt \xe2\x80\x93 DER GENERAL f\xc3\xbcllt wirksam kleinste Kratzer und Besch\xc3\xa4digungen auf und sorgt f\xc3\xbcr langanhaltenden Glanz und Frische auf den behandelten Oberfl\xc3\xa4chen \n \n\xe2\x80\xa2Ideale Reinigung \xe2\x80\x93 DER GENERAL Universalreiniger beseitigt hartn\xc3\xa4ckigen Schmutz und Fett wie bew\xc3\xa4hrt leicht und gr\xc3\xbcndlich \n \n\xe2\x80\xa2Langanhaltende Frische - Der typisch frische Duft des Bergfr\xc3\xbchlings sorgt f\xc3\xbcr ein langanhaltendes Dufterlebnis, auch noch lange nach dem Putzen \n \n\xe2\x80\xa2Schnelle Trocknung und Strahlender Glanz \xe2\x80\x93 DER GENERAL Universalreiniger trocknet schnell und sorgt f\xc3\xbcr ein streifenfreies Ergebnis ohne R\xc3\xbcckst\xc3\xa4nde, damit kein Nachwischen erforderlich ist. \n \n \nDER GENERAL Universalreiniger Bergfr\xc3\xbchling beseitigt sowohl hartn\xc3\xa4ckigen Schmutz als auch Fett bew\xc3\xa4hrt leicht und gr\xc3\xbcndlich und sorgt f\xc3\xbcr strahlenden Glanz auf allen Oberfl\xc3\xa4chen. Gl\xc3\xa4nzendes Ergebnis auf allen feucht abwischbaren Oberfl\xc3\xa4chen schon nach dem ersten Wisch.Der typisch frische Fr\xc3\xbchlingsduft wie in den Bergen bereitet ein lang anhaltendes Dufterlebnis noch lange nach dem Putzen.... mehr anzeigenArtikeldetailsMarke: Der GeneralUrsprungsland: DeutschlandKontaktKontaktname: Henkel Wasch- und Reinigungsmittel GmbHKontaktadresse: D-40191 D\xc3\xbcsseldorfMaximale Bestellmenge: 15 St\xc3\xbcckF\xc3\xbcr die vorstehenden Angaben wird keine Haftung \xc3\xbcbernommen. Bitte pr\xc3\xbcfen Sie im Einzelfall die Angaben auf der jeweiligen Produktverpackung, nur diese sind verbindlich.Das Produktdesign kann von der Abbildung abweichen.'",Grenzhöfer Weg 29,Rewe,Haushalt,2023-07-09,"Gültig ab morgen bis Samstag, 15.07.2023"
Perwoll Renew Schwarz Waschmittel,https://img.rewe-static.de/REWE28_2023/7725449/38485168-5_digital-image.png?impolicy=s-offers&imwidth=200&output-format=image/webp,,https://shop.rewe.de/productList?search=2832136,,"je 25-WL-Fl , (1 WL = 0.17)",Aktion,"4,29 €","b'Gefahren- / WarnhinweiseAchtungVerursacht schwere Augenreizung. Kann allergische Hautreaktionen verursachen. Ist \xc3\xa4rztlicher Rat erforderlich, Verpackung oder Kennzeichnungsetikett bereithalten. Darf nicht in die H\xc3\xa4nde von Kindern gelangen. Schutzhandschuhe/Schutzkleidung/Augenschutz/Gesichtsschutz tragen. BEI BER\xc3\x9cHRUNG MIT DER HAUT: Mit viel Wasser waschen. BEI KONTAKT MIT DEN AUGEN: Einige Minuten lang behutsam mit Wasser sp\xc3\xbclen. Eventuell vorhandene Kontaktlinsen nach M\xc3\xb6glichkeit entfernen. Weiter sp\xc3\xbclen. Bei anhaltender Augenreizung: \xc3\x84rztlichen Rat einholen/\xc3\xa4rztliche Hilfe hinzuziehen. Inhalt/Beh\xc3\xa4lter gem\xc3\xa4\xc3\x9f nationalen Vorschriften der Entsorgung zuf\xc3\xbchren.ProduktbeschreibungArtikelnummer 7725449ArtikeldetailsMarke: PerwollUrsprungsland: DeutschlandKontaktKontaktname: Henkel Wasch- und Reinigungsmittel GmbHKontaktadresse: D-40191 D\xc3\xbcsseldorfMaximale Bestellmenge: 15 St\xc3\xbcckF\xc3\xbcr die vorstehenden Angaben wird keine Haftung \xc3\xbcbernommen. Bitte pr\xc3\xbcfen Sie im Einzelfall die Angaben auf der jeweiligen Produktverpackung, nur diese sind verbindlich.Das Produktdesign kann von der Abbildung abweichen.'",Grenzhöfer Weg 29,Rewe,Haushalt,2023-07-09,"Gültig ab morgen bis Samstag, 15.07.2023"
Spee Power Caps Colorwaschmittel,https://img.rewe-static.de/REWE28_2023/8904688/38802581-5_digital-image.png?impolicy=s-offers&imwidth=200&output-format=image/webp,,https://shop.rewe.de/productList?search=2832136,,"je 18-WL-Pckg , (1 WL = 0.22)",Aktion,"3,99 €","b'Gefahren- / WarnhinweiseAchtungVerursacht Hautreizungen. Verursacht schwere Augenreizung. Sch\xc3\xa4dlich f\xc3\xbcr Wasserorganismen, mit langfristiger Wirkung. Enth\xc3\xa4lt Subtilisin. Kann allergische Reaktionen hervorrufen. Ist \xc3\xa4rztlicher Rat erforderlich, Verpackung oder Kennzeichnungsetikett bereithalten. Darf nicht in die H\xc3\xa4nde von Kindern gelangen. BEI BER\xc3\x9cHRUNG MIT DER HAUT: Mit viel Wasser waschen. BEI KONTAKT MIT DEN AUGEN: Einige Minuten lang behutsam mit Wasser sp\xc3\xbclen. Eventuell vorhandene Kontaktlinsen nach M\xc3\xb6glichkeit entfernen. Weiter sp\xc3\xbclen. Bei anhaltender Augenreizung: \xc3\x84rztlichen Rat einholen/\xc3\xa4rztliche Hilfe hinzuziehen. BEI VERSCHLUCKEN: Mund aussp\xc3\xbclen. KEIN Erbrechen herbeif\xc3\xbchren. Sofort GIFTINFORMATIONSZENTRUM/Arzt anrufen. Inhalt/Beh\xc3\xa4lter gem\xc3\xa4\xc3\x9f nationalen Vorschriften der Entsorgung zuf\xc3\xbchren.ProduktbeschreibungArtikelnummer 8904688ArtikeldetailsMarke: SpeeUrsprungsland: UngarnKontaktKontaktname: Henkel AG & Co. KGaAKontaktadresse: D-40191 D\xc3\xbcsseldorfMaximale Bestellmenge: 15 St\xc3\xbcckF\xc3\xbcr die vorstehenden Angaben wird keine Haftung \xc3\xbcbernommen. Bitte pr\xc3\xbcfen Sie im Einzelfall die Angaben auf der jeweiligen Produktverpackung, nur diese sind verbindlich.Das Produktdesign kann von der Abbildung abweichen.'",Grenzhöfer Weg 29,Rewe,Haushalt,2023-07-09,"Gültig ab morgen bis Samstag, 15.07.2023"
Love Nature Colorwaschmittel flüssig,https://img.rewe-static.de/REWE28_2023/7778383/36786099-8_digital-image.png?impolicy=s-offers&imwidth=200&output-format=image/webp,,https://shop.rewe.de/productList?search=2832136,,"je 20-WL-Fl , (1 WL = 0.21)",Aktion,"4,29 €","b'Gefahren- / WarnhinweiseGefahrVerursacht Hautreizungen. Verursacht schwere Augensch\xc3\xa4den. Ist \xc3\xa4rztlicher Rat erforderlich, Verpackung oder Kennzeichnungsetikett bereithalten. Darf nicht in die H\xc3\xa4nde von Kindern gelangen. Schutzhandschuhe/Schutzkleidung/Augenschutz/Gesichtsschutz tragen. BEI BER\xc3\x9cHRUNG MIT DER HAUT: Mit viel Wasser waschen. BEI KONTAKT MIT DEN AUGEN: Einige Minuten lang behutsam mit Wasser sp\xc3\xbclen. Eventuell vorhandene Kontaktlinsen nach M\xc3\xb6glichkeit entfernen. Weiter sp\xc3\xbclen. Sofort GIFTINFORMATIONSZENTRUM oder Arzt anrufen. ProduktbeschreibungArtikelnummer 7778383Inhaltsstoffe: 5-15%: anionische Tenside, nichtionische Tenside, Seife. Weitere Inhaltsstoffe: Duftstoffe, Konservierungsmittel (Benzisothiazolinone, Phenoxyethanol), Enzyme (Amylase, Subtilisin, Lipase, Cellulase, Mannanase). ArtikeldetailsMarke: Love NatureUrsprungsland: DeutschlandKontaktKontaktname: Love Nature GmbHKontaktadresse: Niederheider Stra\xc3\x9fe 22. 40589 D\xc3\xbcsseldorfMaximale Bestellmenge: 15 St\xc3\xbcckF\xc3\xbcr die vorstehenden Angaben wird keine Haftung \xc3\xbcbernommen. Bitte pr\xc3\xbcfen Sie im Einzelfall die Angaben auf der jeweiligen Produktverpackung, nur diese sind verbindlich.Das Produktdesign kann von der Abbildung abweichen.'",Grenzhöfer Weg 29,Rewe,Haushalt,2023-07-09,"Gültig ab morgen bis Samstag, 15.07.2023"
Perwoll Renew Wolle & Feines Waschmittel,https://img.rewe-static.de/REWE28_2023/8867091/38485180-5_digital-image.png?impolicy=s-offers&imwidth=200&output-format=image/webp,,https://shop.rewe.de/productList?search=2832136,,"je 21-WL-Fl , (1 WL = 0.20)",Aktion,"4,29 €","b'Gefahren- / WarnhinweiseAchtungVerursacht schwere Augenreizung. Kann allergische Hautreaktionen verursachen.  Ist \xc3\xa4rztlicher Rat erforderlich, Verpackung oder Kennzeichnungsetikett bereithalten. Darf nicht in die H\xc3\xa4nde von Kindern gelangen. Schutzhandschuhe/Schutzkleidung/Augenschutz/Gesichtsschutz tragen. BEI BER\xc3\x9cHRUNG MIT DER HAUT: Mit viel Wasser waschen. BEI KONTAKT MIT DEN AUGEN: Einige Minuten lang behutsam mit Wasser sp\xc3\xbclen. Eventuell vorhandene Kontaktlinsen nach M\xc3\xb6glichkeit entfernen. Weiter sp\xc3\xbclen. Bei anhaltender Augenreizung: \xc3\x84rztlichen Rat einholen/\xc3\xa4rztliche Hilfe hinzuziehen. Inhalt/Beh\xc3\xa4lter gem\xc3\xa4\xc3\x9f nationalen Vorschriften der Entsorgung zuf\xc3\xbchren.ProduktbeschreibungArtikelnummer 8867091ArtikeldetailsMarke: PerwollUrsprungsland: DeutschlandKontaktKontaktname: Henkel Wasch- und Reinigungsmittel GmbHKontaktadresse: D-40191 D\xc3\xbcsseldorfMaximale Bestellmenge: 15 St\xc3\xbcckF\xc3\xbcr die vorstehenden Angaben wird keine Haftung \xc3\xbcbernommen. Bitte pr\xc3\xbcfen Sie im Einzelfall die Angaben auf der jeweiligen Produktverpackung, nur diese sind verbindlich.Das Produktdesign kann von der Abbildung abweichen.'",Grenzhöfer Weg 29,Rewe,Haushalt,2023-07-09,"Gültig ab morgen bis Samstag, 15.07.2023"
Pril Geschirrspülmittel,https://img.rewe-static.de/REWE28_2023/7984180/32682384-2_digital-image.png?impolicy=s-offers&imwidth=200&output-format=image/webp,,https://shop.rewe.de/productList?search=2832136,,"Original , je 675-ml-Fl , (1 l = 2.21)",Aktion,"1,49 €","b'Gefahren- / WarnhinweiseAchtungKann allergische Hautreaktionen verursachen. Verursacht schwere Augenreizung. Sch\xc3\xa4dlich f\xc3\xbcr Wasserorganismen, mit langfristiger Wirkung.Ist \xc3\xa4rztlicher Rat erforderlich, Verpackung oder Kennzeichnungsetikett bereithalten. Darf nicht in die H\xc3\xa4nde von Kindern gelangen. BEI KONTAKT MIT DEN AUGEN: Einige Minuten lang behutsam mit Wasser sp\xc3\xbclen. Eventuell vorhandene Kontaktlinsen nach M\xc3\xb6glichkeit entfernen. Weiter sp\xc3\xbclen. Bei anhaltender Augenreizung: \xc3\x84rztlichen Rat einholen/\xc3\xa4rztliche Hilfe hinzuziehen. Inhalt/Beh\xc3\xa4lter gem\xc3\xa4\xc3\x9f nationalen Vorschriften der Entsorgung zuf\xc3\xbchren.ProduktbeschreibungArtikelnummer 7984180Inhaltsstoffe: 5-15%: anionische Tenside, <5%: nichtionische Tenside. Weitere Inhaltsstoffe: Konservierungsmittel (Methylisothiazolinone, Benzisothiazolinone), Duftstoffe (Limonene), Enzyme. ArtikeldetailsMarke: PrilUrsprungsland: DeutschlandKontaktKontaktname: Henkel Wasch- und Reinigungsmittel GmbHKontaktadresse: D-40191 D\xc3\xbcsseldorfMaximale Bestellmenge: 15 St\xc3\xbcckF\xc3\xbcr die vorstehenden Angaben wird keine Haftung \xc3\xbcbernommen. Bitte pr\xc3\xbcfen Sie im Einzelfall die Angaben auf der jeweiligen Produktverpackung, nur diese sind verbindlich.Das Produktdesign kann von der Abbildung abweichen.'",Grenzhöfer Weg 29,Rewe,Haushalt,2023-07-09,"Gültig ab morgen bis Samstag, 15.07.2023"
WC Frisch Kraft-Aktiv,https://img.rewe-static.de/REWE28_2023/8033644/30582431-9_digital-image.png?impolicy=s-offers&imwidth=200&output-format=image/webp,,https://shop.rewe.de/productList?search=2832136,,"versch. Sorten , je 50-g-Pckg , (1 kg = 33.80)",Aktion,"1,69 €","b'Gefahren- / WarnhinweiseAchtungVerursacht schwere Augenreizung. Verursacht Hautreizungen. Enth\xc3\xa4lt Cineol. Kann allergische Reaktionen hervorrufen. Ist \xc3\xa4rztlicher Rat erforderlich, Verpackung oder Kennzeichnungsetikett bereithalten. Darf nicht in die H\xc3\xa4nde von Kindern gelangen. Schutzhandschuhe/Schutzkleidung/Augenschutz/Gesichtsschutz tragen. BEI BER\xc3\x9cHRUNG MIT DER MAUT: Mit viel Wasser waschen. BEI KONTAKT MIT DEN AUGEN: Einige Minuten lang behutsam mit Wasser sp\xc3\xbclen. Eventuell vorhandene Kontaktlinsen nach M\xc3\xb6glichkeit entfernen. Weiter sp\xc3\xbclen. Bei anhaltender Augenreizung: \xc3\x84rztlichen Rat einholen/\xc3\xa4rztliche Hilfe hinzuziehen. Inhalt/Beh\xc3\xa4lter gem\xc3\xa4\xc3\x9f nationalen Vorschriften der Entsorgung zuf\xc3\xbchren.ProduktbeschreibungArtikelnummer 8033644ArtikeldetailsMarke: WC FrischUrsprungsland: DeutschlandKontaktKontaktname: Henkel Wasch- und Reinigungsmittel GmbHKontaktadresse: D-40191 D\xc3\xbcsseldorfMaximale Bestellmenge: 15 St\xc3\xbcckF\xc3\xbcr die vorstehenden Angaben wird keine Haftung \xc3\xbcbernommen. Bitte pr\xc3\xbcfen Sie im Einzelfall die Angaben auf der jeweiligen Produktverpackung, nur diese sind verbindlich.Das Produktdesign kann von der Abbildung abweichen.'",Grenzhöfer Weg 29,Rewe,Haushalt,2023-07-09,"Gültig ab morgen bis Samstag, 15.07.2023"
Pril Geschirrspülmittel,https://img.rewe-static.de/REWE28_2023/8430871/30955216-20_digital-image.png?impolicy=s-offers&imwidth=200&output-format=image/webp,,https://shop.rewe.de/productList?search=2832136,,"Sensitive Aloe Vera , je 450-ml-Fl , (1 l = 3.31)",Aktion,"1,49 €","b'Gefahren- / WarnhinweiseAchtungVerursacht schwere Augenreizung.Ist \xc3\xa4rztlicher Rat erforderlich, Verpackung oder Kennzeichnungsetikett bereithalten. Darf nicht in die H\xc3\xa4nde von Kindern gelangen. BEI KONTAKT MIT DEN AUGEN: Einige Minuten lang behutsam mit Wasser sp\xc3\xbclen. Eventuell vorhandene Kontaktlinsen nach M\xc3\xb6glichkeit entfernen. Weiter sp\xc3\xbclen. Bei anhaltender Augenreizung: \xc3\x84rztlichen Rat einholen/\xc3\xa4rztliche Hilfe hinzuziehenProduktbeschreibungArtikelnummer 8430871Inhaltsstoffe: 5-15%: anionische Tenside, <5%: amphotere Tenside. Weitere Inhaltsstoffe: Konservierungsmittel (Benzisothiazolinone, Phenoxyethanol), Duftstoffe. ArtikeldetailsMarke: PrilUrsprungsland: DeutschlandKontaktKontaktname: Henkel Wasch- und Reinigungsmittel GmbHKontaktadresse: D-40191 D\xc3\xbcsseldorfMaximale Bestellmenge: 15 St\xc3\xbcckF\xc3\xbcr die vorstehenden Angaben wird keine Haftung \xc3\xbcbernommen. Bitte pr\xc3\xbcfen Sie im Einzelfall die Angaben auf der jeweiligen Produktverpackung, nur diese sind verbindlich.Das Produktdesign kann von der Abbildung abweichen.'",Grenzhöfer Weg 29,Rewe,Haushalt,2023-07-09,"Gültig ab morgen bis Samstag, 15.07.2023"
Sil Fleckenspray,https://img.rewe-static.de/REWE28_2023/8522595/32524924-7_digital-image.png?impolicy=s-offers&imwidth=200&output-format=image/webp,,https://shop.rewe.de/productList?search=2832136,,"je 500-ml-Fl , (1 l = 5.18)",Aktion,"2,59 €","b'Gefahren- / WarnhinweiseGefahrVerursacht schwere Augensch\xc3\xa4den.Ist \xc3\xa4rztlicher Rat erforderlich, Verpackung oder Kennzeichnungsetikett bereithalten. Darf nicht in die H\xc3\xa4nde von Kindern gelangen. Schutzhandschuhe/Schutzkleidung/Augenschutz/Gesichtsschutz tragen. Nur im Freien oder in gut bel\xc3\xbcfteten R\xc3\xa4umen verwenden. Einatmen von Staub/Rauch/Gas/Nebel/Dampf/Aerosol vermeiden. BEI KONTAKT MIT DEN AUGEN: Einige Minuten lang behutsam mit Wasser sp\xc3\xbclen. Eventuell vorhandene Kontaktlinsen nach M\xc3\xb6glichkeit entfernen. Weiter sp\xc3\xbclen. Sofort GIFTINFORMATIONSZENTRUM/Arzt anrufen. ProduktbeschreibungArtikelnummer 8522595Inhaltsstoffe: 5-15%: anionische Tenside, <5%: nichtionische Tenside.\nWeitere Inhaltsstoffe: Duftstoffe. ArtikeldetailsMarke: SilUrsprungsland: DeutschlandKontaktKontaktname: Henkel Wasch- und Reinigungsmittel GmbHKontaktadresse: D-40191 D\xc3\xbcsseldorfMaximale Bestellmenge: 15 St\xc3\xbcckF\xc3\xbcr die vorstehenden Angaben wird keine Haftung \xc3\xbcbernommen. Bitte pr\xc3\xbcfen Sie im Einzelfall die Angaben auf der jeweiligen Produktverpackung, nur diese sind verbindlich.Das Produktdesign kann von der Abbildung abweichen.'",Grenzhöfer Weg 29,Rewe,Haushalt,2023-07-09,"Gültig ab morgen bis Samstag, 15.07.2023"
"Reinigungszubehör
            3",https://img.rewe-static.de/REWE28_2023/7716789/40276765-5_digital-image.png?impolicy=s-offers&imwidth=200&output-format=image/webp,,https://shop.rewe.de/productList?search=2832136,,"aus Bambus Bürste 1.99 Kehrgarnitur 3.99 , St./Set",Tiefpreis,"1,99 €",nan,Grenzhöfer Weg 29,Rewe,Haushalt,2023-07-09,"Gültig ab morgen bis Samstag, 15.07.2023"
Palmolive Flüssigseife,https://img.rewe-static.de/REWE28_2023/1227889/27384433-26_digital-image.png?impolicy=s-offers&imwidth=200&output-format=image/webp,,https://shop.rewe.de/productList?search=2832136,,"versch. Sorten , je 300-ml-Spender , (1 l = 3.30)",Aktion,"0,99 €","b'ProduktbeschreibungArtikelnummer 1227889Palmolive Hygiene-Plus Sensitive Fl\xc3\xbcssigseife enth\xc3\xa4lt Aloe-Vera-Extrakt und einen nat\xc3\xbcrlichen, antibakteriellen Wirkstoff. Die milde Formel, auch f\xc3\xbcr sensible Haut geeignet, reinigt Ihre H\xc3\xa4nde sanft und hygienisch. Hautvertr\xc3\xa4glichkeit dermatologisch getestet. ArtikeldetailsMarke: PalmoliveUrsprungsland: FrankreichKontaktKontaktname: Colgate Palmolive GABA GmbHKontaktadresse: Beim Strohhause 17 Hamburg 20097Maximale Bestellmenge: 15 St\xc3\xbcckF\xc3\xbcr die vorstehenden Angaben wird keine Haftung \xc3\xbcbernommen. Bitte pr\xc3\xbcfen Sie im Einzelfall die Angaben auf der jeweiligen Produktverpackung, nur diese sind verbindlich.Das Produktdesign kann von der Abbildung abweichen.'",Grenzhöfer Weg 29,Rewe,Drogerie,2023-07-09,"Gültig ab morgen bis Samstag, 15.07.2023"
Elvital Spülung,https://img.rewe-static.de/REWE28_2023/3233160/26208077-16_digital-image.png?impolicy=s-offers&imwidth=200&output-format=image/webp,,https://shop.rewe.de/productList?search=2832136,,"Color , je 250-ml-Fl , (1 l = 11.96)",Aktion,"2,99 €","b""Gefahren- / WarnhinweiseBei Kontakt mit den Augen diese gr\xc3\xbcndlich aussp\xc3\xbclen.ProduktbeschreibungArtikelnummer 3233160Die Sp\xc3\xbclung ist die ideale Erg\xc3\xa4nzung zum Color-Glanz Shampoo von Elvital. Die Haarfarbe wird gesch\xc3\xbctzt und ihr wird zu l\xc3\xa4ngerer Leuchtkraft verholfen. F\xc3\xbcr mehr Farbintensit\xc3\xa4t und Farbtreue bis zu zehn Wochen.Inhaltsstoffe1217072 B - INGREDIENTS:  AQUA / WATER \xe2\x80\xa2 CETEARYL ALCOHOL \xe2\x80\xa2 BEHENTRIMONIUM CHLORIDE \xe2\x80\xa2 CETYL ESTERS \xe2\x80\xa2 COCOS NUCIFERA OIL / COCONUT OIL \xe2\x80\xa2 SODIUM BENZOATE \xe2\x80\xa2 PHENOXYETHANOL \xe2\x80\xa2 PAEONIA OFFICINALIS FLOWER EXTRACT \xe2\x80\xa2 ETHYLHEXYL SALICYLATE \xe2\x80\xa2 TRIDECETH-6 \xe2\x80\xa2 CHLORHEXIDINE DIGLUCONATE \xe2\x80\xa2 BENZYL ALCOHOL \xe2\x80\xa2 BENZYL SALICYLATE \xe2\x80\xa2 LINALOOL \xe2\x80\xa2 AMODIMETHICONE \xe2\x80\xa2 ISOPROPYL ALCOHOL \xe2\x80\xa2 ALPHA-ISOMETHYL IONONE \xe2\x80\xa2 GERANIOL \xe2\x80\xa2 CITRIC ACID \xe2\x80\xa2 POTASSIUM HYDROXIDE \xe2\x80\xa2 CITRONELLOL \xe2\x80\xa2 CETRIMONIUM CHLORIDE \xe2\x80\xa2 POTASSIUM SORBATE \xe2\x80\xa2 HEXYL CINNAMAL \xe2\x80\xa2 GLYCERIN \xe2\x80\xa2 PARFUM / FRAGRANCE (F.I.L. C259456/1).HinweiseInformation: Bei Kontakt mit den Augen diese gr\xc3\xbcndlich aussp\xc3\xbclen.ArtikeldetailsMarke: L'Or\xc3\xa9al ParisUrsprungsland: Elfenbeink\xc3\xbcsteSorte: Color GlanzLaufzeit nach \xc3\x96ffnen: 12 MonateKontaktKontaktname: L'Or\xc3\xa9al Deutschland GmbHKontaktadresse: TSA 75000 93684 ST OUEN CEDEX FRMaximale Bestellmenge: 15 St\xc3\xbcckF\xc3\xbcr die vorstehenden Angaben wird keine Haftung \xc3\xbcbernommen. Bitte pr\xc3\xbcfen Sie im Einzelfall die Angaben auf der jeweiligen Produktverpackung, nur diese sind verbindlich.Das Produktdesign kann von der Abbildung abweichen.""",Grenzhöfer Weg 29,Rewe,Drogerie,2023-07-09,"Gültig ab morgen bis Samstag, 15.07.2023"
Elvital Shampoo,https://img.rewe-static.de/REWE28_2023/2789935/25113040-23_digital-image.png?impolicy=s-offers&imwidth=200&output-format=image/webp,,https://shop.rewe.de/productList?search=2832136,,"Color , je 300-ml-Fl , (1 l = 9.97)",Aktion,"2,99 €","b""Gefahren- / WarnhinweiseBei Kontakt mit den Augen diese gr\xc3\xbcndlich aussp\xc3\xbclen.ProduktbeschreibungArtikelnummer 2789935L'Or\xc3\xa9al Paris Elvital Color-Glanz Pflege-Shampoo pflegt coloriertes Haar und erh\xc3\xa4lt die Leuchtkraft der Farbe. Coloriertes, get\xc3\xb6ntes oder gestr\xc3\xa4hntes\xc2\xa0 Haar ist besonders sensibel gegen\xc3\xbcber \xc3\xa4u\xc3\x9feren Einfl\xc3\xbcssen. So f\xc3\xbchren z. B. regelm\xc3\xa4\xc3\x9figes Haare-Waschen oder UV-Strahlen dazu, dass die Farbe verblasst, sich ver\xc3\xa4ndert und schnell an Leuchtkraft und Farbintensit\xc3\xa4t verliert. Das L'Oreal Paris Elvital Color-Glanz Pflege-Shampoo sch\xc3\xbctzt die Sch\xc3\xb6nheit der Haarfarbe mit einer besonderen 3-fach-Wirkung: Intensiver Farbschutz\nSchutz vor UV-bedingtem Ausbleichen\nVerl\xc3\xa4ngerte LeuchtkraftInhaltsstoffe1199588 C - INGREDIENTS:  AQUA / WATER \xe2\x80\xa2 SODIUM LAURETH SULFATE \xe2\x80\xa2 DIMETHICONE \xe2\x80\xa2 COCO-BETAINE \xe2\x80\xa2 SODIUM CHLORIDE \xe2\x80\xa2 GLYCOL DISTEARATE \xe2\x80\xa2 GUAR HYDROXYPROPYLTRIMONIUM CHLORIDE \xe2\x80\xa2 COCAMIDE MIPA \xe2\x80\xa2 COCOS NUCIFERA OIL / COCONUT OIL \xe2\x80\xa2 SODIUM BENZOATE \xe2\x80\xa2 SODIUM HYDROXIDE \xe2\x80\xa2 PAEONIA OFFICINALIS FLOWER EXTRACT \xe2\x80\xa2 ETHYLHEXYL SALICYLATE \xe2\x80\xa2 SALICYLIC ACID \xe2\x80\xa2 FUMARIC ACID \xe2\x80\xa2 BENZYL ALCOHOL \xe2\x80\xa2 BENZYL SALICYLATE \xe2\x80\xa2 LINALOOL \xe2\x80\xa2 ALPHA-ISOMETHYL IONONE \xe2\x80\xa2 CARBOMER \xe2\x80\xa2 GERANIOL \xe2\x80\xa2 CITRIC ACID \xe2\x80\xa2 CITRONELLOL \xe2\x80\xa2 POTASSIUM SORBATE \xe2\x80\xa2 HEXYLENE GLYCOL \xe2\x80\xa2 HEXYL CINNAMAL \xe2\x80\xa2 GLYCERIN \xe2\x80\xa2 PARFUM / FRAGRANCE (F.I.L. C259250/1).HinweiseInformation: Bei Kontakt mit den Augen diese sofort gr\xc3\xbcndlich aussp\xc3\xbclen.ArtikeldetailsMarke: L'Or\xc3\xa9al ParisUrsprungsland: GeorgienSorte: Color GlanzLaufzeit nach \xc3\x96ffnen: 12 MonateKontaktKontaktname: L'Or\xc3\xa9al Deutschland GmbHKontaktadresse: TSA 75000 93684 ST OUEN CEDEX FRMaximale Bestellmenge: 15 St\xc3\xbcckF\xc3\xbcr die vorstehenden Angaben wird keine Haftung \xc3\xbcbernommen. Bitte pr\xc3\xbcfen Sie im Einzelfall die Angaben auf der jeweiligen Produktverpackung, nur diese sind verbindlich.Das Produktdesign kann von der Abbildung abweichen.""",Grenzhöfer Weg 29,Rewe,Drogerie,2023-07-09,"Gültig ab morgen bis Samstag, 15.07.2023"
Axe Duschgel,https://img.rewe-static.de/REWE28_2023/9157379/27629412-14_digital-image.png?impolicy=s-offers&imwidth=200&output-format=image/webp,,https://shop.rewe.de/productList?search=2832136,,"versch. Sorten , je 250-ml-Fl , (1 l = 8.76)",Aktion,"2,19 €","b'ProduktbeschreibungArtikelnummer 9157379\xe2\x80\xa2 AXE Duschgel Alaska f\xc3\xbcr M\xc3\xa4nner sorgt f\xc3\xbcr eine intensive Pflege \n\xe2\x80\xa2 Verbesserte Formulierung dank 12h Long-Lasting Fragrance f\xc3\xbcr ein langanhaltendes Duft- und Frischegef\xc3\xbchl auf der Haut \n\xe2\x80\xa2 Ein w\xc3\xbcrzig-maskuliner Duft nach Sandelholz und Amber, kombiniert mit fruchtigen Akkorden. \n\xe2\x80\xa2 Duschgel mit Skin Active Technology: Pflanzenbasierte Pr\xc3\xa4biotika, die gute Hautbakterien f\xc3\xb6rdern und geruchsbildende Hautbakterien reduzieren, sorgen f\xc3\xbcr weniger K\xc3\xb6rpergeruch und mehr AXE-Duft \n\xe2\x80\xa2 Das Duschgel ist pH-hautneutral, dermatologisch getestet und enth\xc3\xa4lt 5x mehr Feuchtigkeitsspender \xe2\x80\x93 f\xc3\xbcr die beste AXE-Pflege \n\xe2\x80\xa2 Dieses M\xc3\xa4nnerduschgel kombiniert Nat\xc3\xbcrlichkeit mit einer sportlichen, selbstbewussten Note... mehr anzeigenEin gro\xc3\x9fartiger Tag beginnt mit einer gro\xc3\x9fartigen Dusche und es ist nicht egal, welches Duschgel M\xc3\xa4nner verwenden. Denn Duschgele gibt es viele. Aber nur das AXE Duschgel Alaska verbindet Nat\xc3\xbcrlichkeit mit einer sportlichen, selbstbewussten Note. Das Bodywash verleiht einen w\xc3\xbcrzig-maskulinen Duft nach Sandelholz und Amber, kombiniert mit fruchtigen Akkorden. Ein arktisch-k\xc3\xbchler Duft aus \xc3\x96len von Grapefruit und Bergamotte mit den fruchtigen Noten von Melone und Ananas, der erfrischt und neue Energie gibt.\n\nDoch nicht nur das: Das Duschgel von AXE enth\xc3\xa4lt die neue Skin Active Technology: Das sind pflanzenbasierte Pr\xc3\xa4biotika, die gute Hautbakterien f\xc3\xb6rdern und geruchsbildende Hautbakterien reduzieren. Die Folge: weniger K\xc3\xb6rpergeruch, mehr AXE-Duft. Au\xc3\x9ferdem enth\xc3\xa4lt es 5x mehr Feuchtigkeitsspender \xe2\x80\x93 f\xc3\xbcr die beste AXE-Pflege. Das Dusch Gel ist zudem ph-hautneutral und dermatologisch getestet. \n\nAnwendung: Die trockene Haut unter der Dusche befeuchten, die Bodywash in den H\xc3\xa4nden verteilen. K\xc3\xb6rper einsch\xc3\xa4umen. Gr\xc3\xbcndlich absp\xc3\xbclen. Sauber f\xc3\xbchlen. Gut duften. Das AXE Duschgel mit dem 12h Long-Lasting Fragrance \xe2\x80\x93 f\xc3\xbcr ein verbessertes Dufterlebnis unter der Dusche und ein langanhaltendes Duft- und Frischegef\xc3\xbchl auf der Haut.\n\nAXE steht f\xc3\xbcr Nachhaltigkeit \xe2\x80\x93 die Inhaltsstoffe des Duschgels sind zu 87% nat\xc3\xbcrlichen Ursprungs und die Flasche besteht aus 100% recyceltem Plastik (au\xc3\x9fer dem Deckel). \n\nDas AXE Duschgel Alaska passt perfekt zu allen Produkten aus der AXE Alaska Serie, l\xc3\xa4sst sich aber auch mit allen anderen AXE-D\xc3\xbcften kombinieren, sodass man sich voll auf das konzentrieren kann, worauf man Lust hat. AXE Duschgel Alaska \xe2\x80\x93 mit dem sensationellen Duft, der dazu einl\xc3\xa4dt, das Leben in vollen Z\xc3\xbcgen zu genie\xc3\x9fen. \n\nAXE \xe2\x80\x93 The AXE EffectInhaltsstoffeAqua, Sodium Laureth Sulfate, Parfum, Citric Acid, Cocamide MEA, Glycerin, PPG-12, Sodium Benzoate, Sodium Chloride, Sodium Sulfate, Alpha-Isomethyl Ionone, Benzyl Salicylate, Citronellol, Coumarin, Hexyl Cinnamal, Limolene, Linalool, CI 42090.ArtikeldetailsMarke: AxeUrsprungsland: DeutschlandSorte: AlaskaLaufzeit nach \xc3\x96ffnen: 12 MonateKontaktKontaktname: Unilever RAKontaktadresse: 455, 3013 AL, NLMaximale Bestellmenge: 15 St\xc3\xbcckF\xc3\xbcr die vorstehenden Angaben wird keine Haftung \xc3\xbcbernommen. Bitte pr\xc3\xbcfen Sie im Einzelfall die Angaben auf der jeweiligen Produktverpackung, nur diese sind verbindlich.Das Produktdesign kann von der Abbildung abweichen.'",Grenzhöfer Weg 29,Rewe,Drogerie,2023-07-09,"Gültig ab morgen bis Samstag, 15.07.2023"
Duschdas Duschgel,https://img.rewe-static.de/REWE28_2023/8911414/38937664-11_digital-image.png?impolicy=s-offers&imwidth=200&output-format=image/webp,,https://shop.rewe.de/productList?search=2832136,,"versch. Sorten , je 225-ml-Fl , (1 l = 4.40)",Aktion,"0,99 €","b'ProduktbeschreibungArtikelnummer 8911414Mit Duschdas 3-in-1 Duschgel & Shampoo Noire mit Fresh-Energy-Duftformel aktiv und vital in einen erlebnisreichen Tag starten. Der anregend-w\xc3\xbcrzige Duft vermittelt ein Gef\xc3\xbchl purer Lebendigkeit und gibt einem die Energie, die man f\xc3\xbcr einen vollgepackten Tag braucht. Die praktische Kombination aus Duschgel und Shampoo ist anwendbar f\xc3\xbcr K\xc3\xb6rper, Gesicht und Haar und sorgt f\xc3\xbcr erfrischende Momente im Alltag. Das Duschdas Duschgel & Shampoo kommt in der praktischen nachf\xc3\xbcllbaren 225 ml Flasche, die aus 100% recyceltem Plastik** (rPET) besteht und wiederum vollst\xc3\xa4ndig recycelt werden kann. Sie ist standsicher, leicht zu \xc3\xb6ffnen und eignet sich f\xc3\xbcr ein- oder mehrmaliges Nachf\xc3\xbcllen. Durch das bew\xc3\xa4hrte Kopfsteher-Format ist das 3-in-1 Duschbad in der Eco-Flasche sofort einsatzbereit und sorgt dar\xc3\xbcber hinaus f\xc3\xbcr ein Duschdas Duscherlebnis bis zum letzten Tropfen. Das erfrischende Duschgel ist leicht dosierbar, l\xc3\xa4sst sich schnell auf dem K\xc3\xb6rper und Haar aufsch\xc3\xa4umen und leicht absp\xc3\xbclen. Es hinterl\xc3\xa4sst ein frisches und sauberes Gef\xc3\xbchl. Das Duschdas Duschgel & Shampoo ist pH-hautneutral und somit besonders sanft zur Haut. Es eignet sich f\xc3\xbcr die t\xc3\xa4gliche Anwendung. Einfach die trockene Haut und das Haar unter der Dusche anfeuchten, das Duschgel auf Haut und Haar verteilen, einmassieren und absp\xc3\xbclen. Vitalisiert, erfrischt oder belebt \xe2\x80\x93 so l\xc3\xa4sst das Duschgel M\xc3\xa4nner mit positiver Stimmung in den Tag starten.\n\nJetzt auch die weiteren Duschgele von Duschdas entdecken. Als erste Duschgelmarke Deutschlands liefert Duschdas zuverl\xc3\xa4ssig gute Qualit\xc3\xa4t, eine gro\xc3\x9fe Auswahl an inspirierenden D\xc3\xbcften und langanhaltende Frische f\xc3\xbcr alle. Und das mit einer gut biologisch abbaubaren Formel in einer nachhaltigen Verpackung. Schn\xc3\xb6rkellos, zeitlos, bodenst\xc3\xa4ndig, starke Ergebnisse im funktionalen Nutzen. Beim Thema Duschen denken die Leute an Duschdas. Duschdas hinterl\xc3\xa4sst ein erfrischendes Gef\xc3\xbchl und wirkt k\xc3\xb6rperlich und geistig revitalisierend. Hol Dir frische Energie \xe2\x80\x93 mit Duschdas. *Gem\xc3\xa4\xc3\x9f OECD-Methoden **Ohne Kappe und EtikettInhaltsstoffeIngredients: Aqua, Sodium Laureth Sulfate, Sodium Chloride, Cocamidopropyl Betaine, Parfum, Glycerin, Sodium Benzoate, Citric Acid, Sodium Lactate, Tetrasodium EDTA, Alpha-Isomethyl Ionone, Coumarin, Geraniol, Hexyl Cinnamal, Limonene, Linalool, CI 17200,CI 19140.ArtikeldetailsMarke: DuschdasUrsprungsland: DeutschlandLaufzeit nach \xc3\x96ffnen: 12 MonateKontaktKontaktname: Unilever RAKontaktadresse: 455, 3013 AL, NLMaximale Bestellmenge: 15 St\xc3\xbcckF\xc3\xbcr die vorstehenden Angaben wird keine Haftung \xc3\xbcbernommen. Bitte pr\xc3\xbcfen Sie im Einzelfall die Angaben auf der jeweiligen Produktverpackung, nur diese sind verbindlich.Das Produktdesign kann von der Abbildung abweichen.'",Grenzhöfer Weg 29,Rewe,Drogerie,2023-07-09,"Gültig ab morgen bis Samstag, 15.07.2023"
Pampers Baby Dry Windeln Single Pack,https://img.rewe-static.de/REWE28_2023/8688573/35018085-9_digital-image.png?impolicy=s-offers&imwidth=200&output-format=image/webp,,https://shop.rewe.de/productList?search=2832136,,"Maxi Größe 4 , je 30-St.-Pckg",Aktion,"7,99 €",nan,Grenzhöfer Weg 29,Rewe,Drogerie,2023-07-09,"Gültig ab morgen bis Samstag, 15.07.2023"
Pampers Baby Dry Pants Single Pack,https://img.rewe-static.de/REWE28_2023/7839196/35199201-12_digital-image.png?impolicy=s-offers&imwidth=200&output-format=image/webp,,https://shop.rewe.de/productList?search=2832136,,"Größe 5 , je 24-St.-Pckg",Aktion,"7,99 €",nan,Grenzhöfer Weg 29,Rewe,Drogerie,2023-07-09,"Gültig ab morgen bis Samstag, 15.07.2023"
Gliss Kur Shampoo,https://img.rewe-static.de/REWE28_2023/7207275/27570160-11_digital-image.png?impolicy=s-offers&imwidth=200&output-format=image/webp,,https://shop.rewe.de/productList?search=2832136,,"versch. Sorten , je 250-ml-Fl , (1 l = 9.96)",Aktion,"2,49 €","b'ProduktbeschreibungArtikelnummer 7207275HABEN SIE STROHIGE HAARE UND SPLISS? T\xc3\xa4gliches K\xc3\xa4mmen & Stylen strapaziert das Haar, wodurch die Haarspitzen strohig werden und Haarbruch entsteht. Damit die Haare gesund & geschmeidig bleiben, brauchen sie eine intensive Pflege. GLISS KUR OIL NUTRITIVE bietet: \xe2\x80\x89TIEFENREPAIR OHNE ZU BESCHWEREN SINNLICHE GESCHMEIDIGKEIT UND GESUND GL\xc3\x84NZENDES HAAR GLISS KUR Formeln mit KERATIN SERUM reparieren vorhandene Sch\xc3\xa4den und verst\xc3\xa4rken die Zellstruktur, um zuk\xc3\xbcnftigen Sch\xc3\xa4den vorzubeugen. OIL NUTRITIVE Abgestimmt auf die Bed\xc3\xbcrfnisse von strohigem, splissanf\xc3\xa4lligem Haar, n\xc3\xa4hrt die OIL NUTRITIVE Linie das Haar mit WERTVOLLEN BEAUTY-\xc3\x96LEN. F\xc3\xbcr ein optimales Pflege-Ergebnis, folgen Sie dem GLISS KUR REPARATUR-SYSTEM: SHAMPOO reinigt  SP\xc3\x9cLUNG entwirrt  KUREN pflegenInhaltsstoffeAqua,Sodium Laureth Sulfate, Cocamidopropyl Betaine, Sodium Chloride, Macadamia Ternifolia Seed Oil, Prunus Armeniaca Kernel Oil, Tocopheryl Acetate, Panthenol, Hydrolyzed Keratin, Cocamide MEA, Disodium Cocoamphodiacetate, Sodium Benzoate, Citric Acid, PEG-7 Glyceryl Cocoate, Polyquaternium-10, Parfum, PEG-40 Hydrogenated Castor Oil, PEG-120 Methyl Glucose Dioleate, Propylene Glycol, Butylphenyl Methylpropional, Linalool, CI 19140, CI 15985, CI 47005ArtikeldetailsMarke: Gliss KurUrsprungsland: DeutschlandLaufzeit nach \xc3\x96ffnen: 12 MonateKontaktKontaktname: Schwarzkopf & Henkel GmbHKontaktadresse: D-40191 D\xc3\xbcsseldorfMaximale Bestellmenge: 15 St\xc3\xbcckF\xc3\xbcr die vorstehenden Angaben wird keine Haftung \xc3\xbcbernommen. Bitte pr\xc3\xbcfen Sie im Einzelfall die Angaben auf der jeweiligen Produktverpackung, nur diese sind verbindlich.Das Produktdesign kann von der Abbildung abweichen.'",Grenzhöfer Weg 29,Rewe,Drogerie,2023-07-09,"Gültig ab morgen bis Samstag, 15.07.2023"
Blend-a-Med Zahncreme,https://img.rewe-static.de/REWE28_2023/3075942/38993170-2_digital-image.png?impolicy=s-offers&imwidth=200&output-format=image/webp,,https://shop.rewe.de/productList?search=2832136,,"Classic oder Frisch , je 75-ml-Tube , (1 l = 11.87)",Aktion,"0,89 €","b'ProduktbeschreibungArtikelnummer 3075942Die blend-a-med Classic Zahncreme enth\xc3\xa4lt Aktiv-Fluorid f\xc3\xbcr saubere, gesunde und starke Z\xc3\xa4hne. Mit dem klassischen Menthol-Geschmack von blend-a-med. Blend-a-med Rundumschutz Classic Zahnpasta bietet 24 Stunden Schutz, bei zweimal t\xc3\xa4glich putzen. Mit dem klassischem Menthol-Geschmack von blend-a-med.InhaltsstoffeIngredients: Aqua, Hydrated Silica, Sorbitol, Sodium Lauryl Sulfate, Cellulose Gum, Aroma, Trisodium Phosphate, Sodium Fluoride, Carbomer, Cl 77891, Sodium Saccharin, Limonene, Sodium Hydroxide, Eugenol, Polysorbate 80HinweiseInformation: F\xc3\xbcr Kinder bis 6 Jahre: Nur erbsengro\xc3\x9fe Menge Zahnpasta benutzen. Zur Vermeidung \xc3\xbcberm\xc3\xa4\xc3\x9figen Verschluckens Z\xc3\xa4hneputzen nur unter Aufsicht. Bei zus\xc3\xa4tzlicher Aufnahme von Fluorid den Zahnarzt oder Arzt befragen. Enth\xc3\xa4lt Natriumfluorid (1450 ppm Fluorid).ArtikeldetailsMarke: Blend-a-medUrsprungsland: DeutschlandKontaktKontaktname: Procter & GambleKontaktadresse: 65823 Schwalbach/Ts., GermanyMaximale Bestellmenge: 15 St\xc3\xbcckF\xc3\xbcr die vorstehenden Angaben wird keine Haftung \xc3\xbcbernommen. Bitte pr\xc3\xbcfen Sie im Einzelfall die Angaben auf der jeweiligen Produktverpackung, nur diese sind verbindlich.Das Produktdesign kann von der Abbildung abweichen.'",Grenzhöfer Weg 29,Rewe,Drogerie,2023-07-09,"Gültig ab morgen bis Samstag, 15.07.2023"
Colgate Total Zahncreme,https://img.rewe-static.de/REWE28_2023/2226666/34953247-8_digital-image.png?impolicy=s-offers&imwidth=200&output-format=image/webp,,https://shop.rewe.de/productList?search=2832136,,"je 75-ml-Tuben-Pckg , (1 l = 30.53)",Aktion,"2,29 €","b'ProduktbeschreibungArtikelnummer 2226666Colgate Total Zahnapasta enth\xc3\xa4lt eine fortschrittliche Technologie, die Ihren gesamten Mund proaktiv sch\xc3\xbctzt und einen hervorragenden Schutz gegen Plaque, Empfindlichkeit, Verf\xc3\xa4rbungen, Zahnstein und Karies bietet. Sie macht Bakterien ausfindig und bek\xc3\xa4mpft sie, um den Zahnschmelz zu sch\xc3\xbctzen, neutralisiert sofort Ger\xc3\xbcche, die Mundgeruch verursachen, und enth\xc3\xa4lt verbesserte Aromen, die in Ihrem Mund f\xc3\xbcr ein Gef\xc3\xbchl der Sauberkeit und Frische sorgen. Diese Zahnpasta tr\xc3\xa4gt \xc3\xbcberdies dazu bei, Zahnfleischerkrankungen und Zahnschmelzabbau vorzubeugen. Um einen gesunden Mund zu haben, reicht es nicht aus, sich nur um die Z\xc3\xa4hne zu k\xc3\xbcmmern. Deshalb bek\xc3\xa4mpft die Zahnpasta Colgate Total Original Bakterien nicht nur auf Ihren Z\xc3\xa4hnen, sondern auch auf der Zunge, den Wangeninnenseiten und dem Zahnfleisch proaktiv bis zu 12 Stunden lang,* um die Gesundheit des ganzen Mundes zu gew\xc3\xa4hrleisten.** \n *nach 4 Wochen regelm\xc3\xa4\xc3\x9figer Anwendung \n **Schutz f\xc3\xbcr Ihren ganzen Mund, d. h. Z\xc3\xa4hne, Zunge, Wangeninnenseiten und Zahnfleisch... mehr anzeigenInhaltsstoffeAqua, Glycerin, Hydrated Silica, PVM/MA Copolymer, Sodium Lauryl Sulfate, Cellulose Gum, Aroma, Sodium Hydroxide, Carrageenan, Sodium Fluoride, Triclosan, Sodium Saccharin, Limonene, Cl 77891ArtikeldetailsMarke: ColgateUrsprungsland: DeutschlandLaufzeit nach \xc3\x96ffnen: 12 MonatePackungsgr\xc3\xb6\xc3\x9fe: 75mlMaximale Bestellmenge: 15 St\xc3\xbcckF\xc3\xbcr die vorstehenden Angaben wird keine Haftung \xc3\xbcbernommen. Bitte pr\xc3\xbcfen Sie im Einzelfall die Angaben auf der jeweiligen Produktverpackung, nur diese sind verbindlich.Das Produktdesign kann von der Abbildung abweichen.'",Grenzhöfer Weg 29,Rewe,Drogerie,2023-07-09,"Gültig ab morgen bis Samstag, 15.07.2023"
Vitakraft Poésie Katzennahrung,https://img.rewe-static.de/REWE28_2023/2751452/24817125-19_digital-image.png?impolicy=s-offers&imwidth=200&output-format=image/webp,,https://shop.rewe.de/productList?search=2832136,,"versch. Sorten , je 85-g-Schale/Btl , (1 kg = 4.59)",Aktion,"0,39 €","b'ProduktbeschreibungArtikelnummer 2751452K\xc3\xb6stlich fleischige H\xc3\xa4ppchen, raffiniert kombiniert mit einer feinen K\xc3\xa4sesauce \xe2\x80\x93 dieses leckere Men\xc3\xbc in der Herzschale ist jeden Tag aufs Neue ein Gedicht f\xc3\xbcr Ihre Katze!Jede Schale Po\xc3\xa9sie\xc2\xae Cr\xc3\xa9ation enth\xc3\xa4lt unwiderstehlichen Geschmack, beste Zutaten und eine ausgewogene Portion Liebe, also genau das, was sich Ihr Tiger w\xc3\xbcnscht. Dabei ist das schmackhafte Men\xc3\xbc selbstverst\xc3\xa4ndlich ideal auf die ern\xc3\xa4hrungsphysiologischen Bed\xc3\xbcrfnisse von Katzen abgestimmt und \xc3\xbcberzeugt durch h\xc3\xb6chste Qualit\xc3\xa4t. Und die kann man dank der schonenden Zubereitung sogar sehen. Vitakraft. Aus Liebe.ZusammensetzungZusammensetzung: Fleisch u. tierische Nebenerzeugnisse 55% (Rind, Schwein und Gefl\xc3\xbcgel, 5% Pute);Getreide (Weizen);Mineralstoffe;Milch und Molkereierzeugnisse (2% K\xc3\xa4se);InulinAnalytische Bestandteile: 83,0 % Feuchtigkeit;9,5 % Protein;5,0 % Fettgehalt0,3 % Rohfaser;2,0 % RohascheZusatzstoffe pro kg: 250 i.E. E671 Vitamin D3;15 mg E1 Eisen;1,0 mg E4 Kupfer;1,0 mg E5 Mangan;18,0 mg 3b605, Zink;445 mg TaurinF\xc3\xbctterungsempfehlungEine Katze mit einem Gewicht von 4 kg ben\xc3\xb6tigt ca. 2-3 Schalen pro Tag, abh\xc3\xa4ngig von Aktivit\xc3\xa4t, Alter und Rasse des Tieres. Dazu frisches Trinkwasser reichen.HinweiseAufbewahrungs- und Verwendungshinweis: K\xc3\xbchl und trocken lagern.ArtikeldetailsMarkeVitakraftUrsprungslandDeutschlandGeschmacksrichtungPute in K\xc3\xa4sesauceTierartKatzeAltersstufe des HaustieresAdultFutterartAlleinfutterKontaktKontakt: 0421 48960Zulassungsnummer: DE BW 200010Kontaktname: Vitakraft pet care GmbH & Co. KGKontaktadresse: D-28295 Bremen.Maximale Bestellmenge: 15 St\xc3\xbcckF\xc3\xbcr die vorstehenden Angaben wird keine Haftung \xc3\xbcbernommen. Bitte pr\xc3\xbcfen Sie im Einzelfall die Angaben auf der jeweiligen Produktverpackung, nur diese sind verbindlich.Das Produktdesign kann von der Abbildung abweichen.'",Grenzhöfer Weg 29,Rewe,Tier,2023-07-09,"Gültig ab morgen bis Samstag, 15.07.2023"
Catsan Hygiene Plus,https://img.rewe-static.de/REWE28_2023/8009189/31263213-5_digital-image.png?impolicy=s-offers&imwidth=200&output-format=image/webp,,https://shop.rewe.de/productList?search=2832136,,"je 9-l-Btl , (1 l = 0.55)",Aktion,"4,99 €","b'ProduktbeschreibungArtikelnummer 8009189CATSAN\xe2\x84\xa2 Hygiene Plus ist eine hochwirksame, nicht-klumpende Katzenstreu, die Fl\xc3\xbcssigkeit schnell und effektiv aufsaugt, bevor Geruch entsteht. Wie ein Schwamm nimmt die Hygienestreu Fl\xc3\xbcssigkeit auf und schlie\xc3\x9ft sie sicher ein. So bleibt die Katzentoilette f\xc3\xbcr Ihre Katze sp\xc3\xbcrbar trocken und hygienisch. Der Extra-Mineralschutz von CATSAN\xe2\x84\xa2 Hygiene bindet Ger\xc3\xbcche besonders lang und zuverl\xc3\xa4ssig. Katzen wissen die geruchsbindende Katsenstreu zu sch\xc3\xa4tzen - und ihre Eigent\xc3\xbcmer auch. \nCATSAN\xe2\x84\xa2 Hygienestreu besteht zu 100 % aus nat\xc3\xbcrlichen Rohstoffen (Quarzsand und Kalk). So entsteht die hygienisch wei\xc3\x9fe Farbe von CATSAN\xe2\x84\xa2 Hygienestreu, ohne auf gef\xc3\xa4hrliche Stoffe wie Bleichmittel zur\xc3\xbcckgreifen zu m\xc3\xbcssen. CATSAN\xe2\x84\xa2 ist frei von gef\xc3\xa4hrlichen Fasern oder anderen unvertr\xc3\xa4glichen Bestandteilen. \nAuch f\xc3\xbcr K\xc3\xa4tzchen geeignet.HinweiseAufbewahrungs- und Verwendungshinweis: Bitte trocken lagern.ArtikeldetailsMarke: CatsanUrsprungsland: DeutschlandKontaktKontaktname: Mars GmbHKontaktadresse: Postfach 1280, 27281 Verden (Aller)Maximale Bestellmenge: 15 St\xc3\xbcckF\xc3\xbcr die vorstehenden Angaben wird keine Haftung \xc3\xbcbernommen. Bitte pr\xc3\xbcfen Sie im Einzelfall die Angaben auf der jeweiligen Produktverpackung, nur diese sind verbindlich.Das Produktdesign kann von der Abbildung abweichen.'",Grenzhöfer Weg 29,Rewe,Tier,2023-07-09,"Gültig ab morgen bis Samstag, 15.07.2023"
"Maui Sports Phylon Clogs
            3",https://img.rewe-static.de/REWE28_2023/7718674/40276955-6_digital-image.png?impolicy=s-offers&imwidth=200&output-format=image/webp,,https://shop.rewe.de/productList?search=2832136,,"für Damen oder Herren Größen: 38/39, 40/41, 42/43, 44/45 , je Paar",Aktion,"11,99 €",nan,Grenzhöfer Weg 29,Rewe,Freizeit & Mode,2023-07-09,"Gültig ab morgen bis Samstag, 15.07.2023"
"Edelweiss
            1",https://img.rewe-static.de/REWE28_2023/8905443/39778752-4_digital-image.png?impolicy=s-offers&imwidth=200&output-format=image/webp,,https://shop.rewe.de/productList?search=2832136,,"Sorte »Vroni«, mit silberweißen Blüten , je Topf",Aktion,"2,29 €",nan,Grenzhöfer Weg 29,Rewe,Freizeit & Mode,2023-07-09,"Gültig ab morgen bis Samstag, 15.07.2023"
"Lavendel
            1",https://img.rewe-static.de/REWE28_2023/7937802/32803965-11_digital-image.png?impolicy=s-offers&imwidth=200&output-format=image/webp,,https://shop.rewe.de/productList?search=2832136,,"herrlich duftend, in dekorativem Balkonkasten , je Topf",Aktion,"4,44 €",nan,Grenzhöfer Weg 29,Rewe,Freizeit & Mode,2023-07-09,"Gültig ab morgen bis Samstag, 15.07.2023"
"Grillbriketts »Grillis« oder Grillholzkohle »Der Sommerhit«
            3",https://img.rewe-static.de/REWE28_2023/1498474/20984916-13_digital-image.png?impolicy=s-offers&imwidth=200&output-format=image/webp,,https://shop.rewe.de/productList?search=2832136,,"je 3,3-kg-Btl , (1 kg = 2.42)",Aktion,"7,99 €","b'ProduktbeschreibungArtikelnummer 1498474Diese Artikel sind nicht st\xc3\xa4ndig im Sortiment. Verkauf nur solange der Vorrat reicht. Abgabe nur in handels\xc3\xbcblichen Mengen. Aktionspreise sind zeitlich begrenzt. ArtikeldetailsMarke: proFagusKontaktKontaktname: proFagus GmbHKontaktadresse: Uslarer Stra\xc3\x9fe 30 37194 BodenfeldeMaximale Bestellmenge: 2 St\xc3\xbcckF\xc3\xbcr die vorstehenden Angaben wird keine Haftung \xc3\xbcbernommen. Bitte pr\xc3\xbcfen Sie im Einzelfall die Angaben auf der jeweiligen Produktverpackung, nur diese sind verbindlich.Das Produktdesign kann von der Abbildung abweichen.'",Grenzhöfer Weg 29,Rewe,Freizeit & Mode,2023-07-09,"Gültig ab morgen bis Samstag, 15.07.2023"
"Portulakröschen oder Zauberglöckchen
            1",https://img.rewe-static.de/REWE28_2023/1832840/2541080-5_digital-image.png?impolicy=s-offers&imwidth=200&output-format=image/webp,,https://shop.rewe.de/productList?search=2832136,,"versch. Farben , je Topf",Aktion,"1,99 €",nan,Grenzhöfer Weg 29,Rewe,Freizeit & Mode,2023-07-09,"Gültig ab morgen bis Samstag, 15.07.2023"
"Enzian
            1",https://img.rewe-static.de/REWE28_2023/1729713/25244190-6_digital-image.png?impolicy=s-offers&imwidth=200&output-format=image/webp,,https://shop.rewe.de/productList?search=2832136,,"blühfreudige Sommerpflanze, mit leuchtend blauer Blüte , je Topf",Aktion,"2,99 €",nan,Grenzhöfer Weg 29,Rewe,Freizeit & Mode,2023-07-09,"Gültig ab morgen bis Samstag, 15.07.2023"
Barilla Pasta,https://img.rewe-static.de/REWE28_2023/6653839/20768970-25_digital-image.png?impolicy=s-offers&imwidth=200&output-format=image/webp,,https://shop.rewe.de/productList?search=2832136,,"versch. Ausformungen , je 500-g-Pckg , (1 kg = 1.90)",Knaller,"0,95 €","b'ProduktbeschreibungArtikelnummer 6653839Fusilli erschienen in ihrer heutigen Form zuerst in S\xc3\xbcditalien und sind urspr\xc3\xbcnglich der Idee entsprungen, Spaghetti auf einer Stricknadel aufzuwickeln. Erst sp\xc3\xa4ter, bedingt durch die unterschiedlichen geschmacklichen Gewohnheiten in den verschiedenen italienischen Regionen, entstanden Fusilli als eigenst\xc3\xa4ndige Sorte. Im Rahmen des Sortiments von Barilla - Italiens beliebtester Pasta - wurde die Pastasorte Fusilli neu interpretiert und erhielt ihre charakteristische Spiralform, die f\xc3\xbcr die Tradition von Mittel- und Norditalien typisch ist.... mehr anzeigenZutaten & AllergeneZutaten: HARTWEIZENGRIESS, Wasser. Kann Spuren von Sojabohnen enthalten.Allergenhinweise: Enth\xc3\xa4lt: Weizen und Weizenerzeugnisse (glutenhaltiges Getreide). Glutenhaltiges Getreide und glutenhaltige Getreideerzeugnisse. Kann enthalten: Soja und Sojaerzeugnisse.N\xc3\xa4hrwerteDurchschnittliche N\xc3\xa4hrwerteUnzubereitet pro 100 gEnergie1.521 kJEnergie359 kcalFett2 gFett, davon ges\xc3\xa4ttigte Fetts\xc3\xa4uren0,5 gKohlenhydrate71,2 gKohlenhydrate, davon Zucker3,5 gBallaststoffe3 gEiwei\xc3\x9f12,5 gSalz0,013 gHinweiseAufbewahrungs- und Verwendungshinweis: Trocken und vor W\xc3\xa4rme gesch\xc3\xbctzt lagern.ArtikeldetailsMarke: BarillaUrsprungsland: ItalienKontaktKontaktname: Barilla G. e R. Fratelli - Societ\xc3\xa0 per AzioniKontaktadresse: Via Mantova 166, Parma - ItalyF\xc3\xbcr die vorstehenden Angaben wird keine Haftung \xc3\xbcbernommen. Bitte pr\xc3\xbcfen Sie im Einzelfall die Angaben auf der jeweiligen Produktverpackung, nur diese sind verbindlich.Das Produktdesign kann von der Abbildung abweichen.'",Im Franzosengewann 3,Rewe,Topangebote,2023-07-09,"Gültig ab morgen bis Samstag, 15.07.2023"
Ehrmann Almighurt,https://img.rewe-static.de/REWE28_2023/7659300/9176090-16_digital-image.png?impolicy=s-offers&imwidth=200&output-format=image/webp,,https://shop.rewe.de/productList?search=2832136,,"versch. Sorten , je 150-g-Becher , (1 kg = 2.20)",Knaller,"0,33 €","b'ProduktbeschreibungArtikelnummer 7659300Erlesene Fruchtzubereitung aus Deutschland.Gute Allg\xc3\xa4uer Milch von Familienh\xc3\xb6fen.Zutaten & AllergeneZutaten: JOGHURT mild, Zucker, Heidelbeeren 6,8%, modifizierte St\xc3\xa4rke, f\xc3\xa4rbendes Pflanzenkonzentrat (Karotte), Verdickungsmittel (Pektine, Guarkernmehl), Aroma. Ohne Konservierungsstoffe.Allergenhinweise: Enth\xc3\xa4lt: JoghurtEnth\xc3\xa4lt: Milch und Milcherzeugnisse (einschlie\xc3\x9flich Lactose). Milchzucker (Laktose).N\xc3\xa4hrwerteDurchschnittliche N\xc3\xa4hrwerteUnzubereitet pro 100 gEnergie389 kJEnergie92 kcalFett2,7 gFett, davon ges\xc3\xa4ttigte Fetts\xc3\xa4uren1,8 gKohlenhydrate14 gKohlenhydrate, davon Zucker13 gEiwei\xc3\x9f3 gSalz0,1 gHinweiseAufbewahrungs- und Verwendungshinweis: Bei max. +8 \xc2\xb0C mindestens haltbar bis: siehe DeckelArtikeldetailsMarke: EhrmannUrsprungsland: DeutschlandSorte: HeidelbeereKontaktKontaktname: Ehrmann GmbHKontaktadresse: A.-Ehrmann-Stra\xc3\x9fe 2, 87770 Obersch\xc3\xb6neggMaximale Bestellmenge: 15 St\xc3\xbcckF\xc3\xbcr die vorstehenden Angaben wird keine Haftung \xc3\xbcbernommen. Bitte pr\xc3\xbcfen Sie im Einzelfall die Angaben auf der jeweiligen Produktverpackung, nur diese sind verbindlich.Das Produktdesign kann von der Abbildung abweichen.'",Im Franzosengewann 3,Rewe,Topangebote,2023-07-09,"Gültig ab morgen bis Samstag, 15.07.2023"
Lavazza Caffè Crema Classico oder Crema e Aroma,https://img.rewe-static.de/REWE28_2023/0293182/30798874-10_digital-image.png?impolicy=s-offers&imwidth=200&output-format=image/webp,,https://shop.rewe.de/productList?search=2832136,,"ganze Bohnen , je 1000-g-Btl",Knaller,"9,99 €","b'ProduktbeschreibungArtikelnummer 293182Eine sehr vielseitige Mischung aus Arabica und Robusta Bohnen. HinweiseAufbewahrungs- und Verwendungshinweis: trocken lagern.ArtikeldetailsMarke: LavazzaUrsprungsland: ItalienKontaktKontaktname: LUIGI LAVAZZA S.p.A.Kontaktadresse: C. SO NOVARA, 59- 10154 TORINO - ITALIAMaximale Bestellmenge: 15 St\xc3\xbcckF\xc3\xbcr die vorstehenden Angaben wird keine Haftung \xc3\xbcbernommen. Bitte pr\xc3\xbcfen Sie im Einzelfall die Angaben auf der jeweiligen Produktverpackung, nur diese sind verbindlich.Das Produktdesign kann von der Abbildung abweichen.'",Im Franzosengewann 3,Rewe,Topangebote,2023-07-09,"Gültig ab morgen bis Samstag, 15.07.2023"
Campofrio Serrano-Schinken,https://img.rewe-static.de/REWE28_2023/0515409/31641266-6_digital-image.png?impolicy=s-offers&imwidth=200&output-format=image/webp,,https://shop.rewe.de/productList?search=2832136,,je 100 g,Aktion,"2,19 €","b'ProduktbeschreibungArtikelnummer 515409Frisch f\xc3\xbcr dich aus unserer Servicetheke. \n \nZutaten: Schweinefleisch, Salz, Konservierungsstoff: Kaliumnitrat, Natriumnitrit. \n \nN\xc3\xa4hrwerte je 100g: \nEnergie: 889kJ \nEnergie: 2120kcal \nFett: 10g \nFett, davon ges\xc3\xa4ttigte Fetts\xc3\xa4uren: 3,8g \nKohlenhydrate: 0,5g \nKohlenhydrate, davon Zucker: 0,5g \nEiwei\xc3\x9f: 30g \nSalz: 5g Zutaten & AllergeneAllergenhinweise: nullN\xc3\xa4hrwerteDurchschnittliche N\xc3\xa4hrwerteUnzubereitet pro 100 gEnergie889 kJEnergie212 kcalFett10 gFett, davon ges\xc3\xa4ttigte Fetts\xc3\xa4uren3,8 gKohlenhydrate0,5 gKohlenhydrate, davon Zucker0,5 gEiwei\xc3\x9f30 gSalz5 gArtikeldetailsMarke: CampofrioMaximale Bestellmenge: 15 St\xc3\xbcckF\xc3\xbcr die vorstehenden Angaben wird keine Haftung \xc3\xbcbernommen. Bitte pr\xc3\xbcfen Sie im Einzelfall die Angaben auf der jeweiligen Produktverpackung, nur diese sind verbindlich.Das Produktdesign kann von der Abbildung abweichen.'",Im Franzosengewann 3,Rewe,Topangebote,2023-07-09,"Gültig ab morgen bis Samstag, 15.07.2023"
Eisbergsalat,https://img.rewe-static.de/REWE28_2023/1366237/36750087-3_digital-image.png?impolicy=s-offers&imwidth=200&output-format=image/webp,,https://shop.rewe.de/productList?search=2832136,,"Kl. I , je St",Aktion,"0,75 €",nan,Im Franzosengewann 3,Rewe,Topangebote,2023-07-09,"Gültig ab morgen bis Samstag, 15.07.2023"
Iglo Gemüse-Ideen Italienisch,https://img.rewe-static.de/REWE28_2023/0529482/2971930-72_digital-image.png?impolicy=s-offers&imwidth=200&output-format=image/webp,,https://shop.rewe.de/productList?search=2832136,,"tiefgefroren , je 480-g-Pckg , (1 kg = 4.63)",Aktion,"2,22 €","b'ProduktbeschreibungArtikelnummer 529482Die iglo Gem\xc3\xbcse-Idee Italienisch ist eine knackige Gem\xc3\xbcsemischung, verfeinert mit mediterranen Kr\xc3\xa4utern. Das Gem\xc3\xbcse wird erntefrisch tiefgefroren, damit die vielen wichtigen Vitamine erhalten bleiben. Denn eine zubereitete Portion des italienischen Pfannengem\xc3\xbcses deckt \xc3\xbcber 50% des t\xc3\xa4glichen Vitamin A-Bedarfs. Die Gem\xc3\xbcse-Idee Italienisch l\xc3\xa4sst sich einfach und schnell in der Mikrowelle oder in der Pfanne zubereiten. Au\xc3\x9ferdem enth\xc3\xa4lt das Produkt keine Geschmacksverst\xc3\xa4rker und Farbstoff- und Aromazus\xc3\xa4tze.\n- Verfeinert mit mediterranen Kr\xc3\xa4utern\n- Ohne Zusatz von k\xc3\xbcnstlichen Aromen, Farbstoffen und Geschmacksverst\xc3\xa4rkern\n- Schnelle und einfache Zubereitung\n- Vegan\n- Tiefgefroren... mehr anzeigenZutaten & AllergeneZutaten: Gem\xc3\xbcsemischung (93%) (Brechbohnen, Paprika, Karotten, Zucchini, Zwiebel Brokkoli;in ver\xc3\xa4nderlichen Gewichtsanteilen), pflanzliche Fette und \xc3\x96le (Palmfett***,Kokosnuss\xc3\xb6l,Palmkern\xc3\xb6l***),Kr\xc3\xa4utermischung(roteZwiebel, Petersilie,Basilikum,Knoblauch,Thymian,Oregano),Gem\xc3\xbcsebr\xc3\xbche (Dextrose,Salz,Karotten,Zwiebeln,Lauch,Schalotten,Tomaten,Paprika), Wasser,Zucker,Salz,Gew\xc3\xbcrze.  Dieses Produkt enth\xc3\xa4lt zertifiziertes nachhaltiges Palmfett/ Palmkern\xc3\xb6l.N\xc3\xa4hrwerteDurchschnittliche N\xc3\xa4hrwerteUnzubereitet pro 100 gEnergie233 kJEnergie56 kcalFett2,7 gFett, davon ges\xc3\xa4ttigte Fetts\xc3\xa4uren1,8 gKohlenhydrate4,9 gKohlenhydrate, davon Zucker4,3 gBallaststoffe2,4 gEiwei\xc3\x9f1,8 gSalz0,85 gHinweiseAufbewahrungs- und Verwendungshinweis: Aufbewahrung zu Hause: *** - Fach oder Tiefk\xc3\xbchltruhe (bei minus 18\xc2\xb0 C) mindestens haltbar bis Ende: siehe links, Aufbewahrung zu Hause: ** - Fach 2 Wochen, Aufbewahrung zu Hause: * - Fach 1-3 Tage Information: Nach dem Auftauen nicht wieder einfrieren. Vor Verzehr durcherhitzen.ArtikeldetailsMarke: IgloEigenschaften: Vegan, LaktosefreiUrsprungsland: DeutschlandSorte: ItalienischKontaktKontaktname: iglo GmbHKontaktadresse: Postfach 570 521, 22774 HamburgMaximale Bestellmenge: 15 St\xc3\xbcckF\xc3\xbcr die vorstehenden Angaben wird keine Haftung \xc3\xbcbernommen. Bitte pr\xc3\xbcfen Sie im Einzelfall die Angaben auf der jeweiligen Produktverpackung, nur diese sind verbindlich.Das Produktdesign kann von der Abbildung abweichen.'",Im Franzosengewann 3,Rewe,Dein Markt für italienischen Genuss,2023-07-09,"Gültig ab morgen bis Samstag, 15.07.2023"
REWE Beste Wahl Thymian,https://img.rewe-static.de/REWE28_2023/8414795/31134576-11_digital-image.png?impolicy=s-offers&imwidth=200&output-format=image/webp,,https://shop.rewe.de/productList?search=2832136,,"gerebelt , je 16-g-Glas , (1 kg = 86.88)",Aktion,"1,39 €","b""ProduktbeschreibungArtikelnummer 8414795Zutaten & AllergeneZutaten:  Kann Spuren von Gluten, Senf und Sellerie enthalten.HinweiseAufbewahrungshinweise: Trocken und k\xc3\xbchl lagern. Vor Licht sch\xc3\xbctzen.Verwendungshinweise: Trocken lagern. Vor W\xc3\xa4rme sch\xc3\xbctzen.ArtikeldetailsMarke: REWE Beste WahlUrsprungsland: BelgienKontaktKontaktname: ISFI SPICES S.A.Kontaktadresse: 20, avenue de l'industrie, 1420 Braine- l`Alleud, BelgienMaximale Bestellmenge: 15 St\xc3\xbcckF\xc3\xbcr die vorstehenden Angaben wird keine Haftung \xc3\xbcbernommen. Bitte pr\xc3\xbcfen Sie im Einzelfall die Angaben auf der jeweiligen Produktverpackung, nur diese sind verbindlich.Das Produktdesign kann von der Abbildung abweichen.""",Im Franzosengewann 3,Rewe,Dein Markt für italienischen Genuss,2023-07-09,"Gültig ab morgen bis Samstag, 15.07.2023"
Zitronen,https://img.rewe-static.de/REWE28_2023/8131318/8722460-33_digital-image.png?impolicy=s-offers&imwidth=200&output-format=image/webp,,https://shop.rewe.de/productList?search=2832136,,"Sorte: siehe Etikett, Kl. I , je 500-g-Netz , (1 kg = 2.58)",Aktion,"1,29 €",nan,Im Franzosengewann 3,Rewe,Dein Markt für italienischen Genuss,2023-07-09,"Gültig ab morgen bis Samstag, 15.07.2023"
Mövenpick Salted Caramel,https://img.rewe-static.de/REWE28_2023/7713567/38472507-14_digital-image.png?impolicy=s-offers&imwidth=200&output-format=image/webp,,https://shop.rewe.de/productList?search=2832136,,"je 800-ml-Becher , (1 l = 2.49)",Aktion,"1,99 €","b'ProduktbeschreibungArtikelnummer 7713567Eis mit Vanillegeschmack, mit gesalzener Karamellsauce, Karamellst\xc3\xbcckchen und kakaobutterhaltigen Konfektst\xc3\xbcckchen mit KaramellgeschmackZutaten & AllergeneZutaten: Entrahmte MILCH, MOLKENERZEUGNIS, Glukosesirup, Zucker,pflanzliche Fette (Kokos, Shea), gezuckerte KONDENSMILCH (eingedickte VOLLMILCH, Zucker, MILCHZUCKER), gezuckerte KONDENSMAGERMILCH (eingedickte entrahmte MILCH, Zucker), Emulgatoren (Mono- und Diglyceride von Speisefetts\xc3\xa4uren, Lecithine), Verdickungsmittel (Johannisbrotkernmehl, Guarkernmehl), Kakaobutter*, Salz, VOLLMILCHPULVER, BUTTERFETT, Feuchthaltemittel (Glycerin), f\xc3\xa4rbende Frucht- und Gem\xc3\xbcsekonzentrate (schwarze Johannisbeere, Apfel, Zitrone, Karotte, Rettich), f\xc3\xa4rbendes Saflorkonzentrat, nat\xc3\xbcrliche Vanillearomen, Kakaomasse*, MILCHZUCKER, nat\xc3\xbcrliche Aromen. *Rainforest Alliance-zertifiziert. Mehr Informationen unter ra.org.KANN SCHALENFR\xc3\x9cCHTE, GLUTENHALTIGE GETREIDE, SOJA UND EIER ENTHALTEN. Wichtig: Kleinkinder (unter 4 Jahren) verf\xc3\xbcgen\xc3\xbcber eine verminderte Kauf\xc3\xa4higkeit und k\xc3\xb6nnten sich an kleinen St\xc3\xbcckchen verschlucken.Allergenhinweise: MILCH, MOLKENERZEUGNIS, KONDENSMILCH, VOLLMILCH, MILCHZUCKER, KONDENSMAGERMILCH, VOLLMILCHPULVER, BUTTERFETT.Enth\xc3\xa4lt: Milch und Milcherzeugnisse (einschlie\xc3\x9flich Lactose). Kann enthalten: Glutenhaltiges Getreide und glutenhaltige Getreideerzeugnisse. Eier und Eierzeugnisse. N\xc3\xbcsse und Nusserzeugnisse. Soja und Sojaerzeugnisse.N\xc3\xa4hrwerteDurchschnittliche N\xc3\xa4hrwerteUnzubereitet pro 100 gEnergie1.009 kJEnergie240 kcalFett9,5 gFett, davon ges\xc3\xa4ttigte Fetts\xc3\xa4uren8,2 gKohlenhydrate37 gKohlenhydrate, davon Zucker29 gBallaststoffe< 0,5 gEiwei\xc3\x9f2 gSalz0,29 gHinweiseAufbewahrungs- und Verwendungshinweis: Bei -18 \xc2\xb0C mindestens haltbar bis Ende: siehe VerpackungsaufdruckInformation: Wichtig: Kleinkinder (unter 4 Jahren) verf\xc3\xbcgen\xc3\xbcber eine verminderte Kauf\xc3\xa4higkeit und k\xc3\xb6nnten sich an kleinen St\xc3\xbcckchen verschlucken.ArtikeldetailsMarke: M\xc3\xb6venpickUrsprungsland: DeutschlandKontaktKontaktname: FRONERI Sch\xc3\xb6ller GmbHKontaktadresse: D-90419 N\xc3\xbcrnbergMaximale Bestellmenge: 15 St\xc3\xbcckF\xc3\xbcr die vorstehenden Angaben wird keine Haftung \xc3\xbcbernommen. Bitte pr\xc3\xbcfen Sie im Einzelfall die Angaben auf der jeweiligen Produktverpackung, nur diese sind verbindlich.Das Produktdesign kann von der Abbildung abweichen.'",Im Franzosengewann 3,Rewe,Dein Markt für italienischen Genuss,2023-07-09,"Gültig ab morgen bis Samstag, 15.07.2023"
Mövenpick Stracciatella Classico,https://img.rewe-static.de/REWE28_2023/8725654/35463369-11_digital-image.png?impolicy=s-offers&imwidth=200&output-format=image/webp,,https://shop.rewe.de/productList?search=2832136,,"je 900-ml-Becher , (1 l = 2.21)",Aktion,"1,99 €","b'ProduktbeschreibungArtikelnummer 8725654Cremiges Eis mit Stracciatellageschmack mit Schokoladenst\xc3\xbcckchen und einer Schokoladensauce.Zutaten & AllergeneZutaten: Entrahmte MILCH, MOLKENERZEUGNIS, Glukosesirup, Zucker, Kokosfett, Soja\xc3\xb6l, VOLLMILCHPULVER, fettarmer Kakao** (1,3 %), Kakaobutter**, Kakaomasse**, Emulgatoren (Mono- und Diglyceride von Speisefetts\xc3\xa4uren, Lecithine (SOJA)), Verdickungsmittel (Johannisbrotkernmehl, Guarkernmehl), nat\xc3\xbcrliche Aromen (enthalten MILCH), Aroma. **Rainforest Alliance-zertifiziert. Mehr Informationen unter ra.org. KANN SCHALENFR\xc3\x9cCHTE, GLUTENHALTIGE GETREIDE UND EIER ENTHALTEN. Wichtig: Kleinkinder (unter 4 Jahren) verf\xc3\xbcgen \xc3\xbcber eine verminderte Kauf\xc3\xa4higkeit und k\xc3\xb6nnten sich an kleinen St\xc3\xbcckchen verschlucken.Allergenhinweise: Milch, Molkenerzeugnis, Schlagsahne, SojaEnth\xc3\xa4lt: Milch und Milcherzeugnisse (einschlie\xc3\x9flich Lactose). Soja und Sojaerzeugnisse. Kann enthalten: Eier und Eierzeugnisse. N\xc3\xbcsse und Nusserzeugnisse. Glutenhaltiges Getreide und glutenhaltige Getreideerzeugnisse.N\xc3\xa4hrwerteDurchschnittliche N\xc3\xa4hrwerteUnzubereitet pro 100 gEnergie1.079 kJEnergie258 kcalFett15 gFett, davon ges\xc3\xa4ttigte Fetts\xc3\xa4uren9,9 gKohlenhydrate28 gKohlenhydrate, davon Zucker23 gBallaststoffe0,7 gEiwei\xc3\x9f2,9 gSalz0,09 gHinweiseAufbewahrungs- und Verwendungshinweis: Bei -18 \xc2\xb0C mindestens haltbar bis Ende: siehe VerpackungsaufdruckInformation: Wichtig: Kleinkinder (unter 4 Jahren) verf\xc3\xbcgen \xc3\xbcber eine verminderte Kauf\xc3\xa4higkeit und k\xc3\xb6nnten sich an kleinen St\xc3\xbcckchen verschlucken. Packung enth\xc3\xa4lt 9 Portionen. Portionen sollten f\xc3\xbcr Kinder entsprechend ihrem Alter angepasst werden.ArtikeldetailsMarke: M\xc3\xb6venpickUrsprungsland: DeutschlandKontaktKontaktname: FRONERI Sch\xc3\xb6ller GmbHKontaktadresse: D-90419 N\xc3\xbcrnbergMaximale Bestellmenge: 15 St\xc3\xbcckF\xc3\xbcr die vorstehenden Angaben wird keine Haftung \xc3\xbcbernommen. Bitte pr\xc3\xbcfen Sie im Einzelfall die Angaben auf der jeweiligen Produktverpackung, nur diese sind verbindlich.Das Produktdesign kann von der Abbildung abweichen.'",Im Franzosengewann 3,Rewe,Dein Markt für italienischen Genuss,2023-07-09,"Gültig ab morgen bis Samstag, 15.07.2023"
Arla Finello Gratinkäse,https://img.rewe-static.de/REWE28_2023/0674328/21064797-16_digital-image.png?impolicy=s-offers&imwidth=200&output-format=image/webp,,https://shop.rewe.de/productList?search=2832136,,"dän. Reibekäse , je 150-g-Pckg , (1 kg = 9.93)",Aktion,"1,49 €","b'ProduktbeschreibungArtikelnummer 674328Zutaten & AllergeneZutaten: K\xc3\x84SE, Kartoffelst\xc3\xa4rke.Allergenhinweise: Enth\xc3\xa4lt: Milch und Milcherzeugnisse (einschlie\xc3\x9flich Lactose).N\xc3\xa4hrwerteDurchschnittliche N\xc3\xa4hrwerteUnzubereitet pro 100 gEnergie1.305 kJEnergie314 kcalFett23 gFett, davon ges\xc3\xa4ttigte Fetts\xc3\xa4uren14 gKohlenhydrate2,8 gKohlenhydrate, davon Zucker0,6 gEiwei\xc3\x9f24 gSalz1,5 gHinweiseAufbewahrungs- und Verwendungshinweis: Nach dem \xc3\x96ffnen k\xc3\xbchl aufbewahren.Bei 8 \xc2\xb0C mindestens haltbar bis: siehe VerpackungsaufdruckInformation: Unter Schutzatmosph\xc3\xa4re verpackt.ArtikeldetailsMarke: ArlaUrsprungsland: D\xc3\xa4nemarkSorte: Gratink\xc3\xa4seKontaktKontaktname: Arla Foods ambaKontaktadresse: DK-8260 Viby JMaximale Bestellmenge: 15 St\xc3\xbcckF\xc3\xbcr die vorstehenden Angaben wird keine Haftung \xc3\xbcbernommen. Bitte pr\xc3\xbcfen Sie im Einzelfall die Angaben auf der jeweiligen Produktverpackung, nur diese sind verbindlich.Das Produktdesign kann von der Abbildung abweichen.'",Im Franzosengewann 3,Rewe,Dein Markt für italienischen Genuss,2023-07-09,"Gültig ab morgen bis Samstag, 15.07.2023"
Barilla Pesto alla Genovese,https://img.rewe-static.de/REWE28_2023/4840313/35802412-13_digital-image.png?impolicy=s-offers&imwidth=200&output-format=image/webp,,https://shop.rewe.de/productList?search=2832136,,"je 190-g-Glas , (1 kg = 10.47)",Aktion,"1,99 €","b'ProduktbeschreibungArtikelnummer 4840313Zutaten & AllergeneZutaten: pflanzliche \xc3\x96le (Olive, Sonnenblume), frisches Basilikum 30%, CASHEWKERNE, Parmigiano Reggiano g.U. K\xc3\xa4se 5% (MILCH), Maisfaser, Molkepulver (MILCH), Salz, MILCHeiweiss, natives Oliven\xc3\xb6l extra, Zucker, Basilikumextrakt, nat\xc3\xbcrliche Aromen (MILCH), S\xc3\xa4ureregulator: Milchs\xc3\xa4ure, Knoblauch. Kann Spuren von anderen Schalenfr\xc3\xbcchten (Hartschalenobst) enthalten.Allergenhinweise: Enth\xc3\xa4lt: Milch und Milcherzeugnisse (einschlie\xc3\x9flich Lactose). N\xc3\xbcsse und Nusserzeugnisse. Kaschunuss und Kaschunusserzeugnisse.N\xc3\xa4hrwerteDurchschnittliche N\xc3\xa4hrwerteUnzubereitet pro 100 gEnergie1.989 kJEnergie482 kcalFett46 gFett, davon ges\xc3\xa4ttigte Fetts\xc3\xa4uren7,1 gKohlenhydrate9,8 gKohlenhydrate, davon Zucker5,5 gBallaststoffe5 gEiwei\xc3\x9f4,7 gSalz3,25 gHinweiseAufbewahrungs- und Verwendungshinweis: Nach dem \xc3\x96ffnen gek\xc3\xbchlt 5 Tage haltbar.ArtikeldetailsMarke: BarillaUrsprungsland: ItalienKontaktKontaktname: Barilla G. e R. Fratelli S.p.A.Kontaktadresse: Via Mantova 166, Parma - ItalyMaximale Bestellmenge: 15 St\xc3\xbcckF\xc3\xbcr die vorstehenden Angaben wird keine Haftung \xc3\xbcbernommen. Bitte pr\xc3\xbcfen Sie im Einzelfall die Angaben auf der jeweiligen Produktverpackung, nur diese sind verbindlich.Das Produktdesign kann von der Abbildung abweichen.'",Im Franzosengewann 3,Rewe,Dein Markt für italienischen Genuss,2023-07-09,"Gültig ab morgen bis Samstag, 15.07.2023"
Barilla Pesto Basilico Vegan,https://img.rewe-static.de/REWE28_2023/3263361/26586190-10_digital-image.png?impolicy=s-offers&imwidth=200&output-format=image/webp,,https://shop.rewe.de/productList?search=2832136,,"je 195-g-Glas , (1 kg = 10.21)",Aktion,"1,99 €","b'ProduktbeschreibungArtikelnummer 3263361Zutaten & AllergeneZutaten: Basilikum 35,6%, pflanzliche \xc3\x96le (Olive, Sonnenblume), CASHEWKERNE, Glukosesirup, Wasser, modifizierte Maisst\xc3\xa4rke, Salz, nat\xc3\xbcrliche Aromen, natives Oliven\xc3\xb6l extra, Zucker, S\xc3\xa4ureregulator Milchs\xc3\xa4ure. Kann Spuren von anderen Schalenfr\xc3\xbcchten (Hartschalenobst) enthalten.Allergenhinweise: Enth\xc3\xa4lt: Kaschunuss und Kaschunusserzeugnisse. Kann enthalten: N\xc3\xbcsse und Nusserzeugnisse.N\xc3\xa4hrwerteDurchschnittliche N\xc3\xa4hrwerteUnzubereitet pro 100 gEnergie1.780 kJEnergie431 kcalFett41 gFett, davon ges\xc3\xa4ttigte Fetts\xc3\xa4uren5,5 gKohlenhydrate12 gKohlenhydrate, davon Zucker3,3 gBallaststoffe2 gEiwei\xc3\x9f2,5 gSalz3 gHinweiseAufbewahrungs- und Verwendungshinweis: Nach dem \xc3\x96ffnen gek\xc3\xbchlt 5 Tage haltbar.ArtikeldetailsMarke: BarillaEigenschaften: Vegan, Vegetarisch, LaktosefreiUrsprungsland: ItalienKontaktKontaktname: Barilla G. e R. Fratelli - Societ\xc3\xa0 per AzioniKontaktadresse: Via Mantova 166, Parma - ItalyMaximale Bestellmenge: 15 St\xc3\xbcckF\xc3\xbcr die vorstehenden Angaben wird keine Haftung \xc3\xbcbernommen. Bitte pr\xc3\xbcfen Sie im Einzelfall die Angaben auf der jeweiligen Produktverpackung, nur diese sind verbindlich.Das Produktdesign kann von der Abbildung abweichen.'",Im Franzosengewann 3,Rewe,Dein Markt für italienischen Genuss,2023-07-09,"Gültig ab morgen bis Samstag, 15.07.2023"
Barilla Collezione Farfalle,https://img.rewe-static.de/REWE28_2023/7905005/32879874-15_digital-image.png?impolicy=s-offers&imwidth=200&output-format=image/webp,,https://shop.rewe.de/productList?search=2832136,,"je 500-g-Pckg , (1 kg = 3.58)",Aktion,"1,79 €","b'ProduktbeschreibungArtikelnummer 7905005Zutaten & AllergeneZutaten: HARTWEIZENGRIESS, Wasser. Kann Spuren von Sojabohnen enthalten.Allergenhinweise: Enth\xc3\xa4lt: Weizen und Weizenerzeugnisse (glutenhaltiges Getreide). Glutenhaltiges Getreide und glutenhaltige Getreideerzeugnisse. Kann enthalten: Soja und Sojaerzeugnisse.N\xc3\xa4hrwerteDurchschnittliche N\xc3\xa4hrwerteUnzubereitet pro 100 gEnergie1.521 kJEnergie359 kcalFett2 gFett, davon ges\xc3\xa4ttigte Fetts\xc3\xa4uren0,5 gKohlenhydrate71,2 gKohlenhydrate, davon Zucker3,5 gBallaststoffe3 gEiwei\xc3\x9f12,5 gSalz0,013 gHinweiseAufbewahrungs- und Verwendungshinweis: Trocken, vor Licht und W\xc3\xa4rme gesch\xc3\xbctzt lagern.ArtikeldetailsMarke: BarillaUrsprungsland: ItalienKontaktKontaktname: Barilla G. e R. Fratelli S.p.A.Kontaktadresse: Via Mantova 166, Parma - ItalyMaximale Bestellmenge: 15 St\xc3\xbcckF\xc3\xbcr die vorstehenden Angaben wird keine Haftung \xc3\xbcbernommen. Bitte pr\xc3\xbcfen Sie im Einzelfall die Angaben auf der jeweiligen Produktverpackung, nur diese sind verbindlich.Das Produktdesign kann von der Abbildung abweichen.'",Im Franzosengewann 3,Rewe,Dein Markt für italienischen Genuss,2023-07-09,"Gültig ab morgen bis Samstag, 15.07.2023"
REWE Beste Wahl Balsamico Creme,https://img.rewe-static.de/REWE28_2023/0888363/23928271-32_digital-image.png?impolicy=s-offers&imwidth=200&output-format=image/webp,,https://shop.rewe.de/productList?search=2832136,,"je 250-ml-Fl , (1 l = 7.16)",Aktion,"1,79 €","b'ProduktbeschreibungArtikelnummer 888363Ihr au\xc3\x9fergew\xc3\xb6hnlicher Geschmack ist ideal zur Verfeinerung von Salaten, Gem\xc3\xbcse und Fleisch geeinigt.\n\nHergestellt f\xc3\xbcr: REWE Markt GmbH, D-50603 K\xc3\xb6ln. Zutaten & AllergeneZutaten: Traubenmostkonzentrat, Aceto Balsamico di Modena IGP 39% (Traubenmostkonzentrat, Weinessig, Farbstoff Ammonsulfit-Zuckerkul\xc3\xb6r, Antioxidationsmittel KALIUMMETABISULFIT), Weinessig, Verdickungsmittel (Guarkernmehl, Xanthan). Zusatzstoffe: E 150d, E 224, E 412, E 415Allergenhinweise: Schwefeldioxid und Sulfite in einer Konzentration von mehr als 10 mg/kg oder 10 mg/l, als SO2 angegebenN\xc3\xa4hrwerteDurchschnittliche N\xc3\xa4hrwertepro 100 mlEnergie938 kJEnergie220 kcalFett0 gFett, davon ges\xc3\xa4ttigte Fetts\xc3\xa4uren0 gKohlenhydrate52,5 gKohlenhydrate, davon Zucker43,5 gEiwei\xc3\x9f0,5 gSalz1,14 gHinweiseAufbewahrungshinweise: Nach dem \xc3\x96ffnen im K\xc3\xbchlschrank aufbewahren.Verwendungshinweise: Trocken lagern. Vor W\xc3\xa4rme sch\xc3\xbctzen.ArtikeldetailsMarke: REWE Beste WahlUrsprungsland: ItalienKontaktKontaktname: Drogheria e Alimentari Deutschland GmbHKontaktadresse: H\xc3\xbcttenstrasse 87, 87600 Kaufbeuren, DeutschlandMaximale Bestellmenge: 15 St\xc3\xbcckF\xc3\xbcr die vorstehenden Angaben wird keine Haftung \xc3\xbcbernommen. Bitte pr\xc3\xbcfen Sie im Einzelfall die Angaben auf der jeweiligen Produktverpackung, nur diese sind verbindlich.Das Produktdesign kann von der Abbildung abweichen.'",Im Franzosengewann 3,Rewe,Dein Markt für italienischen Genuss,2023-07-09,"Gültig ab morgen bis Samstag, 15.07.2023"
Barilla Spaghetti Al Bronzo,https://img.rewe-static.de/REWE28_2023/8745035/37803714-8_digital-image.png?impolicy=s-offers&imwidth=200&output-format=image/webp,,https://shop.rewe.de/productList?search=2832136,,"je 400-g-Pckg , (1 kg = 4.48)",Aktion,"1,79 €","b'ProduktbeschreibungArtikelnummer 8745035Zutaten & AllergeneZutaten: HARTWEIZENGRIESS, Wasser. Kann Spuren von Sojabohnen und Senf enthalten.Allergenhinweise: Enth\xc3\xa4lt: Weizen und Weizenerzeugnisse (glutenhaltiges Getreide). Glutenhaltiges Getreide und glutenhaltige Getreideerzeugnisse. Kann enthalten: Soja und Sojaerzeugnisse. Senf- und Senferzeugnisse.N\xc3\xa4hrwerteDurchschnittliche N\xc3\xa4hrwerteUnzubereitet pro 100 gEnergie1.521 kJEnergie359 kcalFett2 gFett, davon ges\xc3\xa4ttigte Fetts\xc3\xa4uren0,4 gKohlenhydrate69,7 gKohlenhydrate, davon Zucker3,5 gBallaststoffe3 gEiwei\xc3\x9f14 gSalz0,013 gHinweiseAufbewahrungs- und Verwendungshinweis: Trocken, vor Licht und W\xc3\xa4rme gesch\xc3\xbctzt lagern.ArtikeldetailsMarke: BarillaUrsprungsland: ItalienKontaktKontaktname: Barilla G. e R. Fratelli S.p.A.Kontaktadresse: Via Mantova 166, Parma - ItalyMaximale Bestellmenge: 15 St\xc3\xbcckF\xc3\xbcr die vorstehenden Angaben wird keine Haftung \xc3\xbcbernommen. Bitte pr\xc3\xbcfen Sie im Einzelfall die Angaben auf der jeweiligen Produktverpackung, nur diese sind verbindlich.Das Produktdesign kann von der Abbildung abweichen.'",Im Franzosengewann 3,Rewe,Dein Markt für italienischen Genuss,2023-07-09,"Gültig ab morgen bis Samstag, 15.07.2023"
Rana Tortelloni,https://img.rewe-static.de/REWE28_2023/8657317/33918696-8_digital-image.png?impolicy=s-offers&imwidth=200&output-format=image/webp,,https://shop.rewe.de/productList?search=2832136,,"versch. Sorten , je 250-g-Pckg , (1 kg = 10.76)",Aktion,"2,69 €","b'ProduktbeschreibungArtikelnummer 8657317Zutaten & AllergeneZutaten: F\xc3\x9cLLUNG 53%: Basilikum Pesto 35%,(Sonnenblumen\xc3\xb6l, Basilikum 27% Pecorino Romano g.U. (gesch\xc3\xbctzte Ursprungsbezeichnung) K\xc3\x84SE 14%, KACHUN\xc3\x9cSSE, geriebener K\xc3\x84SE, Kochsalz, Pinienkerne 3%), Ricotta 33% (MOLKE, MILCH, Kochsalz), Pflanzenfasern (Mais und Kartoffeln) Mozzarella K\xc3\x84SE, Paniermehl (WeichWEIZENmehl, Wasser, Kochsalz, Hefe), LAKTOSE, St\xc3\xa4rke, nat\xc3\xbcrliche Aromen (enth\xc3\xa4lt GERSTE). TEIGWAREN 47%: WeichWEIZENmehl, EIER 30%,HartWEIZENgrie\xc3\x9f. Hergestellt in einem Werk, das auch SCHALENFR\xc3\x9cCHTE, FISCHE, KREBSTIERE, WICHTIERE, SOJABOHNEN und SELLERIE verwendet.Allergenhinweise: Enth\xc3\xa4lt: Glutenhaltiges Getreide und glutenhaltige Getreideerzeugnisse. Milch und Milcherzeugnisse (einschlie\xc3\x9flich Lactose). N\xc3\xbcsse und Nusserzeugnisse. Eier und Eierzeugnisse. Kann enthalten: Krebstiere und Krebstiererzeugnisse. Weichtiere und Weichtiererzeugnisse. Fisch und Fischerzeugnisse. Soja und Sojaerzeugnisse. Sellerie und Sellerieerzeugnisse.N\xc3\xa4hrwerteDurchschnittliche N\xc3\xa4hrwerteUnzubereitet pro 100 gEnergie1.225 kJEnergie292 kcalFett12 gFett, davon ges\xc3\xa4ttigte Fetts\xc3\xa4uren3,1 gKohlenhydrate32 gKohlenhydrate, davon Zucker4,1 gBallaststoffe6,2 gEiwei\xc3\x9f11 gSalz0,98 gHinweiseAufbewahrungs- und Verwendungshinweis: Im K\xc3\xbchlschrank bei +4\xc2\xb0C bis max. +7\xc2\xb0C aufbewahren. Nach dem \xc3\x96ffnen innerhalb von 3 Tagen verbrauchen.Information: Unter Schutzatmosph\xc3\xa4re verpackt.ArtikeldetailsMarke: Giovanni RanaUrsprungsland: ItalienKontaktKontaktname: Pastificio RANA S.p.A.Kontaktadresse: Via Pacinotti, 25 - 37057 San Giovanni Lupatoto (VR) - ItaliaMaximale Bestellmenge: 15 St\xc3\xbcckF\xc3\xbcr die vorstehenden Angaben wird keine Haftung \xc3\xbcbernommen. Bitte pr\xc3\xbcfen Sie im Einzelfall die Angaben auf der jeweiligen Produktverpackung, nur diese sind verbindlich.Das Produktdesign kann von der Abbildung abweichen.'",Im Franzosengewann 3,Rewe,Dein Markt für italienischen Genuss,2023-07-09,"Gültig ab morgen bis Samstag, 15.07.2023"
Alta Badia,https://img.rewe-static.de/REWE28_2023/0351001/26962937-8_digital-image.png?impolicy=s-offers&imwidth=200&output-format=image/webp,,https://shop.rewe.de/productList?search=2832136,,"ital. Hartkäse, mind. 50% Fett i.Tr. , je 100 g",Aktion,"1,99 €","b'ProduktbeschreibungArtikelnummer 351001Frisch f\xc3\xbcr dich aus unserer Servicetheke. \n \nZutaten: pasteurisierte MILCH, Salz, MILCHS\xc3\x84UREBAKTERIEN, tierisches Lab, Konservierungsstoff: LYSOZYM (aus EI), Natamycin, Farbstoff: AMMONSULFITZUCKERKUL\xc3\x96R \n \nLaktosefrei* \n*Laktosegehalt: unter 0, 1g/100g \n \nRinde nicht zum Verzehr geeignet! \n \nN\xc3\xa4hrwerte je 100g: \nEnergie: 1704kJ \nEnergie: 411kcal \nFett: 33,5g \nFett, davon ges\xc3\xa4ttigte Fetts\xc3\xa4uren: 24,1g \nKohlenhydrate: 0,1g \nKohlenhydrate, davon Zucker: 0,1g \nEiwei\xc3\x9f: 27,3g \nSalz: 1,7g ArtikeldetailsEigenschaften: LaktosefreiMaximale Bestellmenge: 15 St\xc3\xbcckF\xc3\xbcr die vorstehenden Angaben wird keine Haftung \xc3\xbcbernommen. Bitte pr\xc3\xbcfen Sie im Einzelfall die Angaben auf der jeweiligen Produktverpackung, nur diese sind verbindlich.Das Produktdesign kann von der Abbildung abweichen.'",Im Franzosengewann 3,Rewe,Dein Markt für italienischen Genuss,2023-07-09,"Gültig ab morgen bis Samstag, 15.07.2023"
Belli Cantuccini,https://img.rewe-static.de/REWE28_2023/0218662/22322908-38_digital-image.png?impolicy=s-offers&imwidth=200&output-format=image/webp,,https://shop.rewe.de/productList?search=2832136,,"je 250-g-Pckg , (1 kg = 10.36)",Aktion,"2,59 €","b""ProduktbeschreibungArtikelnummer 218662Mit 25% Mandelanteil. Zutaten & AllergeneZutaten: WEIZENMEHL, Zucker, MANDELN (25%), pasteurisierte VOLLEIER, pasteurisiertes H\xc3\x9cHNEREIGELB, BUTTER, Bl\xc3\xbctenhonig, Salz. Backtriebmittel: Ammoniumhydrogencarbonat, Dinatriumdiphosphat, Natriumhydrogencarbonat, Aromen. Kann Spuren von anderen SCHALENFR\xc3\x9cCHTEN und SOJA enthalten.Allergenhinweise: Enth\xc3\xa4lt: Weizen und Weizenerzeugnisse (glutenhaltiges Getreide). Mandeln und Mandelerzeugnisse. Eier und Eierzeugnisse. Milch und Milcherzeugnisse (einschlie\xc3\x9flich Lactose). Kann enthalten: Soja und Sojaerzeugnisse. N\xc3\xbcsse und Nusserzeugnisse.N\xc3\xa4hrwerteDurchschnittliche N\xc3\xa4hrwerteUnzubereitet pro 100 gEnergie1.774 kJEnergie424 kcalFett16 gFett, davon ges\xc3\xa4ttigte Fetts\xc3\xa4uren3 gKohlenhydrate60 gKohlenhydrate, davon Zucker32 gEiwei\xc3\x9f10 gSalz0,06 gHinweiseAufbewahrungs- und Verwendungshinweis: K\xc3\xbchl und trocken lagern.ArtikeldetailsUrsprungsland: ItalienKontaktKontaktname: Biscottificio Belli srlKontaktadresse: Via dell'Albereto, 26/28/30, I-50041 Calenzano - FirenzeMaximale Bestellmenge: 15 St\xc3\xbcckF\xc3\xbcr die vorstehenden Angaben wird keine Haftung \xc3\xbcbernommen. Bitte pr\xc3\xbcfen Sie im Einzelfall die Angaben auf der jeweiligen Produktverpackung, nur diese sind verbindlich.Das Produktdesign kann von der Abbildung abweichen.""",Im Franzosengewann 3,Rewe,Dein Markt für italienischen Genuss,2023-07-09,"Gültig ab morgen bis Samstag, 15.07.2023"
Mionetto Prosecco Spumante DOC,https://img.rewe-static.de/REWE28_2023/2104631/22280027-24_digital-image.png?impolicy=s-offers&imwidth=200&output-format=image/webp,,https://shop.rewe.de/productList?search=2832136,,"versch. Sorten , je 0,75-l-Fl , (1 l = 9.32)",Aktion,"6,99 €","b""Bestellung ab 18 Jahren.F\xc3\xbcr dieses Produkt gilt das Jugendschutzgesetz.ProduktbeschreibungArtikelnummer 2104631Der Prosecco D.O.C. Treviso Brut der Prestige-Linie \xc3\xbcberrascht selbst ausgesprochene Kenner. \nDieser hochwertige Spumante interpretiert die Kategorie 'Brut' v\xc3\xb6llig neu und z\xc3\xa4hlt geschmacklich zu den modernsten seiner Klasse. \nDer Prosecco D.O.C. Treviso Brut besticht durch seine leuchtend strohgelbe Farbe, intensive Perlage, ein fruchtiges Bukett nach Golden Delicious \xc3\x84pfeln und Birnen \nsowie durch feine Aromen nach Akazienhonig. Mionetto Prosecco D.O.C. Treviso Brut zeichnet sich durch sein elegantes Design aus. Das raffiniert moderne Etikett im 27-Grad-Winkel spiegelt sich in der Halsschleife wider.\n\nAlkoholgehalt: 11% Vol.... mehr anzeigenZutaten & AllergeneZutaten:  Enth\xc3\xa4lt Sulfite Zusatzstoffe: E 220Allergenhinweise: Schwefeldioxid und Sulfite in einer Konzentration von mehr als 10 mg/kg oder 10 mg/l, als SO2 angegebenArtikeldetailsMarke: MionettoUrsprungsland: ItalienKontaktKontaktname: Mionetto SPAKontaktadresse: Valdobbiadene, ItalienMaximale Bestellmenge: 15 St\xc3\xbcckF\xc3\xbcr die vorstehenden Angaben wird keine Haftung \xc3\xbcbernommen. Bitte pr\xc3\xbcfen Sie im Einzelfall die Angaben auf der jeweiligen Produktverpackung, nur diese sind verbindlich.Das Produktdesign kann von der Abbildung abweichen.""",Im Franzosengewann 3,Rewe,Dein Markt für italienischen Genuss,2023-07-09,"Gültig ab morgen bis Samstag, 15.07.2023"
Galbani Mozzarella Mini,https://img.rewe-static.de/REWE28_2023/0594382/965610-29_digital-image.png?impolicy=s-offers&imwidth=200&output-format=image/webp,,https://shop.rewe.de/productList?search=2832136,,"38% Fett i.Tr. , je 260-g-Pckg , (1 kg = 13.27) , 150-g-Abtropfgew.",Aktion,"1,99 €","b'ProduktbeschreibungArtikelnummer 594382Zutaten & AllergeneZutaten: pasteurisierte KuhMILCH, Lab, Salz, S\xc3\xa4uerungsmittel:Zitronens\xc3\xa4ureAllergenhinweise: Enth\xc3\xa4lt: Milch und Milcherzeugnisse (einschlie\xc3\x9flich Lactose).N\xc3\xa4hrwerteDurchschnittliche N\xc3\xa4hrwerteUnzubereitet pro 100 gEnergie819 kJEnergie197 kcalFett13,5 gFett, davon ges\xc3\xa4ttigte Fetts\xc3\xa4uren9,4 gKohlenhydrate1,3 gKohlenhydrate, davon Zucker0,6 gEiwei\xc3\x9f17,5 gSalz0,6 gHinweiseAufbewahrungs- und Verwendungshinweis: bei 8\xc2\xb0C mindestens haltbar bis: siehe VerpackungsaufdruckArtikeldetailsMarke: GalbaniNettof\xc3\xbcllmenge: 260 GUrsprungsland: ItalienAbtropfgewicht: 150 gKontaktKontaktname: Lactalis Deutschland GmbHKontaktadresse: Am Yachthafen 2, 77694 KehlMaximale Bestellmenge: 15 St\xc3\xbcckF\xc3\xbcr die vorstehenden Angaben wird keine Haftung \xc3\xbcbernommen. Bitte pr\xc3\xbcfen Sie im Einzelfall die Angaben auf der jeweiligen Produktverpackung, nur diese sind verbindlich.Das Produktdesign kann von der Abbildung abweichen.'",Im Franzosengewann 3,Rewe,Dein Markt für italienischen Genuss,2023-07-09,"Gültig ab morgen bis Samstag, 15.07.2023"
Cellini Grappa Oro,https://img.rewe-static.de/REWE28_2023/9687947/3673940-23_digital-image.png?impolicy=s-offers&imwidth=200&output-format=image/webp,,https://shop.rewe.de/productList?search=2832136,,"38% Vol. , je 0,7-l-Fl , (1 l = 12.84)",Aktion,"8,99 €","b'Bestellung ab 18 Jahren.F\xc3\xbcr dieses Produkt gilt das Jugendschutzgesetz.ProduktbeschreibungArtikelnummer 9687947Zutaten & AllergeneAllergenhinweise: Enth\xc3\xa4lt: Keine deklarationspflichtigen Allergene enthalten.HinweiseAufbewahrungs- und Verwendungshinweis: Lagerf\xc3\xa4higkeit 2-3 Jahre, bei Zimmertemperatur servierenArtikeldetailsMarke: CelliniUrsprungsland: ItalienAlkoholgehalt: 38 % Vol.KontaktKontaktname: Rolf Herzberger GmbH & Co. KGKontaktadresse: Am Felsbrunnen 8, 66119 Saarbr\xc3\xbcckenMaximale Bestellmenge: 15 St\xc3\xbcckF\xc3\xbcr die vorstehenden Angaben wird keine Haftung \xc3\xbcbernommen. Bitte pr\xc3\xbcfen Sie im Einzelfall die Angaben auf der jeweiligen Produktverpackung, nur diese sind verbindlich.Das Produktdesign kann von der Abbildung abweichen.'",Im Franzosengewann 3,Rewe,Dein Markt für italienischen Genuss,2023-07-09,"Gültig ab morgen bis Samstag, 15.07.2023"
Bertolli Brotaufstrich,https://img.rewe-static.de/REWE28_2023/4942531/3398660-52_digital-image.png?impolicy=s-offers&imwidth=200&output-format=image/webp,,https://shop.rewe.de/productList?search=2832136,,"mit mildem Olivenöl , je 250-g-Becher , (1 kg = 5.56)",Aktion,"1,39 €","b'ProduktbeschreibungArtikelnummer 4942531- Das Gute des Olivenbaums \n- Enth\xc3\xa4lt viele einfach unges\xc3\xa4ttigte Fetts\xc3\xa4uren \n- F\xc3\xbcr eine gesunde, ausgewogene Ern\xc3\xa4hrung. \n- Passt hervorragend zu herzhafen Brotbel\xc3\xa4gen \n- Aber auch zu S\xc3\xbc\xc3\x9fem, wie Marmelade oder Honig \n \nDas \xe2\x80\x9eGute des Olivenbaums\xe2\x80\x9c t\xc3\xa4glich aufs Brot! \nDer BERTOLLI Brotaufstrich enth\xc3\xa4lt viele einfach unges\xc3\xa4ttigte Fetts\xc3\xa4uren, die einen wichtigen Bestandteil der traditionellen mediterranen Ern\xc3\xa4hrung darstellen. \nDer BERTOLLI Brotaufstrich tr\xc3\xa4gt somit dem Trend nach einer gesunden und ausgewogenen Ern\xc3\xa4hrung Rechnung. \nEr passt hervorragend sowohl zu herzhaften Brotbel\xc3\xa4gen als auch zu S\xc3\xbc\xc3\x9fem, wie Marmelade oder Honig. Zu den beliebtesten Brotsorten geh\xc3\xb6ren Focaccia, Tramezzino, Ciabatta und Bruschetta. Die mediterranen Brotspezialit\xc3\xa4ten werden oft zusammen mit Tomaten, Oliven und anderen Leckereien als kleiner Imbiss f\xc3\xbcr zwischendurch gereicht. \nDie K\xc3\xbcche Italiens geh\xc3\xb6rt zu den bekanntesten und beliebtesten K\xc3\xbcchen der Welt. Vollkommen zu Recht, denn sie besticht durch ihre frischen Zutaten, ihren Abwechslungsreichtum und gilt zudem als gesund. Hier finden Sie typisch italienische K\xc3\xb6stlichkeiten, mit denen Sie sich \xe2\x80\x9ela Dolce Vita\xe2\x80\x9c in Ihr eigenes Zuhause holen k\xc3\xb6nnen. \n \nBERTOLLI Brotaufstrich ist in 250g und 500g Packungen erh\xc3\xa4ltlich.... mehr anzeigenDas Gute des OlivenbaumsZutaten & AllergeneZutaten: Trinkwasser, pflanzliche \xc3\x96le und Fette (Raps, Palm, Palm ganz geh\xc3\xa4rtet), 7,5% Oliven\xc3\xb6l, BUTTERMILCH, modifizierte St\xc3\xa4rke, Speisesalz (0,4%), Emulgatoren (Mono- und Diglyceride von Speisefetts\xc3\xa4uren, Lecithine), Konservierungsstoff (Kaliumsorbat), S\xc3\xa4uerungsmittel (Citronens\xc3\xa4ure), Aroma, Vitamine (A, D), Farbstoff (Carotin).Allergenhinweise: Enth\xc3\xa4lt: Milch und Milcherzeugnisse (einschlie\xc3\x9flich Lactose).N\xc3\xa4hrwerteDurchschnittliche N\xc3\xa4hrwerteUnzubereitet pro 100 gEnergie1.445 kJEnergie339 kcalFett38 gFett, davon ges\xc3\xa4ttigte Fetts\xc3\xa4uren9 gKohlenhydrate1,7 gKohlenhydrate, davon Zucker< 0,5 gEiwei\xc3\x9f< 0,5 gSalz0,4 gVitamin A800 \xc2\xb5gVitamin D7,5 \xc2\xb5gHinweiseAufbewahrungs- und Verwendungshinweis: Beste Lagerung zwischen +2\xc2\xb0C und +15\xc2\xb0CArtikeldetailsMarke: BertolliUrsprungsland: NiederlandePackungsgr\xc3\xb6\xc3\x9fe: 250gKontaktKontaktname: Upfield Deutschland GmbHKontaktadresse: Valentinskamp 88-90, 20355 HamburgMaximale Bestellmenge: 15 St\xc3\xbcckF\xc3\xbcr die vorstehenden Angaben wird keine Haftung \xc3\xbcbernommen. Bitte pr\xc3\xbcfen Sie im Einzelfall die Angaben auf der jeweiligen Produktverpackung, nur diese sind verbindlich.Das Produktdesign kann von der Abbildung abweichen.'",Im Franzosengewann 3,Rewe,Dein Markt für italienischen Genuss,2023-07-09,"Gültig ab morgen bis Samstag, 15.07.2023"
REWE Beste Wahl Gnocchi,https://img.rewe-static.de/REWE28_2023/0118000/23128380-35_digital-image.png?impolicy=s-offers&imwidth=200&output-format=image/webp,,https://shop.rewe.de/productList?search=2832136,,"frische, italienische Kartoffelklößchen aus 78% Kartoffelpüree , je 400-g-Btl , (1 kg = 3.73)",Aktion,"1,49 €","b'ProduktbeschreibungArtikelnummer 118000Zutaten & AllergeneZutaten: Kartoffelp\xc3\xbcree 80% (Wasser, Kartoffelflocken 16%), WEIZENMEHL, Kartoffelst\xc3\xa4rke, Reismehl, Speisesalz.  Kann Spuren von Soja enthalten.Allergenhinweise: Glutenhaltiges Getreide (Weizen, Gerste, Roggen, Hafer, Dinkel, Kamut oder Hybridst\xc3\xa4mme)N\xc3\xa4hrwerteDurchschnittliche N\xc3\xa4hrwertepro 100 gEnergie630 kJEnergie149 kcalFett0,6 gFett, davon ges\xc3\xa4ttigte Fetts\xc3\xa4uren0 gKohlenhydrate32 gKohlenhydrate, davon Zucker0,3 gEiwei\xc3\x9f3,3 gSalz1,08 gHinweiseAufbewahrungshinweise:  Nach dem \xc3\x96ffnen k\xc3\xbchl lagern und innerhalb von drei Tagen verzehren.Verwendungshinweise: Bei +4 \xc2\xb0C bis +7 \xc2\xb0CArtikeldetailsMarke: REWE Beste WahlUrsprungsland: ItalienPackungsgr\xc3\xb6\xc3\x9fe: 400gKontaktKontaktname: CIEMME ALIMENTARI S.R.L.Kontaktadresse: VIA FOGGIA, 28/30, BARLETTA, 76121, ItalienMaximale Bestellmenge: 15 St\xc3\xbcckF\xc3\xbcr die vorstehenden Angaben wird keine Haftung \xc3\xbcbernommen. Bitte pr\xc3\xbcfen Sie im Einzelfall die Angaben auf der jeweiligen Produktverpackung, nur diese sind verbindlich.Das Produktdesign kann von der Abbildung abweichen.'",Im Franzosengewann 3,Rewe,Dein Markt für italienischen Genuss,2023-07-09,"Gültig ab morgen bis Samstag, 15.07.2023"
REWE Feine Welt Burrata,https://img.rewe-static.de/REWE28_2023/8643941/34631257-8_digital-image.png?impolicy=s-offers&imwidth=200&output-format=image/webp,,https://shop.rewe.de/productList?search=2832136,,"je 250-g-Becher-Pckg , (1 kg = 14.90) , 100-g-Abtropfgew.",Aktion,"1,49 €","b'ProduktbeschreibungArtikelnummer 8643941Zutaten & AllergeneZutaten: Zutaten: K\xc3\x84SEREIMILCH, SAHNE 41 %, Speisesalz, mikrobielles Lab, S\xc3\xa4uerungsmittel Milchs\xc3\xa4ure, Konservierungsstoff Kaliumsorbat. Zusatzstoffe: E 202, E 270Allergenhinweise: Milch und Milcherzeugnisse (einschlie\xc3\x9flich Lactose)N\xc3\xa4hrwerteDurchschnittliche N\xc3\xa4hrwertepro 100 gEnergie1.054 kJEnergie255 kcalFett23,9 gFett, davon ges\xc3\xa4ttigte Fetts\xc3\xa4uren15,3 gKohlenhydrate2 gKohlenhydrate, davon Zucker2 gEiwei\xc3\x9f8 gSalz0,54 gArtikeldetailsMarke: REWE Feine WeltNettof\xc3\xbcllmenge: 250 GUrsprungsland: ItalienAbtropfgewicht: 100 gKontaktKontaktname: DELIZIA S.P.A.Kontaktadresse: Contrada Pizunzo Z.I., Noci (BA), 70015, ItalienMaximale Bestellmenge: 15 St\xc3\xbcckF\xc3\xbcr die vorstehenden Angaben wird keine Haftung \xc3\xbcbernommen. Bitte pr\xc3\xbcfen Sie im Einzelfall die Angaben auf der jeweiligen Produktverpackung, nur diese sind verbindlich.Das Produktdesign kann von der Abbildung abweichen.'",Im Franzosengewann 3,Rewe,Dein Markt für italienischen Genuss,2023-07-09,"Gültig ab morgen bis Samstag, 15.07.2023"
La Gioiosa Prosecco Frizzante Treviso DOC,https://img.rewe-static.de/REWE28_2023/0321558/7433190-34_digital-image.png?impolicy=s-offers&imwidth=200&output-format=image/webp,,https://shop.rewe.de/productList?search=2832136,,"je 0,75-l-Fl , (1 l = 7.99)",Aktion,"5,99 €","b'Bestellung ab 18 Jahren.F\xc3\xbcr dieses Produkt gilt das Jugendschutzgesetz.ProduktbeschreibungArtikelnummer 321558Alkoholgehalt: 10 % Vol. Zutaten & AllergeneZutaten: Nicht deklariert:Perlwein, Antioxidationsmittel (Ascorbins\xc3\xa4ure, Schwefeldioxid). Zusatzstoffe: E 220Allergenhinweise: Schwefeldioxid und Sulfite in einer Konzentration von mehr als 10 mg/kg oder 10 mg/l, als SO2 angegebenN\xc3\xa4hrwerteDurchschnittliche N\xc3\xa4hrwertepro 100 mlEnergie292 kJEnergie70 kcalFett0 gFett, davon ges\xc3\xa4ttigte Fetts\xc3\xa4uren0 gKohlenhydrate2,9 gKohlenhydrate, davon Zucker1,1 gEiwei\xc3\x9f< 0,1 gSalz< 0,02 gHinweiseVerwendungshinweise: Trocken und k\xc3\xbchl lagern. Vor Licht sch\xc3\xbctzen.ArtikeldetailsMarke: La GioiosaUrsprungsland: ItalienKontaktKontaktname: La Gioiosa S.p.A.Kontaktadresse: Crocetta del Montello, 31035, ItalienMaximale Bestellmenge: 15 St\xc3\xbcckF\xc3\xbcr die vorstehenden Angaben wird keine Haftung \xc3\xbcbernommen. Bitte pr\xc3\xbcfen Sie im Einzelfall die Angaben auf der jeweiligen Produktverpackung, nur diese sind verbindlich.Das Produktdesign kann von der Abbildung abweichen.'",Im Franzosengewann 3,Rewe,Dein Markt für italienischen Genuss,2023-07-09,"Gültig ab morgen bis Samstag, 15.07.2023"
REWE Beste Wahl Bolognese Pasta Sauce,https://img.rewe-static.de/REWE28_2023/7123786/27851232-24_digital-image.png?impolicy=s-offers&imwidth=200&output-format=image/webp,,https://shop.rewe.de/productList?search=2832136,,"je 380-ml-Glas , (1 l = 4.18)",Aktion,"1,59 €","b'ProduktbeschreibungArtikelnummer 7123786Zutaten & AllergeneZutaten: Passierte Tomaten 61%, Rindfleisch 28%, Gem\xc3\xbcse 6% (Karotten, Zwiebeln, Knoblauch), Zucker, Salz, S\xc3\xa4uerungsmittel Milchs\xc3\xa4ure, Sonnenblumen\xc3\xb6l, Kr\xc3\xa4uter, Gew\xc3\xbcrze.    Zusatzstoffe: E 270N\xc3\xa4hrwerteDurchschnittliche N\xc3\xa4hrwertepro 100 mlEnergie392 kJEnergie94 kcalFett4,6 gFett, davon ges\xc3\xa4ttigte Fetts\xc3\xa4uren2,3 gKohlenhydrate6,1 gKohlenhydrate, davon Zucker5 gEiwei\xc3\x9f5,9 gSalz1,4 gHinweiseAufbewahrungshinweise: Nach dem \xc3\x96ffnen im K\xc3\xbchlschrank aufbewahren und innerhalb von 3-4 Tagen verbrauchen.Verwendungshinweise: Trocken lagern. Vor W\xc3\xa4rme sch\xc3\xbctzen.ArtikeldetailsMarke: REWE Beste WahlUrsprungsland: ItalienKontaktKontaktname: LA DORIA S.P.A.Kontaktadresse: Via Nazionale, 320, Angri, 84012, ItalienMaximale Bestellmenge: 15 St\xc3\xbcckF\xc3\xbcr die vorstehenden Angaben wird keine Haftung \xc3\xbcbernommen. Bitte pr\xc3\xbcfen Sie im Einzelfall die Angaben auf der jeweiligen Produktverpackung, nur diese sind verbindlich.Das Produktdesign kann von der Abbildung abweichen.'",Im Franzosengewann 3,Rewe,Dein Markt für italienischen Genuss,2023-07-09,"Gültig ab morgen bis Samstag, 15.07.2023"
S. Pellegrino Mineralwasser,https://img.rewe-static.de/REWE28_2023/0106565/9482880-6_digital-image.png?impolicy=s-offers&imwidth=200&output-format=image/webp,,https://shop.rewe.de/productList?search=2832136,,"je 1-l-Fl , zzgl. 0.25 Pfand",Aktion,"0,79 €","b'ProduktbeschreibungArtikelnummer 106565S.Pellegrino bringt echtes italienisches Lebensgef\xc3\xbchl direkt zu Ihnen nach Hause. Ein feinperliges nat\xc3\xbcrliches Mineralwasser f\xc3\xbcr Genie\xc3\x9fer, das stilvoll erfrischt.\n\nUnnachahmlich prickelnd und frisch, so schmeckt S.Pellegrino. Das liegt an der einzigartigen Balance, die das Mineralwasser besonders feinperlig sprudeln l\xc3\xa4sst. Ausgewogen mineralisiert, ist S.Pellegrino ein ebenso spritziger wie authentischer Genuss.\n\nEin Wasser mit Tradition\n\nS.Pellegrino, das bereits seit 1899 Genie\xc3\x9fer begeistert, entspringt in der nahezu unber\xc3\xbchrten Natur der lombardischen Alpen. Auf seiner langen Reise durch breite Schichten Dolomit- und Gipsgestein erh\xc3\xa4lt das Wasser seine ausgewogene Mineralisierung und seine besondere Reinheit. \n\nImmer ein Genuss\n\nMit seinem nat\xc3\xbcrlichen und lebendigen Temperament ist S.Pellegrino ein Wasser, das einfach \xc3\xbcberall genossen werden kann. Darum gibt es den italienischen Klassiker auch in handlichen 1,0L Pet-Flaschen \xe2\x80\x93 Wie geschaffen f\xc3\xbcr geselliges Beisammensein und genussvolles Miteinander. Besonders praktisch: Im Sixpack haben Sie immer eine Flasche in Reserve.\n\nS.Pellegrino\n- Nat\xc3\xbcrliches feinperliges Mineralwasser\n- Erfrischt einfach herrlich italienisch\n- Ein Wasser f\xc3\xbcr anspruchsvolle Genie\xc3\x9fer\n- Ausgewogen mineralisiert und besonders prickelnd\n- Wassergenuss f\xc3\xbcr jede Gelegenheit in handlichen Pet-Flaschen... mehr anzeigenSeit 1899 ist S.Pellegrino eine Ikone italienischen Stils und eines der bekanntesten nat\xc3\xbcrlichen Mineralwasser der Welt. Dank seiner perfekten Balance aus feinperliger Kohlens\xc3\xa4ure, Mineralisierung und einzigartigem Geschmack \xc3\xbcberzeugt es Sommeliers und Spitzenk\xc3\xb6che. \nSo inspiriert S.Pellegrino dazu, genussvolle Momente auszukosten und sie zu teilen.N\xc3\xa4hrwerteDurchschnittliche N\xc3\xa4hrwerteUnzubereitet pro 1 lChlorid49,4 mgCalcium166 mgMagnesium49,5 mgBikarbonat244 mgNatrium30 mgSulfat 4+401 mgHinweiseAufbewahrungs- und Verwendungshinweis: Vor Sonne und Frost sch\xc3\xbctzen und an einem sauberen, trockenen, k\xc3\xbchlen und geruchlosen Ort lagern.Information: Abdampfr\xc3\xbcckstand bei 180 Grad: 853 mg/LpH-Wert an der Quelle: 7,7Aus der S.PELLEGRINO Quelle in SAN PELLEGRINO TERME (BERGAMO) ITALIENArtikeldetailsMarke: San PellegrinoNettof\xc3\xbcllmenge: 1 LUrsprungsland: ItalienPackungsgr\xc3\xb6\xc3\x9fe: 1,0lKontaktKontaktname: SANPELLEGRINO S.P.A.Kontaktadresse: 24016 SAN PELLEGRINO TERME (BG)LOCALIT\xc3\x80 RUSPINO - ITALIENMaximale Bestellmenge: 15 St\xc3\xbcckF\xc3\xbcr die vorstehenden Angaben wird keine Haftung \xc3\xbcbernommen. Bitte pr\xc3\xbcfen Sie im Einzelfall die Angaben auf der jeweiligen Produktverpackung, nur diese sind verbindlich.Das Produktdesign kann von der Abbildung abweichen.'",Im Franzosengewann 3,Rewe,Dein Markt für italienischen Genuss,2023-07-09,"Gültig ab morgen bis Samstag, 15.07.2023"
Fabbri Amarenakirschen,https://img.rewe-static.de/REWE28_2023/3797015/1603730-43_digital-image.png?impolicy=s-offers&imwidth=200&output-format=image/webp,,https://shop.rewe.de/productList?search=2832136,,"Frucht in Sirup , je 230-g-Glas , (1 kg = 39.90) , 100-g-Abtropfgew.",Aktion,"3,99 €","b'ProduktbeschreibungArtikelnummer 3797015Zutaten & AllergeneZutaten: Zucker, Sauerkirschen (43%), Glukose Sirup, Wasser, Sauerkirschen saft (4%), S\xc3\xa4uerungsmittel Zitronens\xc3\xa4ure, Aromen, Farbstoff Anthocyane aus Pflanzenextrakt.N\xc3\xa4hrwerteDurchschnittliche N\xc3\xa4hrwerteUnzubereitet pro 100 gEnergie1.160 kJEnergie273 kcalFett0 gFett, davon ges\xc3\xa4ttigte Fetts\xc3\xa4uren0 gKohlenhydrate67 gKohlenhydrate, davon Zucker61 gEiwei\xc3\x9f0 gSalz0,03 gArtikeldetailsMarke: FabbriNettof\xc3\xbcllmenge: 230 GUrsprungsland: ItalienAbtropfgewicht: 100 gKontaktKontaktname: G. Fabbri Deutschland GmbHKontaktadresse: Witneystr. 1 - 82008 UnterhachingMaximale Bestellmenge: 15 St\xc3\xbcckF\xc3\xbcr die vorstehenden Angaben wird keine Haftung \xc3\xbcbernommen. Bitte pr\xc3\xbcfen Sie im Einzelfall die Angaben auf der jeweiligen Produktverpackung, nur diese sind verbindlich.Das Produktdesign kann von der Abbildung abweichen.'",Im Franzosengewann 3,Rewe,Dein Markt für italienischen Genuss,2023-07-09,"Gültig ab morgen bis Samstag, 15.07.2023"
Citterio Mailänder Salami Strafino,https://img.rewe-static.de/REWE28_2023/5310075/23629963-7_digital-image.png?impolicy=s-offers&imwidth=200&output-format=image/webp,,https://shop.rewe.de/productList?search=2832136,,je 100 g,Aktion,"2,19 €","b'ProduktbeschreibungArtikelnummer 5310075Frisch f\xc3\xbcr dich aus unserer Servicetheke.\n\nZutaten: Schweinefleisch, Nitritp\xc3\xb6kelsalz (Kochsalz), Konservierungsstoff: E250 Gew\xc3\xbcrze, Zucker, Gew\xc3\xbcrzkr\xc3\xa4uter Antioxidationsmittel: E300, E 301, Konservierungsstoff. E252.\n\n100g Salami werden hergestellt aus 155g Schweinefleisch.\n\nN\xc3\xa4hrwerte je 100g:\nEnergie: 1660kj\nEnergie: 400kcal\nFett: 32g\nFett, davon ges\xc3\xa4ttigte Fetts\xc3\xa4uren: 13g\nKohlenhydrate: 0,5g\nKohlenhydrate, davon Zucker: 0,5g\nEiwei\xc3\x9f: 28g\nSalz: 4,6g fein gek\xc3\xb6rnte Spitzenqualit\xc3\xa4t, leicht ger\xc3\xa4uchert, mindestens 3 Monate gereiftZutaten & AllergeneZutaten: Schweinefleisch, Nitritp\xc3\xb6kelsalz (Kochsalz, Konservierungsstoff: Natriumnitrit), Zucker, Gew\xc3\xbcrze, Gew\xc3\xbcrzkr\xc3\xa4uter, Antioxidationsmittel: Natriumascorbat, Ascorbins\xc3\xa4ure; Konservierungsstoff: Kaliumnitrat. 100g Salami hergestellt aus 155g Schweinefleisch.Allergenhinweise: Enth\xc3\xa4lt: Keine deklarationspflichtigen Allergene enthalten.N\xc3\xa4hrwerteDurchschnittliche N\xc3\xa4hrwerteUnzubereitet pro 100 gEnergie1.660 kJEnergie400 kcalFett32 gFett, davon ges\xc3\xa4ttigte Fetts\xc3\xa4uren13 gKohlenhydrate0,5 gKohlenhydrate, davon Zucker0,5 gEiwei\xc3\x9f28 gSalz4,6 gHinweiseAufbewahrungs- und Verwendungshinweis: Unter +7\xc2\xb0C lagern, nach dem \xc3\x96ffnen innerhalb kurzer Zeit verzehren.Information: Konservierungsstoff: E250 (Natriumnitrit), E252(Kaliumnitrat); Antioxidationsmittel: E301 (Natriumascorbat), E300 (Ascorbins\xc3\xa4ure); Wursth\xc3\xbclle nicht essbar.ArtikeldetailsUrsprungsland: ItalienKontaktKontaktname: Giuseppe Citterio Salumificio S.P.A.Kontaktadresse: Corso Europa 206, 20017 RhoMaximale Bestellmenge: 15 St\xc3\xbcckF\xc3\xbcr die vorstehenden Angaben wird keine Haftung \xc3\xbcbernommen. Bitte pr\xc3\xbcfen Sie im Einzelfall die Angaben auf der jeweiligen Produktverpackung, nur diese sind verbindlich.Das Produktdesign kann von der Abbildung abweichen.'",Im Franzosengewann 3,Rewe,Dein Markt für italienischen Genuss,2023-07-09,"Gültig ab morgen bis Samstag, 15.07.2023"
Mestemacher Wraps,https://img.rewe-static.de/REWE28_2023/8722477/35581003-6_digital-image.png?impolicy=s-offers&imwidth=200&output-format=image/webp,,https://shop.rewe.de/productList?search=2832136,,"versch. Sorten , je 300-g-Pckg , (1 kg = 7.30)",Aktion,"2,19 €","b'ProduktbeschreibungArtikelnummer 8722477Man nehme italienisches Temperament, ein Originalrezept und kaltgepresstes Oliven\xc3\xb6l. Diese Zutaten machen unsere Wraps zu etwas ganz Besonderem!Zutaten & AllergeneZutaten: DINKELMEHL*1), Wasser, natives Oliven\xc3\xb6l extra* (5 %), Sonnenblumen\xc3\xb6l*, Meersalz, nat\xc3\xbcrliches Rosmarinaroma. * aus biologischem Landbau 1)Mit Dinkelmehl aus der EU. Kann Spuren von SOJA und SENF enthalten.Allergenhinweise: Enth\xc3\xa4lt: Glutenhaltiges Getreide und glutenhaltige Getreideerzeugnisse. Dinkel und Dinkelerzeugnisse (glutenhaltiges Getreide). Kann enthalten: Soja und Sojaerzeugnisse. Senf- und Senferzeugnisse.N\xc3\xa4hrwerteDurchschnittliche N\xc3\xa4hrwerteUnzubereitet pro 100 gEnergie1.280 kJEnergie304 kcalFett8,6 gFett, davon ges\xc3\xa4ttigte Fetts\xc3\xa4uren1,1 gKohlenhydrate45,7 gKohlenhydrate, davon Zucker1 gBallaststoffe3,1 gEiwei\xc3\x9f9,5 gSalz1,1 gHinweiseAufbewahrungs- und Verwendungshinweis: K\xc3\xbchl und trocken lagern.ArtikeldetailsMarkeMestemacherEigenschaftenVegan, BioUrsprungslandItalienServiervorschlagNach Belieben f\xc3\xbcllen, z.B. mit Salat oder Geschnetzeltem.\xc3\x96ko KontrollstelleIT-BIO-007Ort der ErzeugungEU-LandwirtschaftKontaktKontaktname: Mestemacher GmbHKontaktadresse: Postfach 2451 - 33254 G\xc3\xbcterslohF\xc3\xbcr die vorstehenden Angaben wird keine Haftung \xc3\xbcbernommen. Bitte pr\xc3\xbcfen Sie im Einzelfall die Angaben auf der jeweiligen Produktverpackung, nur diese sind verbindlich.Das Produktdesign kann von der Abbildung abweichen.'",Im Franzosengewann 3,Rewe,Dein Markt für italienischen Genuss,2023-07-09,"Gültig ab morgen bis Samstag, 15.07.2023"
Ponnath Delikatess Prosciutto Cotto,https://img.rewe-static.de/REWE28_2023/2231617/25159847-9_digital-image.png?impolicy=s-offers&imwidth=200&output-format=image/webp,,https://shop.rewe.de/productList?search=2832136,,"je 150-g-Pckg , (1 kg = 15.27)",Aktion,"2,29 €","b'ProduktbeschreibungArtikelnummer 2231617Original italienisches Rezept. Zutaten & AllergeneZutaten: Schweinefleisch, S\xc3\xa4ureregulatoren: Kaliumlactat, Natriumacetate; jodiertes Speisesalz (Speisesalz, Kaliumjodat), Glukosesirup, Gew\xc3\xbcrzextrakte, Gew\xc3\xbcrze, Stabilisator: Triphosphate, Antioxidationsmittel: Natriumascorbat, Konservierungsstoff: Natriumnitrit.N\xc3\xa4hrwerteDurchschnittliche N\xc3\xa4hrwerteUnzubereitet pro 100 gEnergie455 kJEnergie108 kcalFett2,5 gFett, davon ges\xc3\xa4ttigte Fetts\xc3\xa4uren1,1 gKohlenhydrate1 gKohlenhydrate, davon Zucker0,8 gEiwei\xc3\x9f20,2 gSalz2,1 gHinweiseAufbewahrungs- und Verwendungshinweis: Bei unter + 7\xc2\xb0CInformation: Unter Schutzatmosph\xc3\xa4re verpackt.ArtikeldetailsMarke: PonnathUrsprungsland: DeutschlandKontaktKontaktname: Ponnath DIE MEISTERMETZGER GmbHKontaktadresse: Bayreuther Str. 40, D-95478 KemnathF\xc3\xbcr die vorstehenden Angaben wird keine Haftung \xc3\xbcbernommen. Bitte pr\xc3\xbcfen Sie im Einzelfall die Angaben auf der jeweiligen Produktverpackung, nur diese sind verbindlich.Das Produktdesign kann von der Abbildung abweichen.'",Im Franzosengewann 3,Rewe,Dein Markt für italienischen Genuss,2023-07-09,"Gültig ab morgen bis Samstag, 15.07.2023"
Saupiquet Thunfisch,https://img.rewe-static.de/REWE28_2023/2071371/2519210-44_digital-image.png?impolicy=s-offers&imwidth=200&output-format=image/webp,,https://shop.rewe.de/productList?search=2832136,,"Naturale ohne Öl oder in Sonnenblumenöl , je 185-g-Dose , (1 kg = 17.79) , 140-g-Abtropfgew.",Aktion,"2,49 €","b'ProduktbeschreibungArtikelnummer 2071371Zutaten & AllergeneZutaten: THUNFISCH (Skipjack, Katsuwonus pelamis), Wasser, Salz.Allergenhinweise: Enth\xc3\xa4lt: Fisch und Fischerzeugnisse.N\xc3\xa4hrwerteDurchschnittliche N\xc3\xa4hrwerteUnzubereitet pro 100 gEnergie410 kJEnergie97 kcalFett0,5 gFett, davon ges\xc3\xa4ttigte Fetts\xc3\xa4uren0,2 gKohlenhydrate0 gKohlenhydrate, davon Zucker0 gBallaststoffe0 gEiwei\xc3\x9f23 gSalz1,3 gHinweiseAufbewahrungs- und Verwendungshinweis: Mindestens haltbar bis: siehe VerpackungsaufdruckArtikeldetailsMarke: SaupiquetNettof\xc3\xbcllmenge: 185 GUrsprungsland: EcuadorAbtropfgewicht: 140 gSorte: Naturale ohne \xc3\x96lKontaktKontaktname: Saupiquet D GmbHKontaktadresse: Postfach 9307, 47750 KrefeldMaximale Bestellmenge: 15 St\xc3\xbcckF\xc3\xbcr die vorstehenden Angaben wird keine Haftung \xc3\xbcbernommen. Bitte pr\xc3\xbcfen Sie im Einzelfall die Angaben auf der jeweiligen Produktverpackung, nur diese sind verbindlich.Das Produktdesign kann von der Abbildung abweichen.'",Im Franzosengewann 3,Rewe,Dein Markt für italienischen Genuss,2023-07-09,"Gültig ab morgen bis Samstag, 15.07.2023"
Lavazza Crema e Gusto oder Espresso,https://img.rewe-static.de/REWE28_2023/7713584/29141056-8_digital-image.png?impolicy=s-offers&imwidth=200&output-format=image/webp,,https://shop.rewe.de/productList?search=2832136,,"versch. Sorten , je 250-g-Pckg , (1 kg = 13.96)",Aktion,"3,49 €","b'ProduktbeschreibungArtikelnummer 7713584Die Mischung besteht aus einer Auswahl hochwertiger, rassiger Arabicas (30 %) und Robustas (70 %) und ist ideal f\xc3\xbcr all diejenigen geeignet, die jeden Augenblick des Tages ein intensives Geschmackserlebnis genie\xce\xb2en m\xc3\xb6chten. HinweiseAufbewahrungs- und Verwendungshinweis: trocken lagern.ArtikeldetailsMarke: LavazzaUrsprungsland: ItalienSorte: Crema e GustoKontaktKontaktname: LUIGI LAVAZZA S.p.A.Kontaktadresse: C. SO NOVARA, 59- 10154 TORINO - ITALIAMaximale Bestellmenge: 15 St\xc3\xbcckF\xc3\xbcr die vorstehenden Angaben wird keine Haftung \xc3\xbcbernommen. Bitte pr\xc3\xbcfen Sie im Einzelfall die Angaben auf der jeweiligen Produktverpackung, nur diese sind verbindlich.Das Produktdesign kann von der Abbildung abweichen.'",Im Franzosengewann 3,Rewe,Dein Markt für italienischen Genuss,2023-07-09,"Gültig ab morgen bis Samstag, 15.07.2023"
Gelb- oder weißfleischige Nektarinen,https://img.rewe-static.de/REWE28_2023/1952216/8687110-16_digital-image.png?impolicy=s-offers&imwidth=200&output-format=image/webp,,https://shop.rewe.de/productList?search=2832136,,"Kl. I , je 1 kg",Aktion,"2,99 €",nan,Im Franzosengewann 3,Rewe,Obst & Gemüse,2023-07-09,"Gültig ab morgen bis Samstag, 15.07.2023"
Cherry Romatomaten,https://img.rewe-static.de/REWE28_2023/7011307/31264808-6_digital-image.png?impolicy=s-offers&imwidth=200&output-format=image/webp,,https://shop.rewe.de/productList?search=2832136,,"Kl. I , je 400-g-Eimer , (1 kg = 6.23)",Aktion,"2,49 €",nan,Im Franzosengewann 3,Rewe,Obst & Gemüse,2023-07-09,"Gültig ab morgen bis Samstag, 15.07.2023"
Kluth Nusskernmischung,https://img.rewe-static.de/REWE28_2023/7137980/26996585-15_digital-image.png?impolicy=s-offers&imwidth=200&output-format=image/webp,,https://shop.rewe.de/productList?search=2832136,,"je 200-g-Btl , (1 kg = 14.95)",Aktion,"2,99 €","b'ProduktbeschreibungArtikelnummer 7137980Zutaten & AllergeneZutaten: CASHEWKERNE, MANDELN(blanchiert), MANDELN, R\xc3\x96MER-HASELNUSSKERNE, WALNUSSKERNEKann Spuren von weiteren Schalenfr\xc3\xbcchten und Erdn\xc3\xbcssen enthalten.Allergenhinweise: Kann enthalten: N\xc3\xbcsse und Nusserzeugnisse.N\xc3\xa4hrwerteDurchschnittliche N\xc3\xa4hrwerteUnzubereitet pro 100 gEnergie2.608 kJEnergie630 kcalFett54 gFett, davon ges\xc3\xa4ttigte Fetts\xc3\xa4uren5,6 gFett, davon einfach unges\xc3\xa4ttigte Fetts\xc3\xa4uren32 gFett, davon mehrfach unges\xc3\xa4ttigte Fetts\xc3\xa4uren14 gKohlenhydrate11 gKohlenhydrate, davon Zucker4,8 gBallaststoffe7,7 gEiwei\xc3\x9f21 gSalz0,01 gVitamin E16 mgHinweiseAufbewahrungs- und Verwendungshinweis: Bei trockener Lagerung mindestens haltbar bis Ende: siehe VerpackungsaufdruckInformation: unter Schutzatmosph\xc3\xa4re verpacktArtikeldetailsMarke: KluthUrsprungsland: DeutschlandKontaktKontaktname: Herbert Kluth (GmbH & Co. KG)Kontaktadresse: Heidekoppel 31, 24558 Henstedt-UlzburgF\xc3\xbcr die vorstehenden Angaben wird keine Haftung \xc3\xbcbernommen. Bitte pr\xc3\xbcfen Sie im Einzelfall die Angaben auf der jeweiligen Produktverpackung, nur diese sind verbindlich.Das Produktdesign kann von der Abbildung abweichen.'",Im Franzosengewann 3,Rewe,Obst & Gemüse,2023-07-09,"Gültig ab morgen bis Samstag, 15.07.2023"
Honigmelone,https://img.rewe-static.de/REWE28_2023/8436752/8613000-32_digital-image.png?impolicy=s-offers&imwidth=200&output-format=image/webp,,https://shop.rewe.de/productList?search=2832136,,"Kl. I , je St",Aktion,"2,99 €",nan,Im Franzosengewann 3,Rewe,Obst & Gemüse,2023-07-09,"Gültig ab morgen bis Samstag, 15.07.2023"
Mini Rispentomaten,https://img.rewe-static.de/REWE28_2023/1365342/31264784-8_digital-image.png?impolicy=s-offers&imwidth=200&output-format=image/webp,,https://shop.rewe.de/productList?search=2832136,,"Kl. I , je 350-g-Schale , (1 kg = 4.26)",Aktion,"1,49 €",nan,Im Franzosengewann 3,Rewe,Obst & Gemüse,2023-07-09,"Gültig ab morgen bis Samstag, 15.07.2023"
Paprika Mix,https://img.rewe-static.de/REWE28_2023/1913973/20938720-3_digital-image.png?impolicy=s-offers&imwidth=200&output-format=image/webp,,https://shop.rewe.de/productList?search=2832136,,"Kl. I , je 500-g-Pckg , (1 kg = 3.38)",Aktion,"1,69 €",nan,Im Franzosengewann 3,Rewe,Obst & Gemüse,2023-07-09,"Gültig ab morgen bis Samstag, 15.07.2023"
Gelb- oder weißfleischige Bio Nektarinen,https://img.rewe-static.de/REWE28_2023/0429803/31335233-4_digital-image.png?impolicy=s-offers&imwidth=200&output-format=image/webp,,https://shop.rewe.de/productList?search=2832136,,"Kl. II , je 1 kg",,"3,99 €",nan,Im Franzosengewann 3,Rewe,Obst & Gemüse,2023-07-09,"Gültig ab morgen bis Samstag, 15.07.2023"
Speisemöhren,https://img.rewe-static.de/REWE28_2023/8108969/34636887-3_digital-image.png?impolicy=s-offers&imwidth=200&output-format=image/webp,,https://shop.rewe.de/productList?search=2832136,,"Kl. I , je 1-kg-Btl",Aktion,"1,29 €",nan,Im Franzosengewann 3,Rewe,Obst & Gemüse,2023-07-09,"Gültig ab morgen bis Samstag, 15.07.2023"
Avocados,https://img.rewe-static.de/REWE28_2023/8906591/33086431-2_digital-image.png?impolicy=s-offers&imwidth=200&output-format=image/webp,,https://shop.rewe.de/productList?search=2832136,,"»Hass«, Kl. I , je 700-g-Netz , (1 kg = 2.84)",Aktion,"1,99 €",nan,Im Franzosengewann 3,Rewe,Obst & Gemüse,2023-07-09,"Gültig ab morgen bis Samstag, 15.07.2023"
Bio Bunte Salate,https://img.rewe-static.de/REWE28_2023/0146421/27990259-3_digital-image.png?impolicy=s-offers&imwidth=200&output-format=image/webp,,https://shop.rewe.de/productList?search=2832136,,"Kl. II , je St",,"1,99 €",nan,Im Franzosengewann 3,Rewe,Obst & Gemüse,2023-07-09,"Gültig ab morgen bis Samstag, 15.07.2023"
Rote Bio Tafeläpfel,https://img.rewe-static.de/REWE28_2023/3366162/30888510-8_digital-image.png?impolicy=s-offers&imwidth=200&output-format=image/webp,,https://shop.rewe.de/productList?search=2832136,,"Sorte: siehe Etikett, Kl. II , je 1-kg-Netz",,"1,99 €",nan,Im Franzosengewann 3,Rewe,Obst & Gemüse,2023-07-09,"Gültig ab morgen bis Samstag, 15.07.2023"
Bio Bananen,https://img.rewe-static.de/REWE28_2023/7708685/30177546-11_digital-image.png?impolicy=s-offers&imwidth=200&output-format=image/webp,,https://shop.rewe.de/productList?search=2832136,,je 1 kg,,"1,79 €",nan,Im Franzosengewann 3,Rewe,Obst & Gemüse,2023-07-09,"Gültig ab morgen bis Samstag, 15.07.2023"
Mini Gurken,https://img.rewe-static.de/REWE28_2023/7240489/32111765-5_digital-image.png?impolicy=s-offers&imwidth=200&output-format=image/webp,,https://shop.rewe.de/productList?search=2832136,,"Kl. I , je St",Aktion,"0,45 €",nan,Im Franzosengewann 3,Rewe,Obst & Gemüse,2023-07-09,"Gültig ab morgen bis Samstag, 15.07.2023"
Brombeeren,https://img.rewe-static.de/REWE28_2023/0561586/12563490-11_digital-image.png?impolicy=s-offers&imwidth=200&output-format=image/webp,,https://shop.rewe.de/productList?search=2832136,,"Kl. I , je 125-g-Schale , (1 kg = 14.32)",Aktion,"1,79 €",nan,Im Franzosengewann 3,Rewe,Obst & Gemüse,2023-07-09,"Gültig ab morgen bis Samstag, 15.07.2023"
Rispentomaten,https://img.rewe-static.de/REWE28_2023/2061181/34638052-8_digital-image.png?impolicy=s-offers&imwidth=200&output-format=image/webp,,https://shop.rewe.de/productList?search=2832136,,"Kl. I , je 1 kg",Aktion,"0,89 €",nan,Im Franzosengewann 3,Rewe,Obst & Gemüse,2023-07-09,"Gültig ab morgen bis Samstag, 15.07.2023"
Speisekartoffeln,https://img.rewe-static.de/REWE28_2023/8019779/33066527-3_digital-image.png?impolicy=s-offers&imwidth=200&output-format=image/webp,,https://shop.rewe.de/productList?search=2832136,,"Sorte, Kocheigenschaft und Ursprung: siehe Etikett, Qualität I , je 2-kg-Netz , (1 kg = 1.50)",Aktion,"2,99 €",nan,Im Franzosengewann 3,Rewe,Obst & Gemüse,2023-07-09,"Gültig ab morgen bis Samstag, 15.07.2023"
Zitronen,https://img.rewe-static.de/REWE28_2023/8131318/8722460-33_digital-image.png?impolicy=s-offers&imwidth=200&output-format=image/webp,,https://shop.rewe.de/productList?search=2832136,,"Sorte: siehe Etikett, Kl. I , je 500-g-Netz , (1 kg = 2.58)",Aktion,"1,29 €",nan,Im Franzosengewann 3,Rewe,Obst & Gemüse,2023-07-09,"Gültig ab morgen bis Samstag, 15.07.2023"
Plattnektarinen,https://img.rewe-static.de/REWE28_2023/2454901/12387090-12_digital-image.png?impolicy=s-offers&imwidth=200&output-format=image/webp,,https://shop.rewe.de/productList?search=2832136,,"Kl. I , je 500-g-Schale , (1 kg = 3.98)",Aktion,"1,99 €","b'ProduktbeschreibungArtikelnummer 2454901Spanien; Klasse I; Ursprungsland und Klasse k\xc3\xb6nnen je nach Angebot abweichen. \n\nSind im online Shop bei einem Produkt alternative Herkunftsl\xc3\xa4nder angegeben, so gilt das an der Ware ausgezeichnete Herkunftsland, welches Sie bei Warenlieferung \xc3\xbcberpr\xc3\xbcfen k\xc3\xb6nnen. ArtikeldetailsUrsprungsland: SpanienF\xc3\xbcr die vorstehenden Angaben wird keine Haftung \xc3\xbcbernommen. Bitte pr\xc3\xbcfen Sie im Einzelfall die Angaben auf der jeweiligen Produktverpackung, nur diese sind verbindlich.Das Produktdesign kann von der Abbildung abweichen.'",Im Franzosengewann 3,Rewe,Obst & Gemüse,2023-07-09,"Gültig ab morgen bis Samstag, 15.07.2023"
Eisbergsalat,https://img.rewe-static.de/REWE28_2023/1366237/36750087-3_digital-image.png?impolicy=s-offers&imwidth=200&output-format=image/webp,,https://shop.rewe.de/productList?search=2832136,,"Kl. I , je St",Aktion,"0,75 €",nan,Im Franzosengewann 3,Rewe,Obst & Gemüse,2023-07-09,"Gültig ab morgen bis Samstag, 15.07.2023"
Radieschen,https://img.rewe-static.de/REWE28_2023/6909086/4732590-14_digital-image.png?impolicy=s-offers&imwidth=200&output-format=image/webp,,https://shop.rewe.de/productList?search=2832136,,"Kl. I , je Bund",Aktion,"0,49 €",nan,Im Franzosengewann 3,Rewe,Obst & Gemüse,2023-07-09,"Gültig ab morgen bis Samstag, 15.07.2023"
Rote Stachelbeeren oder Rote Johannisbeeren,https://img.rewe-static.de/REWE28_2023/8399383/8570030-27_digital-image.png?impolicy=s-offers&imwidth=200&output-format=image/webp,,https://shop.rewe.de/productList?search=2832136,,"Kl. I , je z.B. 500 g , (1 kg = 4.98)",Aktion,"2,49 €",nan,Im Franzosengewann 3,Rewe,Obst & Gemüse,2023-07-09,"Gültig ab morgen bis Samstag, 15.07.2023"
Bio Zucchini,https://img.rewe-static.de/REWE28_2023/8181276/29354659-9_digital-image.png?impolicy=s-offers&imwidth=200&output-format=image/webp,,https://shop.rewe.de/productList?search=2832136,,"Kl. II , je 500-g-Pckg , (1 kg = 2.58)",,"1,29 €",nan,Im Franzosengewann 3,Rewe,Obst & Gemüse,2023-07-09,"Gültig ab morgen bis Samstag, 15.07.2023"
Gelb- oder weißfleischige Pfirsiche,https://img.rewe-static.de/REWE28_2023/7126212/31363907-4_digital-image.png?impolicy=s-offers&imwidth=200&output-format=image/webp,,https://shop.rewe.de/productList?search=2832136,,"Kl. I , je 1-kg-Schale",Aktion,"1,69 €",nan,Im Franzosengewann 3,Rewe,Obst & Gemüse,2023-07-09,"Gültig ab morgen bis Samstag, 15.07.2023"
Dunkle Pflaumen,https://img.rewe-static.de/REWE28_2023/7673066/20190760-11_digital-image.png?impolicy=s-offers&imwidth=200&output-format=image/webp,,https://shop.rewe.de/productList?search=2832136,,"Kl. I , je 500-g-Schale , (1 kg = 3.38)",Aktion,"1,69 €",nan,Im Franzosengewann 3,Rewe,Obst & Gemüse,2023-07-09,"Gültig ab morgen bis Samstag, 15.07.2023"
10% Rabatt auf alle REWE Beste Wahl Produkte,https://img.rewe-static.de/REWE_TH25_2023/8939024/39291866-9_digital-image.png?impolicy=s-offers&imwidth=200&output-format=image/webp,,https://shop.rewe.de/productList?search=2832136,,Beim Kauf von mindestens 2 Produkten,App Deal,-10%,nan,Im Franzosengewann 3,Rewe,Mit der REWE App sparen,2023-07-09,"Gültig ab morgen bis Samstag, 15.07.2023"
Freixenet Produkten,https://img.rewe-static.de/REWE28_2023/8467214/31461078-22_digital-image.png?impolicy=s-offers&imwidth=200&output-format=image/webp,20fach Punkte,https://shop.rewe.de/productList?search=2832136,im Gesamtwert von über 2 €,,,,nan,Im Franzosengewann 3,Rewe,PAYBACK Punkte Highlights,2023-07-09,"Gültig ab morgen bis Samstag, 15.07.2023"
Batterien Energizer/Duracell,https://img.rewe-static.de/REWE28_2023/7996783/40194438-6_digital-image.png?impolicy=s-offers&imwidth=200&output-format=image/webp,10fach Punkte,https://shop.rewe.de/productList?search=2832136,im Gesamtwert von über 2 €,,,,nan,Im Franzosengewann 3,Rewe,PAYBACK Punkte Highlights,2023-07-09,"Gültig ab morgen bis Samstag, 15.07.2023"
Ültje Produkten,https://img.rewe-static.de/REWE28_2023/7884382/33479751-4_digital-image.png?impolicy=s-offers&imwidth=200&output-format=image/webp,30fach Punkte,https://shop.rewe.de/productList?search=2832136,im Gesamtwert von über 2 €,,,,nan,Im Franzosengewann 3,Rewe,PAYBACK Punkte Highlights,2023-07-09,"Gültig ab morgen bis Samstag, 15.07.2023"
Capri Sun Produkten,https://img.rewe-static.de/REWE28_2023/0194646/26222775-19_digital-image.png?impolicy=s-offers&imwidth=200&output-format=image/webp,20fach Punkte,https://shop.rewe.de/productList?search=2832136,im Gesamtwert von über 2 €,,,,nan,Im Franzosengewann 3,Rewe,PAYBACK Punkte Highlights,2023-07-09,"Gültig ab morgen bis Samstag, 15.07.2023"
Fackelbrot,https://img.rewe-static.de/REWE28_2023/2149313/25038501-16_digital-image.png?impolicy=s-offers&imwidth=200&output-format=image/webp,,https://shop.rewe.de/productList?search=2832136,,"versch. Sorten , je 100 g",Knaller,"1,29 €","b'ProduktbeschreibungArtikelnummer 2149313Frisch f\xc3\xbcr dich aus unserer Servicetheke. \n \nZutaten: 60% Weizentortilla (69% Weizenmehl, Wasser, Raps\xc3\xb6l, Backmittel (Backtriebmittel: E500, E450; Emulgator: E471; Traubenzucker, Konservierungsstoff: E202, E282; S\xc3\xa4uerungsmittel: E296; Stabilisator: E466; Mehlbehandlungsmittel: E920; Feuchthaltemittel: E422), Leinsamen, jodiertes Speisesalz, Karamell), 27% Fr\xc3\xbchlingszwiebelf\xc3\xbcllung (Salatmayonnaise 50% Fett (Raps\xc3\xb6l, Wasser, modifizierte St\xc3\xa4rke, Eigelb, Verdickungsmittel: E401, E412; Senfsaaten, Zucker, Branntweinessig, Salz, Gew\xc3\xbcrze), 24% Fr\xc3\xbchlingszwiebel, Gew\xc3\xbcrze (Sellerie), Kr\xc3\xa4uter, Salz, Glucosesirup, Raps\xc3\xb6l, Knoblauch, S\xc3\xa4uerungsmittel: E330; Verdickungsmittel: E417, E412; Konservierungsstoffe: E211, E202; modifizierte St\xc3\xa4rke, St\xc3\xa4rke, Maltodextrin, Hefe, Milcheiwei\xc3\x9f), 13 % Cheddar-Mozzarella-K\xc3\xa4semix 45% Fett i.Tr. (Milch, Salz, St\xc3\xa4rke, Farbstoff: E160b). \n \nN\xc3\xa4hrwerte je 100g: \nEnergie: 1390kJ \nEnergie: 332kcal \nFett: 19g \nFett, davon ges\xc3\xa4ttigte Fetts\xc3\xa4uren: 4,7g \nKohlenhydrate: 31g \nKohlenhydrate, davon Zucker: 2,5g \nEiwei\xc3\x9f: 9g \nNatrium: 0,8g \nBallaststoffe: 2,2g \n \nHerkunftsland: \nWeizentortilla: D\xc3\xa4nemark \nFr\xc3\xbchlingszwiebelf\xc3\xbcllung: Deutschland \nCheddar-Mozzarella-K\xc3\xa4semix: Niederlande... mehr anzeigenZutaten & AllergeneZutaten: 60% WEIzenfladen (WEIZENMEHL, Wasser, Palm\xc3\xb6l, jodiertes SpEIsesalz (SpEIsesalz, Kaliumjodat), LEInsamen, Backtriebmittel E500, S\xc3\xa4ureregulator E330, E296, Verdickungsmittel E412, Feuchthaltemittel E422, Emulgator E471, Konservierungsstoffe E202, E282), 26% Fr\xc3\xbchlingszwiebelf\xc3\xbcllung (Salatmayonnaise 50% Fett (Raps\xc3\xb6l, Wasser, modifizierte St\xc3\xa4rke, EIgelb, Verdickungsmittel E401, E412, SENFsaat, Zucker, BranntwEInessig, Salz, Gew\xc3\xbcrze), 24% Fr\xc3\xbchlingszwiebel, Gew\xc3\xbcrze (SELLERIE), Kr\xc3\xa4uter, Salz, Glucosesirup, Raps\xc3\xb6l, Knoblauch, S\xc3\xa4uerungsmittel E330, Verdickungsmittel E417, E412, Konservierungsstoffe E211, E202, modifizierte St\xc3\xa4rke, St\xc3\xa4rke, Maltodextrin, Hefe, MILCHEIwEI\xc3\x9f), 13 % Cheddar-Mozzarella-K\xc3\xa4semix 45% Fett i.Tr. (MILCH, SpEIsesalz, St\xc3\xa4rke, Farbstoff E160b), Karamell, f\xc3\xa4rbend.  Sesam, Soja, Sulfit, Erdnuss, LupineArtikeldetailsMarke: BardF\xc3\xbcr die vorstehenden Angaben wird keine Haftung \xc3\xbcbernommen. Bitte pr\xc3\xbcfen Sie im Einzelfall die Angaben auf der jeweiligen Produktverpackung, nur diese sind verbindlich.Das Produktdesign kann von der Abbildung abweichen.'",Im Franzosengewann 3,Rewe,Frische & Convenience,2023-07-09,"Gültig ab morgen bis Samstag, 15.07.2023"
Schweine-Filet,https://img.rewe-static.de/REWE28_2023/2532018/34373114-10_digital-image.png?impolicy=s-offers&imwidth=200&output-format=image/webp,,https://shop.rewe.de/productList?search=2832136,,je 100 g,Knaller,"0,88 €","b'ProduktbeschreibungArtikelnummer 2532018Das beste St\xc3\xbcck vom Schwein, ideal auch f\xc3\xbcr Medaillons; SB-verpackt. Ursprung: Deutschland. Um einen Hinweis zur tats\xc3\xa4chlichen Herkunft zu erhalten, beachten Sie bitte die Angaben auf der Ihnen gelieferten Ware selbst; nur diese sind ma\xc3\x9fgeblich wie auch verbindlich. VOR DEM VERZEHR GUT DURCHGAREN. NICHT ZUM ROHVERZEHR GEEIGNET. Die Haltbarkeit des Produktes ist bis zum angegebenen Datum durch die Einhaltung der angegebenen Temperatur gesichert. Bei einer Unterbrechung der K\xc3\xbchlkette \xc3\xbcber +4 \xc2\xb0C, empfehlen wir Ihnen den Verzehr am Tag des Einkaufes. Nach \xc3\x96ffnen der Packung Ware noch am selben Tag verwenden.... mehr anzeigenZutaten & AllergeneZutaten: -  -N\xc3\xa4hrwerteDurchschnittliche N\xc3\xa4hrwertepro 100 gEnergie448 kJEnergie106 kcalFett2 gFett, davon ges\xc3\xa4ttigte Fetts\xc3\xa4uren0,7 gKohlenhydrate0 gKohlenhydrate, davon Zucker0 gBallaststoffe0 gEiwei\xc3\x9f22 gSalz0,19 gArtikeldetailsMarke: Wilhelm BrandenburgNachhaltigkeitWeitere Informationen zu den Siegeln findest du in unserer Siegelkunde.Maximale Bestellmenge: 15 St\xc3\xbcckF\xc3\xbcr die vorstehenden Angaben wird keine Haftung \xc3\xbcbernommen. Bitte pr\xc3\xbcfen Sie im Einzelfall die Angaben auf der jeweiligen Produktverpackung, nur diese sind verbindlich.Das Produktdesign kann von der Abbildung abweichen.'",Im Franzosengewann 3,Rewe,Frische & Convenience,2023-07-09,"Gültig ab morgen bis Samstag, 15.07.2023"
Spare Ribs,https://img.rewe-static.de/REWE28_2023/2290040/31070165-4_digital-image.png?impolicy=s-offers&imwidth=200&output-format=image/webp,,https://shop.rewe.de/productList?search=2832136,,"vom Schwein, in versch. Marinaden, SB-verpackt , je 1 kg",Knaller,"9,90 €",nan,Im Franzosengewann 3,Rewe,Frische & Convenience,2023-07-09,"Gültig ab morgen bis Samstag, 15.07.2023"
Rote Wurst,https://img.rewe-static.de/REWE28_2023/7731883/23270769-10_digital-image.png?impolicy=s-offers&imwidth=200&output-format=image/webp,,https://shop.rewe.de/productList?search=2832136,,je 100 g,Aktion,"0,88 €","b'ProduktbeschreibungArtikelnummer 7731883Frisch f\xc3\xbcr dich aus unserer Servicetheke.\n\nZutaten: Schweinefleisch 80%, Wasser, Speck, jodiertes Speisesalz (Speisesalz, Kaliumjodat), Konservierungsstoff (Natriumnitrit), Gew\xc3\xbcrze, Stabilisatoren (Natriumcitrate, Diphosphate), Dextrose, Antioxidationsmittel (Ascorbins\xc3\xa4ure) , Gew\xc3\xbcrzextrakte, Maltodextrin, Schweinedarm, Rauch.\n\nKann Spuren von GLUTEN, MILCH und SENF enthalten.\n\nN\xc3\xa4hrwerte je 100g:\nEnergie: 1179kJ\nEnergie: 285kcal\nFett: 26g\nFett, davon ges\xc3\xa4ttigte Fetts\xc3\xa4uren: 12g\nKohlenhydrate: 0,5g\nKohlenhydrate, davon Zucker: 0,5g\nEiwei\xc3\x9f: 12g\nSalz: 2,2g... mehr anzeigenArtikeldetailsMarke: Wilhelm BrandenburgMaximale Bestellmenge: 15 St\xc3\xbcckF\xc3\xbcr die vorstehenden Angaben wird keine Haftung \xc3\xbcbernommen. Bitte pr\xc3\xbcfen Sie im Einzelfall die Angaben auf der jeweiligen Produktverpackung, nur diese sind verbindlich.Das Produktdesign kann von der Abbildung abweichen.Bei abgewogenen Waren zahlen Sie die im Markt tats\xc3\xa4chlich gewogene Menge. Der bei Abholung oder Lieferung zu zahlende Betrag kann deshalb von dem hier angegebenen Betrag abweichen. F\xc3\xbcr die Berechnung des hier angegebenen Betrags wird ein Durchschnittsgewicht des jeweiligen Artikels zu Grunde gelegt.'",Im Franzosengewann 3,Rewe,Frische & Convenience,2023-07-09,"Gültig ab morgen bis Samstag, 15.07.2023"
Bresso Kräuter der Provence,https://img.rewe-static.de/REWE28_2023/4533135/9167380-57_digital-image.png?impolicy=s-offers&imwidth=200&output-format=image/webp,,https://shop.rewe.de/productList?search=2832136,,"60% Fett i.Tr. , je 150-g-Pckg , (1 kg = 9.27)",Aktion,"1,39 €","b'ProduktbeschreibungArtikelnummer 4533135Die Qualit\xc3\xa4t der exklusiv von BRESSO entwickelten Kr\xc3\xa4uter-Mischung wird durch die Auswahl eigener Setzlinge und deren Anbau in der Provence garantiert. BRESSO steht f\xc3\xbcr unbeschwerten Frischk\xc3\xa4se-Genuss & provenzalisch-mediterrane Lebensweise. \nDie hohe Qualit\xc3\xa4t der vielf\xc3\xa4ltigen Zutaten kombiniert mit locker aufgeschlagenem Frischk\xc3\xa4se machen unseren BRESSO so besonders.\nDie Qualit\xc3\xa4t der exklusiv von BRESSO verwendeten Kr\xc3\xa4uter wird durch die Auswahl eigener Setzlinge & deren Anbau in der Provence garantiert. \nBRESSO. BESTE ZUTATEN IN LUFTIG-LOCKEREN FRISCHK\xc3\x84SE.\nOHNE GENTECHNIK, gem\xc3\xa4\xc3\x9f dem deutschen EG-Gentechnik-Durchf\xc3\xbchrungsgesetz.Zutaten & AllergeneZutaten: FRISCHK\xc3\x84SE, CREME FRA\xc3\x8eCHE, BUTTER, Kr\xc3\xa4uter der Provence, Kr\xc3\xa4uter, St\xc3\xa4rke, Gew\xc3\xbcrze, Speisesalz, nat\xc3\xbcrliche Aromen, Stickstoff zum Aufschlagen. Kann Spuren von Sellerie enthalten.Allergenhinweise: MilchEnth\xc3\xa4lt: Milch und Milcherzeugnisse (einschlie\xc3\x9flich Lactose). Kann enthalten: Sellerie und Sellerieerzeugnisse.N\xc3\xa4hrwerteDurchschnittliche N\xc3\xa4hrwerteUnzubereitet pro 100 gEnergie974 kJEnergie235 kcalFett21 gFett, davon ges\xc3\xa4ttigte Fetts\xc3\xa4uren14 gKohlenhydrate4,4 gKohlenhydrate, davon Zucker2,8 gEiwei\xc3\x9f7,2 gSalz1,1 gHinweiseAufbewahrungs- und Verwendungshinweis: Bei +2\xc2\xb0C bis +8\xc2\xb0C mindestens haltbar bis: siehe VerpackungsaufdruckInformation: 62% Fett i.Tr./F.i.T.ArtikeldetailsMarke: BressoUrsprungsland: DeutschlandKontaktKontaktname: Edelweiss GmbH & Co.KGKontaktadresse: D-87435 Kempten/Allg\xc3\xa4uMaximale Bestellmenge: 15 St\xc3\xbcckF\xc3\xbcr die vorstehenden Angaben wird keine Haftung \xc3\xbcbernommen. Bitte pr\xc3\xbcfen Sie im Einzelfall die Angaben auf der jeweiligen Produktverpackung, nur diese sind verbindlich.Das Produktdesign kann von der Abbildung abweichen.'",Im Franzosengewann 3,Rewe,Frische & Convenience,2023-07-09,"Gültig ab morgen bis Samstag, 15.07.2023"
Etorki,https://img.rewe-static.de/REWE28_2023/7327242/24091218-12_digital-image.png?impolicy=s-offers&imwidth=200&output-format=image/webp,,https://shop.rewe.de/productList?search=2832136,,"frz. Schnittkäse, aus Schafsmilch hergestellt, 54% Fett i.Tr. , je 100 g",Aktion,"1,89 €","b'ProduktbeschreibungArtikelnummer 7327242Frisch f\xc3\xbcr dich aus unserer Servicetheke. \n \nZutaten: pasteurisierte SCHAFSMILCH, Speisesalz, Konservierungsstoffe: Natamycin, LYSOZYM (aus EI), tierisches Lab. \n \nAllergene: Kuh-, Ziegen- und SCHAFSMILCH. \n \nLaktosefrei* \n*Laktosegehalt: unter 0, 1g/100g \n \nKunststoff\xc3\xbcberzug nicht zum Verzehr geeignet! Hergestellt in Maul\xc3\xa9on im Herzen des Baskenlandes, aus Schafsmilch, die in einem Umkreis von 80 km um die K\xc3\xa4serei gesammelt wird.  ETORKI\xc2\xae RESERVE symbolisiert die ganze Kraft und den Reichtum des Baskenlandes. Von unseren K\xc3\xa4semeistern gereift und ausgew\xc3\xa4hlt, ist sein Geschmack offen und schafartig. Seine Textur ist schmelzend und charakteristisch.Zutaten & AllergeneZutaten: pasteurisierte SCHAFSMILCH, Speisesalz, K\xc3\xa4sereikulturen, Lab, Konservierungsstoffe Natamycin (in der Rinde), Lysozym ( aus EIKLAR ). Hergestellt in einer K\xc3\xa4serei die Kuh- , Ziegen - und Schafsmilch verarbeitet.Allergenhinweise: Milch,EiklarEnth\xc3\xa4lt: Milch und Milcherzeugnisse (einschlie\xc3\x9flich Lactose). Eier und Eierzeugnisse.N\xc3\xa4hrwerteDurchschnittliche N\xc3\xa4hrwerteUnzubereitet pro 100 gEnergie1.629 kJEnergie393 kcalFett33 gFett, davon ges\xc3\xa4ttigte Fetts\xc3\xa4uren23 gKohlenhydrate< 0,5 gKohlenhydrate, davon Zucker< 0,5 gEiwei\xc3\x9f24 gSalz1,5 gCalcium710 mgHinweiseAufbewahrungs- und Verwendungshinweis: Bei +2\xc2\xb0C bis +8\xc2\xb0C mindestens haltbar bis: siehe VerpackungsaufdruckInformation: Kunststoff\xc3\xbcberzug nicht zum Verzehr geeignet., 54% Fett i.Tr.ArtikeldetailsMarke: EtorkiUrsprungsland: FrankreichKontaktKontaktname: Fromageries des ChaumesKontaktadresse: 155 avenue Rauski 64110 Juran\xc3\xa7on FranceMaximale Bestellmenge: 15 St\xc3\xbcckF\xc3\xbcr die vorstehenden Angaben wird keine Haftung \xc3\xbcbernommen. Bitte pr\xc3\xbcfen Sie im Einzelfall die Angaben auf der jeweiligen Produktverpackung, nur diese sind verbindlich.Das Produktdesign kann von der Abbildung abweichen.'",Im Franzosengewann 3,Rewe,Frische & Convenience,2023-07-09,"Gültig ab morgen bis Samstag, 15.07.2023"
St. Mang Allgäuer Limburger,https://img.rewe-static.de/REWE28_2023/4485173/942460-35_digital-image.png?impolicy=s-offers&imwidth=200&output-format=image/webp,,https://shop.rewe.de/productList?search=2832136,,"Weichkäse, 40% Fett i.Tr. , je 200-g-Pckg , (1 kg = 9.45)",Aktion,"1,89 €","b'ProduktbeschreibungArtikelnummer 4485173Der St.Mang Limburger ist ein \xe2\x80\x9eOriginal Allg\xc3\xa4uer\xe2\x80\x9c \xe2\x80\x93 so charaktervoll und\nausdrucksstark, wie das Allg\xc3\xa4u. Zur  Herstellung unserer K\xc3\xa4sespezialit\xc3\xa4ten verwenden wir nur\nbeste Allg\xc3\xa4uer Kuhmilch und die Original St.Mang Rotkulturen, welche unserem Limburger seine typische orangerote Rinde verleihen. Der Geschmack entwickelt sich je nach Reifestadium von\nmild-w\xc3\xbcrzig bis herzhaft-pikant.Zutaten & AllergeneZutaten: pasteurisierte MILCH, Salz, mikrobielles Lab, Milchs\xc3\xa4uerungskulturen, Reifungskulturen.Allergenhinweise: Enth\xc3\xa4lt: Milch und Milcherzeugnisse (einschlie\xc3\x9flich Lactose).N\xc3\xa4hrwerteDurchschnittliche N\xc3\xa4hrwerteUnzubereitet pro 100 gEnergie1.103 kJEnergie265 kcalFett19 gFett, davon ges\xc3\xa4ttigte Fetts\xc3\xa4uren12 gKohlenhydrate< 0,5 gKohlenhydrate, davon Zucker< 0,5 gEiwei\xc3\x9f23 gSalz2,3 gHinweiseAufbewahrungs- und Verwendungshinweis: Bei +2\xc2\xb0C - +8\xc2\xb0C mindestens haltbar bis: siehe Verpackungsaufdruck.ArtikeldetailsMarke: St. MangNettof\xc3\xbcllmenge: 200 GEigenschaften: VegetarischUrsprungsland: DeutschlandKontaktKontaktname: Mang K\xc3\xa4sewerkKontaktadresse: Untere Hauptstra\xc3\x9fe 287754 Kammlach/Allg\xc3\xa4uMaximale Bestellmenge: 15 St\xc3\xbcckF\xc3\xbcr die vorstehenden Angaben wird keine Haftung \xc3\xbcbernommen. Bitte pr\xc3\xbcfen Sie im Einzelfall die Angaben auf der jeweiligen Produktverpackung, nur diese sind verbindlich.Das Produktdesign kann von der Abbildung abweichen.'",Im Franzosengewann 3,Rewe,Frische & Convenience,2023-07-09,"Gültig ab morgen bis Samstag, 15.07.2023"
Schulte Edelsalami,https://img.rewe-static.de/REWE28_2023/8261047/25900106-4_digital-image.png?impolicy=s-offers&imwidth=200&output-format=image/webp,,https://shop.rewe.de/productList?search=2832136,,"mit Rind , je 100 g",Aktion,"1,99 €","b'ProduktbeschreibungArtikelnummer 8261047Frisch f\xc3\xbcr dich aus unserer Servicetheke. \n \nZutaten Schweinefleisch, Rindfleisch, jodiertes Speisesalz (Speisesalz, Kaliumjodat),Gew\xc3\xbcrze, Dextrose, Antioxidationsmittel: Natriumascorbat, Konservierungsstoff: Natriumnitrit, Reifekultur, Buchenholzrauch. \n \nKann Spuren von SENF, SELLERIE und MILCH enthalten. \n \n100g Salami werden aus 108g Schweinefleisch und 27g Rindfleisch hergestellt. \n \nN\xc3\xa4hrwerte je 100g: \nEnergie: 1387kJ \nEnergie: 334kcal \nFett: 26g \nFett, davon ges\xc3\xa4ttigte Fetts\xc3\xa4uren: 12,2g \nKohlenhydrate: 1g \nKohlenhydrate, davon Zucker: 1g \nEiwei\xc3\x9f: 24g \nSalz: 3,8g... mehr anzeigenArtikeldetailsMarke: SchulteMaximale Bestellmenge: 15 St\xc3\xbcckF\xc3\xbcr die vorstehenden Angaben wird keine Haftung \xc3\xbcbernommen. Bitte pr\xc3\xbcfen Sie im Einzelfall die Angaben auf der jeweiligen Produktverpackung, nur diese sind verbindlich.Das Produktdesign kann von der Abbildung abweichen.'",Im Franzosengewann 3,Rewe,Frische & Convenience,2023-07-09,"Gültig ab morgen bis Samstag, 15.07.2023"
Gazi Schaf- oder Ziegenkäse,https://img.rewe-static.de/REWE28_2023/7711509/37883476-6_digital-image.png?impolicy=s-offers&imwidth=200&output-format=image/webp,,https://shop.rewe.de/productList?search=2832136,,"50% Fett i.Tr. , je 150-g-Pckg , (1 kg = 14.60)",Aktion,"2,19 €","b'ProduktbeschreibungArtikelnummer 7711509Zutaten & AllergeneZutaten: pasteurisierte SCHAFMILCH, Speisesalz, mikrobielles Lab, Milchs\xc3\xa4urekulturenAllergenhinweise: Enth\xc3\xa4lt: Milch und Milcherzeugnisse (einschlie\xc3\x9flich Lactose).N\xc3\xa4hrwerteDurchschnittliche N\xc3\xa4hrwerteUnzubereitet pro 100 gEnergie1.140 kJEnergie275 kcalFett23 gFett, davon ges\xc3\xa4ttigte Fetts\xc3\xa4uren17 gKohlenhydrate1 gKohlenhydrate, davon Zucker0,1 gEiwei\xc3\x9f16 gSalz2,4 gHinweiseAufbewahrungs- und Verwendungshinweis: Unge\xc3\xb6ffnet bei +4\xc2\xb0C bis +8\xc2\xb0C mindestens haltbar bis: siehe AufdruckInformation: 50% Fett i.Tr.ArtikeldetailsMarke: GaziNettof\xc3\xbcllmenge: 150 GUrsprungsland: GriechenlandKontaktKontaktname: garmo AGKontaktadresse: Ulmer Stra\xc3\x9fe 181-191, 70188 StuttgartF\xc3\xbcr die vorstehenden Angaben wird keine Haftung \xc3\xbcbernommen. Bitte pr\xc3\xbcfen Sie im Einzelfall die Angaben auf der jeweiligen Produktverpackung, nur diese sind verbindlich.Das Produktdesign kann von der Abbildung abweichen.'",Im Franzosengewann 3,Rewe,Frische & Convenience,2023-07-09,"Gültig ab morgen bis Samstag, 15.07.2023"
"Zwiebelmettwurst, Zwiebelmettwurst- kugel oder Puten-zwiebelmettwurst",https://img.rewe-static.de/REWE28_2023/7225733/30597714-6_digital-image.png?impolicy=s-offers&imwidth=200&output-format=image/webp,,https://shop.rewe.de/productList?search=2832136,,je 100 g,Aktion,"1,49 €","b'ProduktbeschreibungArtikelnummer 7225733Frisch f\xc3\xbcr dich aus unserer Servicetheke. \n \nZutaten: 91 % Schweinefleisch, S\xc3\xa4ureregulator Kaliumlactrat, jodiertes Nitritp\xc3\xb6kelsalz (Speisesalz), Konservierungsstoff Natriumnitrit, S\xc3\xa4uerungsmittel: MILCHS\xc3\x84URE, Zwiebeln, Trockenglukosesirup, Verdickungsmittel: Guarkernmehl, Johannisbrotkernmehl, Xanthan, Gew\xc3\xbcrze (enth\xc3\xa4lt SELLERIE), Dextrose, Geschmacksverst\xc3\xa4rker: Mononatriumglutamat, Antioxidationsmittel: Natriumascorbat, Ascorbins\xc3\xa4ure. \n \nKann Spuren von SENF enthalten. \n \nN\xc3\xa4hrwerte je 100g: \nEnergie: 655kJ \nEnergie: 157kcal \nFett: 8,5g \nFett, davon ges\xc3\xa4ttigt: 4,5g \nKohlenhydrate: 1g \nKohlenhydrate, davon Zucker: 1g \nEiwei\xc3\x9f: 19g \nSalz: 2,5g... mehr anzeigenZutaten & AllergeneAllergenhinweise: nullN\xc3\xa4hrwerteDurchschnittliche N\xc3\xa4hrwerteUnzubereitet pro 100 gEnergie655 kJEnergie157 kcalFett8,5 gFett, davon ges\xc3\xa4ttigte Fetts\xc3\xa4uren4,5 gKohlenhydrate1 gKohlenhydrate, davon Zucker1 gEiwei\xc3\x9f19 gSalz2,5 gArtikeldetailsMarke: Wilhelm BrandenburgMaximale Bestellmenge: 15 St\xc3\xbcckF\xc3\xbcr die vorstehenden Angaben wird keine Haftung \xc3\xbcbernommen. Bitte pr\xc3\xbcfen Sie im Einzelfall die Angaben auf der jeweiligen Produktverpackung, nur diese sind verbindlich.Das Produktdesign kann von der Abbildung abweichen.Bei abgewogenen Waren zahlen Sie die im Markt tats\xc3\xa4chlich gewogene Menge. Der bei Abholung oder Lieferung zu zahlende Betrag kann deshalb von dem hier angegebenen Betrag abweichen. F\xc3\xbcr die Berechnung des hier angegebenen Betrags wird ein Durchschnittsgewicht des jeweiligen Artikels zu Grunde gelegt.'",Im Franzosengewann 3,Rewe,Frische & Convenience,2023-07-09,"Gültig ab morgen bis Samstag, 15.07.2023"
Spinat-Käse-Bratwurst,https://img.rewe-static.de/REWE28_2023/0074010/25041032-9_digital-image.png?impolicy=s-offers&imwidth=200&output-format=image/webp,,https://shop.rewe.de/productList?search=2832136,,"je 3 x 90-g-Pckg , (1 kg = 10.33)",Aktion,"2,79 €","b'ProduktbeschreibungArtikelnummer 74010Zutaten & AllergeneZutaten: Schweinefleisch 62%, Spinat 12%, K\xc3\x84SE 10%, Wasser, jodiertes Speisesalz, Gew\xc3\xbcrze, Maismehl, Glukosesirup, Emulgator Mono- und Diglyceride von Speisefetts\xc3\xa4uren, Stabilisatoren (Natriumcitrate, Diphosphate), Dextrose, Zitronen\xc3\xb6l, Gew\xc3\xbcrzextrakte, S\xc3\xa4uerungsmittel Citronens\xc3\xa4ure, Antioxidationsmittel Ascorbins\xc3\xa4ure, S\xc3\xa4ureregulator Natriumacetate, Schweinedarm. Zusatzstoffe: E 262, E 300, E 330, E 331, E 450, E 471N\xc3\xa4hrwerteDurchschnittliche N\xc3\xa4hrwertepro 100 gEnergie983 kJEnergie237 kcalFett18,4 gFett, davon ges\xc3\xa4ttigte Fetts\xc3\xa4uren8,3 gKohlenhydrate1,8 gKohlenhydrate, davon Zucker0,8 gBallaststoffe0,1 gEiwei\xc3\x9f15,9 gSalz1,77 gArtikeldetailsMarke: Wilhelm BrandenburgKontaktKontaktname: Metzgerei Robert M\xc3\xbcller Gro\xc3\x9fkunden GmbHKontaktadresse: Industriestr. 2;36103;Flieden;DEUF\xc3\xbcr die vorstehenden Angaben wird keine Haftung \xc3\xbcbernommen. Bitte pr\xc3\xbcfen Sie im Einzelfall die Angaben auf der jeweiligen Produktverpackung, nur diese sind verbindlich.Das Produktdesign kann von der Abbildung abweichen.'",Im Franzosengewann 3,Rewe,Frische & Convenience,2023-07-09,"Gültig ab morgen bis Samstag, 15.07.2023"
Merl Zarte Heringsfilets,https://img.rewe-static.de/REWE28_2023/6920730/7398540-35_digital-image.png?impolicy=s-offers&imwidth=200&output-format=image/webp,,https://shop.rewe.de/productList?search=2832136,,"in Sahnesauce, versch. Sorten , je 250-g-Becher , (1 kg = 9.16)",Aktion,"2,29 €","b'ProduktbeschreibungArtikelnummer 6920730Ohne KonservierungsstoffeZutaten & AllergeneZutaten: 40% enth\xc3\xa4utete HERINGSFILETS ,40% Sahnesauce ( Raps\xc3\xb6l,Trinkwasser, Zucker, SAURE SAHNE, 10% SCHLAGSAHNE,Branntweinessig, EIGELB, Speisesalz, SENFMEHL, Gew\xc3\xbcrze,Verdickungsmittel (Johannisbrotkernmehl,Guarkernmehl)), 7% \xc3\x84pfel,7% Zwiebeln, 6% Gurken.Hering (Clupea harengus),gefangen im Nordostatlantik (Nordsee undNorwegische See),FAO (27-16,27-03),Fangmethoden: Ringwaden ohne FADs und pelagische SchleppnetzeN\xc3\xa4hrwerteDurchschnittliche N\xc3\xa4hrwerteUnzubereitet pro 100 gEnergie1.033 kJEnergie249 kcalFett20,7 gFett, davon ges\xc3\xa4ttigte Fetts\xc3\xa4uren3,1 gKohlenhydrate7,2 gKohlenhydrate, davon Zucker7,1 gBallaststoffe0,3 gEiwei\xc3\x9f7,8 gSalz1,4 gHinweiseAufbewahrungs- und Verwendungshinweis: Bei +2\xc2\xb0C bis +7\xc2\xb0C mindestens haltbar bis: siehe AufdruckArtikeldetailsMarke: MerlNettof\xc3\xbcllmenge: 250 GUrsprungsland: DeutschlandSorte: In SahnesauceKontaktKontaktname: Edmund Merl GmbH & Co. KGKontaktadresse: 50321 Br\xc3\xbchl Wesselinger Str. 18-20Maximale Bestellmenge: 15 St\xc3\xbcckF\xc3\xbcr die vorstehenden Angaben wird keine Haftung \xc3\xbcbernommen. Bitte pr\xc3\xbcfen Sie im Einzelfall die Angaben auf der jeweiligen Produktverpackung, nur diese sind verbindlich.Das Produktdesign kann von der Abbildung abweichen.'",Im Franzosengewann 3,Rewe,Frische & Convenience,2023-07-09,"Gültig ab morgen bis Samstag, 15.07.2023"
Deutsche See Lachs-Filet,https://img.rewe-static.de/REWE28_2023/8437260/30793152-8_digital-image.png?impolicy=s-offers&imwidth=200&output-format=image/webp,,https://shop.rewe.de/productList?search=2832136,,"mit Haut , je 250-g-Schale , (1 kg = 19.96)",Aktion,"4,99 €","b'ProduktbeschreibungArtikelnummer 8437260Zutaten & AllergeneZutaten: LACHSFILETAllergenhinweise: Enth\xc3\xa4lt: Fisch und Fischerzeugnisse.N\xc3\xa4hrwerteDurchschnittliche N\xc3\xa4hrwerteUnzubereitet pro 100 gEnergie924 kJEnergie222 kcalFett16 gFett, davon ges\xc3\xa4ttigte Fetts\xc3\xa4uren3,3 gKohlenhydrate0 gKohlenhydrate, davon Zucker0 gEiwei\xc3\x9f20,2 gSalz0,24 gHinweiseAufbewahrungs- und Verwendungshinweis: bei 0 - 2\xc2\xb0CInformation: Nur im durchgegarten Zustand verzehren!. Auf 70 \xc2\xb0C Kerntemperatur erhitzen und mind. 2 Min. halten. Unter Schutzatmosp\xc3\xa4re verpackt.ArtikeldetailsMarke: Deutsche SeeUrsprungsland: DeutschlandKontaktKontaktname: Deutsche See GmbHKontaktadresse: Maifischstrasse 3-9, 27572 BremerhavenF\xc3\xbcr die vorstehenden Angaben wird keine Haftung \xc3\xbcbernommen. Bitte pr\xc3\xbcfen Sie im Einzelfall die Angaben auf der jeweiligen Produktverpackung, nur diese sind verbindlich.Das Produktdesign kann von der Abbildung abweichen.'",Im Franzosengewann 3,Rewe,Frische & Convenience,2023-07-09,"Gültig ab morgen bis Samstag, 15.07.2023"
Virginia Pfefferschinken,https://img.rewe-static.de/REWE28_2023/1428942/37769208-6_digital-image.png?impolicy=s-offers&imwidth=200&output-format=image/webp,,https://shop.rewe.de/productList?search=2832136,,"geräuchert und luftgetrocknet, besonders mild , je 100 g",Aktion,"2,79 €","b'ProduktbeschreibungArtikelnummer 1428942Frisch f\xc3\xbcr dich aus unserer Servicetheke. \n \nZutaten: Schweinefleisch, Speisesalz, Dextrose, Maltodextrin, Gew\xc3\xbcrze, Kr\xc3\xa4uter, Kr\xc3\xa4uterextrakte, S\xc3\xa4ureregulator: Natriumlactat, Geschmacksverst\xc3\xa4rker: Mononatriumglutamat, Antioxidationsmittel: Natriumascorbat, Konservierungsstoff: Natriumnitrit, Kaliumnitrat, Fermente, Raucharoma, Rauch. \n \nPfefferh\xc3\xbclle: Pfeffer, St\xc3\xa4rke, MILCHPULVER, Schweinegelatine, Konservierungsstoff: Kaliumsorbat. \n \n100g Produkt bereitet aus 135g Fleisch und 4g Pfeffer. Zutaten & AllergeneAllergenhinweise: nullN\xc3\xa4hrwerteDurchschnittliche N\xc3\xa4hrwerteUnzubereitet pro 100 gEnergie602 kJEnergie143 kcalFett3 gFett, davon ges\xc3\xa4ttigte Fetts\xc3\xa4uren1,1 gKohlenhydrate0,9 gKohlenhydrate, davon Zucker0,9 gEiwei\xc3\x9f28 gSalz4,4 gMaximale Bestellmenge: 15 St\xc3\xbcckF\xc3\xbcr die vorstehenden Angaben wird keine Haftung \xc3\xbcbernommen. Bitte pr\xc3\xbcfen Sie im Einzelfall die Angaben auf der jeweiligen Produktverpackung, nur diese sind verbindlich.Das Produktdesign kann von der Abbildung abweichen.'",Im Franzosengewann 3,Rewe,Frische & Convenience,2023-07-09,"Gültig ab morgen bis Samstag, 15.07.2023"
REWE Beste Wahl Tagliatelle,https://img.rewe-static.de/REWE28_2023/0118047/22923270-33_digital-image.png?impolicy=s-offers&imwidth=200&output-format=image/webp,,https://shop.rewe.de/productList?search=2832136,,"je 400-g-Btl , (1 kg = 3.73)",Aktion,"1,49 €","b'ProduktbeschreibungArtikelnummer 118047Hergestellt f\xc3\xbcr: REWE Markt GmbH, D-50603 K\xc3\xb6ln Zutaten & AllergeneZutaten: HARTWEIZENGRIESS, Wasser, VOLLEI* 13%, Raps\xc3\xb6l, Speisesalz.*aus FreilandhaltungAllergenhinweise: Eier und Eierzeugnisse , Glutenhaltiges Getreide (Weizen, Gerste, Roggen, Hafer, Dinkel, Kamut oder Hybridst\xc3\xa4mme)N\xc3\xa4hrwerteDurchschnittliche N\xc3\xa4hrwertepro 100 gEnergie759 kJEnergie180 kcalFett2,5 gFett, davon ges\xc3\xa4ttigte Fetts\xc3\xa4uren0,5 gKohlenhydrate31 gKohlenhydrate, davon Zucker0,5 gEiwei\xc3\x9f7 gSalz0,5 gHinweiseVerwendungshinweise: bei +2 \xc2\xb0C bis +7 \xc2\xb0C lagernArtikeldetailsMarke: REWE Beste WahlUrsprungsland: DeutschlandKontaktKontaktname: Landmanns GmbHKontaktadresse: 91183 Abenberg, DeutschlandMaximale Bestellmenge: 15 St\xc3\xbcckF\xc3\xbcr die vorstehenden Angaben wird keine Haftung \xc3\xbcbernommen. Bitte pr\xc3\xbcfen Sie im Einzelfall die Angaben auf der jeweiligen Produktverpackung, nur diese sind verbindlich.Das Produktdesign kann von der Abbildung abweichen.'",Im Franzosengewann 3,Rewe,Frische & Convenience,2023-07-09,"Gültig ab morgen bis Samstag, 15.07.2023"
Palatum Partyschale,https://img.rewe-static.de/REWE28_2023/1387047/24370859-16_digital-image.png?impolicy=s-offers&imwidth=200&output-format=image/webp,,https://shop.rewe.de/productList?search=2832136,,"versch. Sorten , je 270-g-Schale , (1 kg = 14.78)",Aktion,"3,99 €","b'ProduktbeschreibungArtikelnummer 1387047Zutaten & AllergeneZutaten: Oliven gr\xc3\xbcn ohne Stein , Gem\xc3\xbcsek\xc3\xbcrbisse, Champignon gegrillt, Sonnenblumen\xc3\xb6l, FRISCHK\xc3\x84SE (66 % Fett i.Tr., aus Kuhmilch), Kirschpaprika, Oliven\xc3\xb6l, Zucker, Peperoni, Salz, Ahornsirup, Kr\xc3\xa4uter, Gew\xc3\xbcrzmischung, Knoblauch, modifizierte St\xc3\xa4rke (Mais), Festigungsmittel: Calciumchlorid, Antioxidationsmittel: Ascorbins\xc3\xa4ure, S\xc3\xa4uerungsmittel: Milchs\xc3\xa4ure, Citronens\xc3\xa4ure und Essigs\xc3\xa4ure, Konservierungsstoff: Sorbins\xc3\xa4ure und Benzoes\xc3\xa4ure. Spuren von GLUTEN/WEIZEN und SELLERIE m\xc3\xb6glich.Allergenhinweise: Enth\xc3\xa4lt: Milch und Milcherzeugnisse (einschlie\xc3\x9flich Lactose). Kann enthalten: Weizen und Weizenerzeugnisse (glutenhaltiges Getreide). Sellerie und Sellerieerzeugnisse.N\xc3\xa4hrwerteDurchschnittliche N\xc3\xa4hrwerteUnzubereitet pro 100 gEnergie743 kJEnergie180 kcalFett15,6 gFett, davon ges\xc3\xa4ttigte Fetts\xc3\xa4uren3,7 gKohlenhydrate6,2 gKohlenhydrate, davon Zucker5,4 gBallaststoffe2 gEiwei\xc3\x9f2,6 gSalz1,89 gHinweiseAufbewahrungs- und Verwendungshinweis: Bei 4-7 \xc2\xb0C lagern. Nach dem \xc3\x96ffnen innerhalb von 3 Tagen verzehren.Information: Unter Schutzatmosph\xc3\xa4re verpackt.ArtikeldetailsNettof\xc3\xbcllmenge: 270 GEigenschaften: VegetarischUrsprungsland: DeutschlandKontaktKontaktname: Palatum Feinkost KGKontaktadresse: Carl-von-Linde-Str. 28, 85716 Unterschlei\xc3\x9fheim, DEMaximale Bestellmenge: 15 St\xc3\xbcckF\xc3\xbcr die vorstehenden Angaben wird keine Haftung \xc3\xbcbernommen. Bitte pr\xc3\xbcfen Sie im Einzelfall die Angaben auf der jeweiligen Produktverpackung, nur diese sind verbindlich.Das Produktdesign kann von der Abbildung abweichen.'",Im Franzosengewann 3,Rewe,Frische & Convenience,2023-07-09,"Gültig ab morgen bis Samstag, 15.07.2023"
Reinert Aspik-Aufschnitt,https://img.rewe-static.de/REWE28_2023/8844402/39006025-7_digital-image.png?impolicy=s-offers&imwidth=200&output-format=image/webp,,https://shop.rewe.de/productList?search=2832136,,"versch. Sorten , je 100 g",Aktion,"1,19 €","b'ProduktbeschreibungArtikelnummer 8844402Frisch f\xc3\xbcr dich aus unserer Servicetheke.\n\nZutaten: 51% Schweinefleisch, Wasser, 5% Champignons, Branntweinessig, Zucker, Speisegelatine (Schwein), Speisesalz, S\xc3\xa4uerungsmittel: Citronens\xc3\xa4ure; Stabilisator: Diphosphate; Antioxidationsmittel: Natriumascorbat; Konservierungsstoff: Natriumnitrit. Wursth\xc3\xbclle nicht essbar Zutaten & AllergeneAllergenhinweise: nullN\xc3\xa4hrwerteDurchschnittliche N\xc3\xa4hrwerteUnzubereitet pro 100 gEnergie408 kJEnergie97 kcalFett2 gFett, davon ges\xc3\xa4ttigte Fetts\xc3\xa4uren0,8 gKohlenhydrate2,5 gKohlenhydrate, davon Zucker2 gEiwei\xc3\x9f17 gSalz2 gArtikeldetailsMarke: ReinertMaximale Bestellmenge: 15 St\xc3\xbcckF\xc3\xbcr die vorstehenden Angaben wird keine Haftung \xc3\xbcbernommen. Bitte pr\xc3\xbcfen Sie im Einzelfall die Angaben auf der jeweiligen Produktverpackung, nur diese sind verbindlich.Das Produktdesign kann von der Abbildung abweichen.'",Im Franzosengewann 3,Rewe,Frische & Convenience,2023-07-09,"Gültig ab morgen bis Samstag, 15.07.2023"
Mondarella Grill-Camembert,https://img.rewe-static.de/REWE28_2023/7684624/39489687-7_digital-image.png?impolicy=s-offers&imwidth=200&output-format=image/webp,,https://shop.rewe.de/productList?search=2832136,,"versch. Sorten , je 95-g-Pckg , (1 kg = 20.95)",Aktion,"1,99 €","b'ProduktbeschreibungArtikelnummer 7684624Zutaten & AllergeneZutaten: Wasser, pflanzliches Fett (Sheabutter), 10 % Mandeln (gemahlen), native St\xc3\xa4rke, Salz, Verdickungsmittel (Carrageen), Dextrose, nat\xc3\xbcrliches Aroma, Inulin, S\xc3\xa4uerungsmittel (\xc3\x84pfels\xc3\xa4ure), vegane EdelschimmelkulturenAllergenhinweise: Enth\xc3\xa4lt: Mandeln und Mandelerzeugnisse.N\xc3\xa4hrwerteDurchschnittliche N\xc3\xa4hrwerteUnzubereitet pro 100 gEnergie1.001 kJEnergie242 kcalFett21 gFett, davon ges\xc3\xa4ttigte Fetts\xc3\xa4uren9 gKohlenhydrate8,1 gKohlenhydrate, davon Zucker0,9 gBallaststoffe3,1 gEiwei\xc3\x9f3,6 gSalz1,9 gHinweiseAufbewahrungs- und Verwendungshinweis: Unge\xc3\xb6ffnet bei max. +8\xc2\xb0C mindestens haltbar bis: tt.mm.jjjjArtikeldetailsEigenschaften: Laktosefrei, VeganUrsprungsland: DeutschlandKontaktKontaktname: Mondarella GmbHKontaktadresse: Oberwallstr. 6 10117 Berlin, DeutschlandF\xc3\xbcr die vorstehenden Angaben wird keine Haftung \xc3\xbcbernommen. Bitte pr\xc3\xbcfen Sie im Einzelfall die Angaben auf der jeweiligen Produktverpackung, nur diese sind verbindlich.Das Produktdesign kann von der Abbildung abweichen.'",Im Franzosengewann 3,Rewe,Frische & Convenience,2023-07-09,"Gültig ab morgen bis Samstag, 15.07.2023"
Lamm-Keule,https://img.rewe-static.de/REWE28_2023/0499226/3251580-11_digital-image.png?impolicy=s-offers&imwidth=200&output-format=image/webp,,https://shop.rewe.de/productList?search=2832136,,"mit Röhrenknochen, SB-verpackt , je 1 kg",Aktion,"11,99 €",nan,Im Franzosengewann 3,Rewe,Frische & Convenience,2023-07-09,"Gültig ab morgen bis Samstag, 15.07.2023"
REWE Beste Wahl Lasagne Bolognese,https://img.rewe-static.de/REWE28_2023/2316984/23559547-28_digital-image.png?impolicy=s-offers&imwidth=200&output-format=image/webp,,https://shop.rewe.de/productList?search=2832136,,"je 400-g-Pckg , (1 kg = 5.73)",Aktion,"2,29 €","b'ProduktbeschreibungArtikelnummer 2316984Zutaten & AllergeneZutaten: Wasser, Rindfleisch gegart 14%, HARTWEIZENGRIESS, Tomatenkonzentrat 7%, Tomaten 6%, Emmentaler 6%, modifizierte St\xc3\xa4rke, Zwiebeln, Raps\xc3\xb6l, St\xc3\xa4rke, MILCHPULVER, WEIZENMEHL, Speisesalz, Gew\xc3\xbcrze, Gew\xc3\xbcrzextrakte, Dextrose, Zucker, Branntweinessigpulver, Kr\xc3\xa4uter, Olivenextrakt.  Kann Spuren von Ei, Soja und Sellerie enthalten.N\xc3\xa4hrwerteDurchschnittliche N\xc3\xa4hrwertepro 100 gEnergie549 kJEnergie131 kcalFett5,7 gFett, davon ges\xc3\xa4ttigte Fetts\xc3\xa4uren2,6 gKohlenhydrate13,4 gKohlenhydrate, davon Zucker2,5 gEiwei\xc3\x9f6 gSalz0,89 gHinweiseVerwendungshinweise: bei +2 \xc2\xb0C bis +7 \xc2\xb0C lagernArtikeldetailsMarke: REWE Beste WahlUrsprungsland: \xc3\x96sterreichKontaktKontaktname: Condeli GmbHKontaktadresse: Gewerbepark 1, 4193 Reichenthal, \xc3\x96sterreichMaximale Bestellmenge: 15 St\xc3\xbcckF\xc3\xbcr die vorstehenden Angaben wird keine Haftung \xc3\xbcbernommen. Bitte pr\xc3\xbcfen Sie im Einzelfall die Angaben auf der jeweiligen Produktverpackung, nur diese sind verbindlich.Das Produktdesign kann von der Abbildung abweichen.'",Im Franzosengewann 3,Rewe,Frische & Convenience,2023-07-09,"Gültig ab morgen bis Samstag, 15.07.2023"
Werz Käseknacker,https://img.rewe-static.de/REWE28_2023/0560657/23781380-9_digital-image.png?impolicy=s-offers&imwidth=200&output-format=image/webp,,https://shop.rewe.de/productList?search=2832136,,je 100 g,Aktion,"1,29 €","b'ProduktbeschreibungArtikelnummer 50677N\xc3\xa4hrwerteDurchschnittliche N\xc3\xa4hrwerteUnzubereitet pro 1 lKalium1,5 mgChlorid5,2 mgCalcium16,2 mgMagnesium3,1 mgMangan< 0,05 mgBikarbonat8 mgNatrium6,8 mgNitrate< 1 mgSulfat 4+55 mgHinweiseAufbewahrungs- und Verwendungshinweis: Bitte k\xc3\xbchl, trocken und lichtgesch\xc3\xbctzt lagern.Information: aus der Bad Liebenwerda Mineralquelle, Bad Liebenwerda, Analysenauszug vom15.11.17 des SGS INSTITUT FRESENIUS, best\xc3\xa4tigt durch laufende KontrollenArtikeldetailsMarke: Bad LiebenwerdaNettof\xc3\xbcllmenge: 0,5 LKontaktKontaktname: Mineralquellen Bad Liebenwerda GmbHKontaktadresse: 04924 Bad LiebenwerdaF\xc3\xbcr die vorstehenden Angaben wird keine Haftung \xc3\xbcbernommen. Bitte pr\xc3\xbcfen Sie im Einzelfall die Angaben auf der jeweiligen Produktverpackung, nur diese sind verbindlich.Das Produktdesign kann von der Abbildung abweichen.'",Im Franzosengewann 3,Rewe,Frische & Convenience,2023-07-09,"Gültig ab morgen bis Samstag, 15.07.2023"
Rougette Grill- und Ofentaler,https://img.rewe-static.de/REWE28_2023/8920655/38882164-4_digital-image.png?impolicy=s-offers&imwidth=200&output-format=image/webp,,https://shop.rewe.de/productList?search=2832136,,"versch. Sorten , je 140-g-Pckg , (1 kg = 15.86)",Aktion,"2,22 €","b'ProduktbeschreibungArtikelnummer 8920655Ein runder Genuss f\xc3\xbcr alle ROUGETTE-Fans! Der vegane Grill- & Ofentaler raffiniert mariniert in der praktischen Aluschale, das ist leckere Abwechslung f\xc3\xbcr jeden Tag.Zutaten & AllergeneZutaten: 86 % Pflanzliche Lebensmittelzubereitung (Wasser, Raps\xc3\xb6l, St\xc3\xa4rke, modifizierte St\xc3\xa4rke, Verdickungsmittel: Cellulose, Methylcellulose; 6 % gesch\xc3\xa4lte Hanfsamen, 6 % Blumenkohl, glutenfreies HAFERvollkornmehl, Salz, nat\xc3\xbcrliches Aroma, S\xc3\xa4uerungsmittel: Zitronens\xc3\xa4ure), 14 % Marinade (Raps\xc3\xb6l, Gew\xc3\xbcrze, Kr\xc3\xa4uter, Paprika, Raps\xc3\xb6l (ganz geh\xc3\xa4rtet), Zucker, nat\xc3\xbcrliches Aroma, Salz, Gew\xc3\xbcrzextrakt).N\xc3\xa4hrwerteDurchschnittliche N\xc3\xa4hrwerteUnzubereitet pro 100 gEnergie1.328 kJEnergie321 kcalFett29 gFett, davon ges\xc3\xa4ttigte Fetts\xc3\xa4uren2,5 gKohlenhydrate13 gKohlenhydrate, davon Zucker1,4 gEiwei\xc3\x9f2 gSalz2,7 gHinweiseAufbewahrungs- und Verwendungshinweis: Bei +2\xc2\xb0C - +8\xc2\xb0C mindestens haltbar bis: siehe VerpackungsaufdruckArtikeldetailsMarke: RougetteEigenschaften: Laktosefrei, VeganUrsprungsland: DeutschlandKontaktKontaktname: K\xc3\xa4serei ChampignonKontaktadresse: Kemptener Stra\xc3\x9fe 17-2487493 Lauben/Allg\xc3\xa4uMaximale Bestellmenge: 15 St\xc3\xbcckF\xc3\xbcr die vorstehenden Angaben wird keine Haftung \xc3\xbcbernommen. Bitte pr\xc3\xbcfen Sie im Einzelfall die Angaben auf der jeweiligen Produktverpackung, nur diese sind verbindlich.Das Produktdesign kann von der Abbildung abweichen.'",Im Franzosengewann 3,Rewe,Frische & Convenience,2023-07-09,"Gültig ab morgen bis Samstag, 15.07.2023"
Bonduelle Gartensalat,https://img.rewe-static.de/REWE28_2023/2284666/27054891-28_digital-image.png?impolicy=s-offers&imwidth=200&output-format=image/webp,,https://shop.rewe.de/productList?search=2832136,,"je 150-g-Btl , (1 kg = 11.93)",Aktion,"1,79 €","b'ProduktbeschreibungArtikelnummer 2284666Zutaten & AllergeneZutaten: Gr\xc3\xbcner Salanova-Kopfsalat, roter Salatnova-Kopfsalat, PetersilieN\xc3\xa4hrwerteDurchschnittliche N\xc3\xa4hrwerteUnzubereitet pro 100 gEnergie64 kJEnergie15 kcalFett0,2 gFett, davon ges\xc3\xa4ttigte Fetts\xc3\xa4uren0 gKohlenhydrate1,3 gKohlenhydrate, davon Zucker1 gBallaststoffe1,5 gEiwei\xc3\x9f1,3 gSalz0,02 gHinweiseAufbewahrungs- und Verwendungshinweis: K\xc3\xbchl lagern bei +2\xc2\xb0 bis +7\xc2\xb0C.Information: Unter Schutzatmosph\xc3\xa4re verpacktArtikeldetailsMarke: BonduelleUrsprungsland: DeutschlandKontaktKontaktname: Bonduelle Deutschland GmbHKontaktadresse: Am Heilbrunnen 136/13872766 ReutlingenMaximale Bestellmenge: 15 St\xc3\xbcckF\xc3\xbcr die vorstehenden Angaben wird keine Haftung \xc3\xbcbernommen. Bitte pr\xc3\xbcfen Sie im Einzelfall die Angaben auf der jeweiligen Produktverpackung, nur diese sind verbindlich.Das Produktdesign kann von der Abbildung abweichen.'",Im Franzosengewann 3,Rewe,Frische & Convenience,2023-07-09,"Gültig ab morgen bis Samstag, 15.07.2023"
Kalbs-Tafelspitz,https://img.rewe-static.de/REWE28_2023/0922048/38900259-2_digital-image.png?impolicy=s-offers&imwidth=200&output-format=image/webp,,https://shop.rewe.de/productList?search=2832136,,je 100 g,Aktion,"1,29 €",nan,Im Franzosengewann 3,Rewe,Frische & Convenience,2023-07-09,"Gültig ab morgen bis Samstag, 15.07.2023"
Frische Hähnchen-Unterschenkel,https://img.rewe-static.de/REWE28_2023/7697813/25859719-6_digital-image.png?impolicy=s-offers&imwidth=200&output-format=image/webp,,https://shop.rewe.de/productList?search=2832136,,"natur, Hkl. A, oder gewürzt, Haltungsform 2, SB-verpackt , je 1 kg",Aktion,"4,99 €","b'ProduktbeschreibungArtikelnummer 7697813Ursprung: Deutschland, \xc3\x96sterreich, Niederlande oder Italien. Um einen Hinweis zur tats\xc3\xa4chlichen Herkunft zu erhalten, beachten Sie bitte die Angaben auf der Ihnen gelieferten Ware selbst; nur diese sind ma\xc3\x9fgeblich wie auch verbindlich. VOR DEM VERZEHR GUT DURCHGAREN. NICHT ZUM ROHVERZEHR GEEIGNET. Die Haltbarkeit des Produktes ist bis zum angegebenen Datum durch die Einhaltung der angegebenen Temperatur gesichert. Bei einer Unterbrechung der K\xc3\xbchlkette \xc3\xbcber +4 \xc2\xb0C, empfehlen wir Ihnen den Verzehr am Tag des Einkaufes. Nach \xc3\x96ffnen der Packung Ware noch am selben Tag verwenden. Rohes Gefl\xc3\xbcgelfleisch nicht mit anderen Lebensmittel in Kontakt bringen. Tropfsaft sorgf\xc3\xa4ltig entsorgen. Geschirr und H\xc3\xa4nde gr\xc3\xbcndlich reinigen.... mehr anzeigenZutaten & AllergeneZutaten: KEINE  KEINEN\xc3\xa4hrwerteDurchschnittliche N\xc3\xa4hrwertepro 100 gEnergie543 kJEnergie130 kcalFett6,4 gFett, davon ges\xc3\xa4ttigte Fetts\xc3\xa4uren2,1 gKohlenhydrate0 gKohlenhydrate, davon Zucker0 gBallaststoffe0 gEiwei\xc3\x9f18 gSalz0,2 gArtikeldetailsMarke: Wilhelm BrandenburgNachhaltigkeitWeitere Informationen zu den Siegeln findest du in unserer Siegelkunde.F\xc3\xbcr die vorstehenden Angaben wird keine Haftung \xc3\xbcbernommen. Bitte pr\xc3\xbcfen Sie im Einzelfall die Angaben auf der jeweiligen Produktverpackung, nur diese sind verbindlich.Das Produktdesign kann von der Abbildung abweichen.'",Im Franzosengewann 3,Rewe,Frische & Convenience,2023-07-09,"Gültig ab morgen bis Samstag, 15.07.2023"
Spanferkel-Cevapcici,https://img.rewe-static.de/REWE28_2023/8405213/31022150-11_digital-image.png?impolicy=s-offers&imwidth=200&output-format=image/webp,,https://shop.rewe.de/productList?search=2832136,,"je 300-g-Pckg , (1 kg = 9.97)",Aktion,"2,99 €","b'ProduktbeschreibungArtikelnummer 8405213Zutaten & AllergeneZutaten: Spanferkelfleisch (98%), jodiertes Speisesalz (Kochsalz, Kaliumjodat), Speisesalz, Zwiebel, Gew\xc3\xbcrze, W\xc3\xbcrze, Glukosesirup, Knoblauch, Gew\xc3\xbcrzextrakte, Stabilisator: E 262, E331; Dextrose, St\xc3\xa4rke.Allergenhinweise: Enth\xc3\xa4lt: Keine deklarationspflichtigen Allergene enthalten.N\xc3\xa4hrwerteDurchschnittliche N\xc3\xa4hrwerteUnzubereitet pro 100 gEnergie929 kJEnergie223 kcalFett13,3 gFett, davon ges\xc3\xa4ttigte Fetts\xc3\xa4uren5,1 gKohlenhydrate6,2 gKohlenhydrate, davon Zucker1,8 gEiwei\xc3\x9f19,5 gSalz2,5 gHinweiseAufbewahrungs- und Verwendungshinweis: unge\xc3\xb6ffnet und gek\xc3\xbchlt bei +2\xc2\xb0C bis +4\xc2\xb0C zu verbrauchen bis: siehe VerpackungsaufdruckArtikeldetailsMarke: BeckUrsprungsland: Europ\xc3\xa4ische UnionNachhaltigkeitWeitere Informationen zu den Siegeln findest du in unserer Siegelkunde.KontaktKontaktname: Beck GmbH & Co. KGKontaktadresse: Flurweg 21, 74635 Neu-KupferF\xc3\xbcr die vorstehenden Angaben wird keine Haftung \xc3\xbcbernommen. Bitte pr\xc3\xbcfen Sie im Einzelfall die Angaben auf der jeweiligen Produktverpackung, nur diese sind verbindlich.Das Produktdesign kann von der Abbildung abweichen.'",Im Franzosengewann 3,Rewe,Frische & Convenience,2023-07-09,"Gültig ab morgen bis Samstag, 15.07.2023"
Rostbratwurst,https://img.rewe-static.de/REWE28_2023/8940242/39624544-8_digital-image.png?impolicy=s-offers&imwidth=200&output-format=image/webp,,https://shop.rewe.de/productList?search=2832136,,"je 300-g-Pckg , (1 kg = 11.30)",Aktion,"3,39 €",nan,Im Franzosengewann 3,Rewe,Frische & Convenience,2023-07-09,"Gültig ab morgen bis Samstag, 15.07.2023"
REWE Beste Wahl Grüne & Rote Pfefferonen,https://img.rewe-static.de/REWE28_2023/2028724/21917891-21_digital-image.png?impolicy=s-offers&imwidth=200&output-format=image/webp,,https://shop.rewe.de/productList?search=2832136,,"je 150-g-Schale , (1 kg = 11.93)",Aktion,"1,79 €","b'ProduktbeschreibungArtikelnummer 2028724Hergestellt f\xc3\xbcr: REWE Markt GmbH, D-50603 K\xc3\xb6ln. Zutaten & AllergeneZutaten: Gr\xc3\xbcne und rote Peperoni 42%, FRISCHK\xc3\x84SE 34%, Raps\xc3\xb6l, Kalamata Oliven mit Stein 3 %, Branntweinessig, St\xc3\xa4rke, Zucker, jodiertes Speisesalz, Kr\xc3\xa4uter, Speisesalz, Gew\xc3\xbcrze, Knoblauch, Chili, S\xc3\xa4uerungsmittel Citronens\xc3\xa4ureAllergenhinweise: Enth\xc3\xa4lt: Milch und Milcherzeugnisse (einschlie\xc3\x9flich Lactose).N\xc3\xa4hrwerteDurchschnittliche N\xc3\xa4hrwerteUnzubereitet pro 100 gEnergie1.141 kJEnergie277 kcalFett26,9 gFett, davon ges\xc3\xa4ttigte Fetts\xc3\xa4uren7,5 gKohlenhydrate5,3 gKohlenhydrate, davon Zucker1,5 gEiwei\xc3\x9f2,9 gSalz1,72 gHinweiseAufbewahrungs- und Verwendungshinweis: Unge\xc3\xb6ffnet bei unter +7\xc2\xb0C mindestens haltbar bis: siehe AufdruckInformation: unter Schutzatmosph\xc3\xa4re verpacktArtikeldetailsMarke: REWE Beste WahlNettof\xc3\xbcllmenge: 150 GUrsprungsland: DeutschlandAbtropfgewicht: 150 gKontaktKontaktname: Heinrich K\xc3\xbchlmann GmbH & Co.KGKontaktadresse: 33397 RietbergMaximale Bestellmenge: 15 St\xc3\xbcckF\xc3\xbcr die vorstehenden Angaben wird keine Haftung \xc3\xbcbernommen. Bitte pr\xc3\xbcfen Sie im Einzelfall die Angaben auf der jeweiligen Produktverpackung, nur diese sind verbindlich.Das Produktdesign kann von der Abbildung abweichen.'",Im Franzosengewann 3,Rewe,Frische & Convenience,2023-07-09,"Gültig ab morgen bis Samstag, 15.07.2023"
Schweine-Nackensteaks,https://img.rewe-static.de/REWE28_2023/2172863/25004517-4_digital-image.png?impolicy=s-offers&imwidth=200&output-format=image/webp,,https://shop.rewe.de/productList?search=2832136,,"Classic BBQ Spicy , je 1 kg",Aktion,"12,90 €",nan,Im Franzosengewann 3,Rewe,Frische & Convenience,2023-07-09,"Gültig ab morgen bis Samstag, 15.07.2023"
Greenforce Vegane Fleischalternative,https://img.rewe-static.de/REWE28_2023/8678106/34780508-16_digital-image.png?impolicy=s-offers&imwidth=200&output-format=image/webp,,https://shop.rewe.de/productList?search=2832136,,"versch. Sorten , je 180-g-Pckg , (1 kg = 14.94)",Aktion,"2,69 €","b'ProduktbeschreibungArtikelnummer 8678106Zutaten & AllergeneZutaten: Trinkwasser, 13% texturiertes Erbsenprotein (Erbsenprotein, Erbsenextrakt), Paprika, Raps\xc3\xb6l, Gew\xc3\xbcrze, Sonnenblumenkerne teilent\xc3\xb6lt, Zwiebeln, Kokosfett(ganz geh\xc3\xa4rtet), Verdickungsmittel: Methylcellulose, Cellulose; 3% Erbsenmehl, 2% Erbseneiwei\xc3\x9f, Speisesalz, Kartoffelst\xc3\xa4rke, Aromen, Rauch, S\xc3\xa4ureregulatoren: Kaliumlactat, Natriumacetate; Maltodextrin.Allergenhinweise: Kann enthalten: Soja und Sojaerzeugnisse. Glutenhaltiges Getreide und glutenhaltige Getreideerzeugnisse. Senf- und Senferzeugnisse.N\xc3\xa4hrwerteDurchschnittliche N\xc3\xa4hrwerteUnzubereitet pro 100 gEnergie972 kJEnergie234 kcalFett16 gFett, davon ges\xc3\xa4ttigte Fetts\xc3\xa4uren4 gKohlenhydrate6,5 gKohlenhydrate, davon Zucker1,5 gBallaststoffe6 gEiwei\xc3\x9f13 gSalz2,2 gHinweiseAufbewahrungs- und Verwendungshinweis: im K\xc3\xbchlschrank bei max. 7\xc2\xb0 GradArtikeldetailsMarke: GREENFORCEEigenschaften: VeganKontaktKontaktname: Greenforce Future Food AGKontaktadresse: Tal 12, D-80331 M\xc3\xbcnchenF\xc3\xbcr die vorstehenden Angaben wird keine Haftung \xc3\xbcbernommen. Bitte pr\xc3\xbcfen Sie im Einzelfall die Angaben auf der jeweiligen Produktverpackung, nur diese sind verbindlich.Das Produktdesign kann von der Abbildung abweichen.'",Im Franzosengewann 3,Rewe,Frische & Convenience,2023-07-09,"Gültig ab morgen bis Samstag, 15.07.2023"
Bonduelle Wildkräutersalat,https://img.rewe-static.de/REWE28_2023/8741381/35929479-7_digital-image.png?impolicy=s-offers&imwidth=200&output-format=image/webp,,https://shop.rewe.de/productList?search=2832136,,"je 110-g-Btl , (1 kg = 16.27)",Aktion,"1,79 €",nan,Im Franzosengewann 3,Rewe,Frische & Convenience,2023-07-09,"Gültig ab morgen bis Samstag, 15.07.2023"
Meica Bratmaxe,https://img.rewe-static.de/REWE28_2023/8559132/32684863-3_digital-image.png?impolicy=s-offers&imwidth=200&output-format=image/webp,,https://shop.rewe.de/productList?search=2832136,,"für Grill & Pfanne, versch. Sorten , je 560-g-Pckg , (1 kg = 10.70)",Aktion,"5,99 €",nan,Im Franzosengewann 3,Rewe,Frische & Convenience,2023-07-09,"Gültig ab morgen bis Samstag, 15.07.2023"
Aoste Ringsalami,https://img.rewe-static.de/REWE28_2023/2152240/2456630-90_digital-image.png?impolicy=s-offers&imwidth=200&output-format=image/webp,,https://shop.rewe.de/productList?search=2832136,,"luftgetrocknet , je 250-g-Pckg , (1 kg = 17.96)",Aktion,"4,49 €","b'ProduktbeschreibungArtikelnummer 2152240Zutaten & AllergeneZutaten: Schweinefleisch, Salz, LAKTOSE, Dextrose, Zucker, Gew\xc3\xbcrze, Konservierungsstoffe: Kaliumnitrat, Natriumnitrit; Starterkulturen. Salami-H\xc3\xbclle nicht essbar. Bitte vor Verzehr entfernen. Kann Spuren von Schalenfr\xc3\xbcchten und Milcheiwei\xc3\x9fen enthalten. 100 g Salami werden aus 160 g Schweinefleisch hergestellt.Allergenhinweise: Enth\xc3\xa4lt LAKTOSE.Enth\xc3\xa4lt: Milchzucker (Laktose). Kann enthalten: N\xc3\xbcsse und Nusserzeugnisse. Milch und Milcherzeugnisse (einschlie\xc3\x9flich Lactose).N\xc3\xa4hrwerteDurchschnittliche N\xc3\xa4hrwerteUnzubereitet pro 100 gEnergie1.845 kJEnergie445 kcalFett37 gFett, davon ges\xc3\xa4ttigte Fetts\xc3\xa4uren15 gKohlenhydrate2 gKohlenhydrate, davon Zucker1,5 gEiwei\xc3\x9f26 gSalz5 gHinweiseAufbewahrungs- und Verwendungshinweis: Vor Hitze sch\xc3\xbctzen und trocken lagern. Nach dem \xc3\x96ffnen innerhalb kurzer Zeit verzehren.Information: Unter Schutzatmosph\xc3\xa4re verpackt.Salami-H\xc3\xbclle nicht essbar. Bitte vor Verzehr entfernen.Identit\xc3\xa4tskennzeichen: FR 69.238.001 CEArtikeldetailsMarke: AosteUrsprungsland: FrankreichPackungsgr\xc3\xb6\xc3\x9fe: 250gKontaktKontaktname: Aoste SNCKontaktadresse: Hameau de Saint Didier - RD 592 - 38490 Aoste - FranceMaximale Bestellmenge: 15 St\xc3\xbcckF\xc3\xbcr die vorstehenden Angaben wird keine Haftung \xc3\xbcbernommen. Bitte pr\xc3\xbcfen Sie im Einzelfall die Angaben auf der jeweiligen Produktverpackung, nur diese sind verbindlich.Das Produktdesign kann von der Abbildung abweichen.'",Im Franzosengewann 3,Rewe,Frische & Convenience,2023-07-09,"Gültig ab morgen bis Samstag, 15.07.2023"
Rinder-Filet,https://img.rewe-static.de/REWE28_2023/3455289/39482382-2_digital-image.png?impolicy=s-offers&imwidth=200&output-format=image/webp,,https://shop.rewe.de/productList?search=2832136,,"vom Jungbullen, am Stück oder in Scheiben , je 100 g",Aktion,"4,99 €","b'ProduktbeschreibungArtikelnummer 3455289Frisch f\xc3\xbcr dich aus unserer Servicetheke. F\xc3\xbcr die vorstehenden Angaben wird keine Haftung \xc3\xbcbernommen. Bitte pr\xc3\xbcfen Sie im Einzelfall die Angaben auf der jeweiligen Produktverpackung, nur diese sind verbindlich.Das Produktdesign kann von der Abbildung abweichen.'",Im Franzosengewann 3,Rewe,Frische & Convenience,2023-07-09,"Gültig ab morgen bis Samstag, 15.07.2023"
Hackfleisch gemischt,https://img.rewe-static.de/REWE28_2023/8818612/36852327-13_digital-image.png?impolicy=s-offers&imwidth=200&output-format=image/webp,,https://shop.rewe.de/productList?search=2832136,,"vom Rind und Schwein, XXL Family Pack , je 1000-g-Pckg",Aktion,"7,77 €",nan,Im Franzosengewann 3,Rewe,Frische & Convenience,2023-07-09,"Gültig ab morgen bis Samstag, 15.07.2023"
Butcher’s Burger Patties,https://img.rewe-static.de/REWE28_2023/7938024/33031415-14_digital-image.png?impolicy=s-offers&imwidth=200&output-format=image/webp,,https://shop.rewe.de/productList?search=2832136,,"vom Rind, versch. Sorten , je 230-g-Pckg , (1 kg = 15.17)",Aktion,"3,49 €","ProduktbeschreibungArtikelnummer 7938024Zutaten & AllergeneZutaten: Rindfleisch 98 %, Speisesalz, Gewürze, Gewürzextrakte, Antioxidationsmittel Ascorbinsäure.  Kann Spuren von Senf und Sellerie enthalten.NährwerteDurchschnittliche Nährwertepro 100 gEnergie1.038 kJEnergie250 kcalFett20 gFett, davon gesättigte Fettsäuren8 gKohlenhydrate0,5 gKohlenhydrate, davon Zucker0,5 gBallaststoffe0 gEiweiß17 gSalz1,5 gArtikeldetailsMarke: Butcher's BurgerFür die vorstehenden Angaben wird keine Haftung übernommen. Bitte prüfen Sie im Einzelfall die Angaben auf der jeweiligen Produktverpackung, nur diese sind verbindlich.Das Produktdesign kann von der Abbildung abweichen.",Im Franzosengewann 3,Rewe,Frische & Convenience,2023-07-09,"Gültig ab morgen bis Samstag, 15.07.2023"
Lammkeulen-Scheiben,https://img.rewe-static.de/REWE28_2023/8766589/40055970-2_digital-image.png?impolicy=s-offers&imwidth=200&output-format=image/webp,,https://shop.rewe.de/productList?search=2832136,,"in Kräuterbutter-Marinade, mit Knochen, SB-verpackt , je 1 kg",Aktion,"19,90 €","ProduktbeschreibungArtikelnummer 8766589Zutaten & AllergeneZutaten: Lammfleisch mit Knochen 94 %, Marinade 6 % (Rapsöl, Speisesalz, Gewürze (enthalten SENF), Butter, Kräuter, Palmfett, Gewürzextrakte).  SellerieNährwerteDurchschnittliche Nährwertepro 100 gEnergie599 kJEnergie143 kcalFett7 gFett, davon gesättigte Fettsäuren2,6 gKohlenhydrate1 gKohlenhydrate, davon Zucker1 gBallaststoffe0 gEiweiß19 gSalz1,2 gFür die vorstehenden Angaben wird keine Haftung übernommen. Bitte prüfen Sie im Einzelfall die Angaben auf der jeweiligen Produktverpackung, nur diese sind verbindlich.Das Produktdesign kann von der Abbildung abweichen.",Im Franzosengewann 3,Rewe,Frische & Convenience,2023-07-09,"Gültig ab morgen bis Samstag, 15.07.2023"
Stielkotelett,https://img.rewe-static.de/REWE28_2023/2832136/25554026-3_digital-image.png?impolicy=s-offers&imwidth=200&output-format=image/webp,,https://shop.rewe.de/productList?search=2832136,,je 100 g,Aktion,"1,19 €",nan,Im Franzosengewann 3,Rewe,Frische & Convenience,2023-07-09,"Gültig ab morgen bis Samstag, 15.07.2023"
Grünländer mild & nussig,https://img.rewe-static.de/REWE28_2023/4092074/34973807-8_digital-image.png?impolicy=s-offers&imwidth=200&output-format=image/webp,,https://shop.rewe.de/productList?search=2832136,,"Schnittkäse, 48% Fett i.Tr. , je 100 g",Aktion,"0,99 €","b'ProduktbeschreibungArtikelnummer 4092074Frisch f\xc3\xbcr dich aus unserer Servicetheke. \n \nZutaten: pasteurisierte MILCH, Farbstoff: Beta-Carotin, mikrobielles Lab, Kulturen, Speisesalz. \n \nLaktosefrei* \n*Laktosegehalt: unter 0, 1g/100g \n \nRinde zum Verzehr geeignet! Zutaten & AllergeneAllergenhinweise: nullN\xc3\xa4hrwerteDurchschnittliche N\xc3\xa4hrwerteUnzubereitet pro 100 gEnergie1.481 kJEnergie357 kcalFett29 gFett, davon ges\xc3\xa4ttigte Fetts\xc3\xa4uren19 gKohlenhydrate0,1 gKohlenhydrate, davon Zucker0,1 gEiwei\xc3\x9f24 gSalz0,8 gArtikeldetailsMarke: Gr\xc3\xbcnl\xc3\xa4nderMaximale Bestellmenge: 15 St\xc3\xbcckF\xc3\xbcr die vorstehenden Angaben wird keine Haftung \xc3\xbcbernommen. Bitte pr\xc3\xbcfen Sie im Einzelfall die Angaben auf der jeweiligen Produktverpackung, nur diese sind verbindlich.Das Produktdesign kann von der Abbildung abweichen.'",Im Franzosengewann 3,Rewe,Frische & Convenience,2023-07-09,"Gültig ab morgen bis Samstag, 15.07.2023"
Arla Finello Gratinkäse,https://img.rewe-static.de/REWE28_2023/0674328/21064797-16_digital-image.png?impolicy=s-offers&imwidth=200&output-format=image/webp,,https://shop.rewe.de/productList?search=2832136,,"dän. Reibekäse , je 150-g-Pckg , (1 kg = 9.93)",Aktion,"1,49 €","b'ProduktbeschreibungArtikelnummer 674328Zutaten & AllergeneZutaten: K\xc3\x84SE, Kartoffelst\xc3\xa4rke.Allergenhinweise: Enth\xc3\xa4lt: Milch und Milcherzeugnisse (einschlie\xc3\x9flich Lactose).N\xc3\xa4hrwerteDurchschnittliche N\xc3\xa4hrwerteUnzubereitet pro 100 gEnergie1.305 kJEnergie314 kcalFett23 gFett, davon ges\xc3\xa4ttigte Fetts\xc3\xa4uren14 gKohlenhydrate2,8 gKohlenhydrate, davon Zucker0,6 gEiwei\xc3\x9f24 gSalz1,5 gHinweiseAufbewahrungs- und Verwendungshinweis: Nach dem \xc3\x96ffnen k\xc3\xbchl aufbewahren.Bei 8 \xc2\xb0C mindestens haltbar bis: siehe VerpackungsaufdruckInformation: Unter Schutzatmosph\xc3\xa4re verpackt.ArtikeldetailsMarke: ArlaUrsprungsland: D\xc3\xa4nemarkSorte: Gratink\xc3\xa4seKontaktKontaktname: Arla Foods ambaKontaktadresse: DK-8260 Viby JMaximale Bestellmenge: 15 St\xc3\xbcckF\xc3\xbcr die vorstehenden Angaben wird keine Haftung \xc3\xbcbernommen. Bitte pr\xc3\xbcfen Sie im Einzelfall die Angaben auf der jeweiligen Produktverpackung, nur diese sind verbindlich.Das Produktdesign kann von der Abbildung abweichen.'",Im Franzosengewann 3,Rewe,Frische & Convenience,2023-07-09,"Gültig ab morgen bis Samstag, 15.07.2023"
Salakis Schafskäse Natur,https://img.rewe-static.de/REWE28_2023/8874226/37902848-5_digital-image.png?impolicy=s-offers&imwidth=200&output-format=image/webp,,https://shop.rewe.de/productList?search=2832136,,"je 180-g-Pckg , (1 kg = 9.94)",Aktion,"1,79 €","b'ProduktbeschreibungArtikelnummer 8874226Zutaten & AllergeneZutaten: pasteurisierte SchafMILCH, Lab, SalzAllergenhinweise: Enth\xc3\xa4lt: Milch und Milcherzeugnisse (einschlie\xc3\x9flich Lactose).N\xc3\xa4hrwerteDurchschnittliche N\xc3\xa4hrwerteUnzubereitet pro 100 gEnergie1.126 kJEnergie272 kcalFett23 gFett, davon ges\xc3\xa4ttigte Fetts\xc3\xa4uren16 gKohlenhydrate0,8 gKohlenhydrate, davon Zucker0,8 gEiwei\xc3\x9f16 gSalz2,8 gHinweiseAufbewahrungs- und Verwendungshinweis: bei 8\xc2\xb0C mindestens haltbar bis: siehe Verpackungsaufdruck: tt.mm.jjjjArtikeldetailsMarke: SalakisNettof\xc3\xbcllmenge: 180 GUrsprungsland: FrankreichKontaktKontaktname: Lactalis Deutschland GmbHKontaktadresse: Am Yachthafen 2, 77694 KehlMaximale Bestellmenge: 15 St\xc3\xbcckF\xc3\xbcr die vorstehenden Angaben wird keine Haftung \xc3\xbcbernommen. Bitte pr\xc3\xbcfen Sie im Einzelfall die Angaben auf der jeweiligen Produktverpackung, nur diese sind verbindlich.Das Produktdesign kann von der Abbildung abweichen.'",Im Franzosengewann 3,Rewe,Frische & Convenience,2023-07-09,"Gültig ab morgen bis Samstag, 15.07.2023"
Wiltmann Salami,https://img.rewe-static.de/REWE28_2023/4240936/6554940-38_digital-image.png?impolicy=s-offers&imwidth=200&output-format=image/webp,,https://shop.rewe.de/productList?search=2832136,,"versch. Sorten , je 80-g-Pckg , (1 kg = 16.13)",Aktion,"1,29 €","b'ProduktbeschreibungArtikelnummer 4240936Feinschmecker-Salami aus Rind- und Schweinefleisch. Zutaten & AllergeneZutaten: Schweinefleisch, Rindfleisch, jodierters Speisesalz (Speisesalz, Kaliumiodat), Traubenzucker, Trockenglucose, Gew\xc3\xbcrze, Gew\xc3\xbcrzextrakte, Antioxidationsmittel: Natriumascorbat; Konservierungsstoff: Natriumnitrit; Reifekulturen, Buchenholzrauch. 100g Salami, hergestellt aus 119g Schweinefleisch und 21g Rindfleisch.N\xc3\xa4hrwerteDurchschnittliche N\xc3\xa4hrwerteUnzubereitet pro 100 gEnergie1.474 kJEnergie355 kcalFett28,1 gFett, davon ges\xc3\xa4ttigte Fetts\xc3\xa4uren11 gKohlenhydrate1 gKohlenhydrate, davon Zucker1 gEiwei\xc3\x9f24,1 gSalz4,1 gHinweiseAufbewahrungs- und Verwendungshinweis: Bei maximal 7\xc2\xb0C unge\xc3\xb6ffnet mindestens haltbar bis: siehe VerpackungsaufdruckArtikeldetailsMarke: WiltmannUrsprungsland: DeutschlandKontaktKontaktname: Franz Wiltmann GmbH & Co. KGKontaktadresse: Wilhelm-Kleine-Strasse 16, D-33775 VersmoldMaximale Bestellmenge: 15 St\xc3\xbcckF\xc3\xbcr die vorstehenden Angaben wird keine Haftung \xc3\xbcbernommen. Bitte pr\xc3\xbcfen Sie im Einzelfall die Angaben auf der jeweiligen Produktverpackung, nur diese sind verbindlich.Das Produktdesign kann von der Abbildung abweichen.'",Im Franzosengewann 3,Rewe,Frische & Convenience,2023-07-09,"Gültig ab morgen bis Samstag, 15.07.2023"
Bresso Feine Kräuter,https://img.rewe-static.de/REWE28_2023/0396707/3684540-43_digital-image.png?impolicy=s-offers&imwidth=200&output-format=image/webp,,https://shop.rewe.de/productList?search=2832136,,"60% Fett i.Tr. , je 120-g-Pckg , (1 kg = 11.58)",Aktion,"1,39 €","b""ProduktbeschreibungArtikelnummer 396707BRESSO steht f\xc3\xbcr unbeschwerten Frischk\xc3\xa4se-Genuss & provenzalisch-mediterrane Lebensweise. Eine Frischk\xc3\xa4se-Spezialit\xc3\xa4t mit feinen Kr\xc3\xa4utern veredelt und mit Knoblauch raffiniert abgerundet \xe2\x80\x93 unser Klassiker unter den BRESSO Frischk\xc3\xa4se-Portionen \xe2\x80\x93 mit aromatischer Geschmacksnote. Als Packung mit acht praktischen Portionen erh\xc3\xa4ltlich.Zutaten & AllergeneZutaten: FRISCHK\xc3\x84SE (pasteurisierte KUHMILCH, pasteurisierte SAHNE/RAHM), Speisesalz, Knoblauch, Kr\xc3\xa4uter, Pfeffer, Konservierungsstoff (Kaliumsorbat). Dieser Frischk\xc3\xa4se kann Spuren von Schalenfr\xc3\xbcchten und Ziegenmilch enthalten.Allergenhinweise: Frischk\xc3\xa4se, Kuhmilch, Sahne/RahmEnth\xc3\xa4lt: Milch und Milcherzeugnisse (einschlie\xc3\x9flich Lactose). Kann enthalten: N\xc3\xbcsse und Nusserzeugnisse.N\xc3\xa4hrwerteDurchschnittliche N\xc3\xa4hrwerteUnzubereitet pro 100 gEnergie1.391 kJEnergie337 kcalFett32 gFett, davon ges\xc3\xa4ttigte Fetts\xc3\xa4uren23 gKohlenhydrate3 gKohlenhydrate, davon Zucker2,4 gEiwei\xc3\x9f9,2 gSalz1,2 gHinweiseAufbewahrungs- und Verwendungshinweis: Bei +2\xc2\xb0C bis +8\xc2\xb0C mindestens haltbar bis: siehe VerpackungsaufdruckInformation: DoppelrahmstufeArtikeldetailsMarke: BressoUrsprungsland: FrankreichKontaktKontaktname: FromarsacKontaktadresse: Marsac sur L'Isle, 24052 P\xc3\xa9rigueux, Cedex 9, FranceMaximale Bestellmenge: 15 St\xc3\xbcckF\xc3\xbcr die vorstehenden Angaben wird keine Haftung \xc3\xbcbernommen. Bitte pr\xc3\xbcfen Sie im Einzelfall die Angaben auf der jeweiligen Produktverpackung, nur diese sind verbindlich.Das Produktdesign kann von der Abbildung abweichen.""",Im Franzosengewann 3,Rewe,Frische & Convenience,2023-07-09,"Gültig ab morgen bis Samstag, 15.07.2023"
Rana Tortelloni,https://img.rewe-static.de/REWE28_2023/8657317/33918696-8_digital-image.png?impolicy=s-offers&imwidth=200&output-format=image/webp,,https://shop.rewe.de/productList?search=2832136,,"versch. Sorten , je 250-g-Pckg , (1 kg = 10.76)",Aktion,"2,69 €","b'ProduktbeschreibungArtikelnummer 8657317Zutaten & AllergeneZutaten: F\xc3\x9cLLUNG 53%: Basilikum Pesto 35%,(Sonnenblumen\xc3\xb6l, Basilikum 27% Pecorino Romano g.U. (gesch\xc3\xbctzte Ursprungsbezeichnung) K\xc3\x84SE 14%, KACHUN\xc3\x9cSSE, geriebener K\xc3\x84SE, Kochsalz, Pinienkerne 3%), Ricotta 33% (MOLKE, MILCH, Kochsalz), Pflanzenfasern (Mais und Kartoffeln) Mozzarella K\xc3\x84SE, Paniermehl (WeichWEIZENmehl, Wasser, Kochsalz, Hefe), LAKTOSE, St\xc3\xa4rke, nat\xc3\xbcrliche Aromen (enth\xc3\xa4lt GERSTE). TEIGWAREN 47%: WeichWEIZENmehl, EIER 30%,HartWEIZENgrie\xc3\x9f. Hergestellt in einem Werk, das auch SCHALENFR\xc3\x9cCHTE, FISCHE, KREBSTIERE, WICHTIERE, SOJABOHNEN und SELLERIE verwendet.Allergenhinweise: Enth\xc3\xa4lt: Glutenhaltiges Getreide und glutenhaltige Getreideerzeugnisse. Milch und Milcherzeugnisse (einschlie\xc3\x9flich Lactose). N\xc3\xbcsse und Nusserzeugnisse. Eier und Eierzeugnisse. Kann enthalten: Krebstiere und Krebstiererzeugnisse. Weichtiere und Weichtiererzeugnisse. Fisch und Fischerzeugnisse. Soja und Sojaerzeugnisse. Sellerie und Sellerieerzeugnisse.N\xc3\xa4hrwerteDurchschnittliche N\xc3\xa4hrwerteUnzubereitet pro 100 gEnergie1.225 kJEnergie292 kcalFett12 gFett, davon ges\xc3\xa4ttigte Fetts\xc3\xa4uren3,1 gKohlenhydrate32 gKohlenhydrate, davon Zucker4,1 gBallaststoffe6,2 gEiwei\xc3\x9f11 gSalz0,98 gHinweiseAufbewahrungs- und Verwendungshinweis: Im K\xc3\xbchlschrank bei +4\xc2\xb0C bis max. +7\xc2\xb0C aufbewahren. Nach dem \xc3\x96ffnen innerhalb von 3 Tagen verbrauchen.Information: Unter Schutzatmosph\xc3\xa4re verpackt.ArtikeldetailsMarke: Giovanni RanaUrsprungsland: ItalienKontaktKontaktname: Pastificio RANA S.p.A.Kontaktadresse: Via Pacinotti, 25 - 37057 San Giovanni Lupatoto (VR) - ItaliaMaximale Bestellmenge: 15 St\xc3\xbcckF\xc3\xbcr die vorstehenden Angaben wird keine Haftung \xc3\xbcbernommen. Bitte pr\xc3\xbcfen Sie im Einzelfall die Angaben auf der jeweiligen Produktverpackung, nur diese sind verbindlich.Das Produktdesign kann von der Abbildung abweichen.'",Im Franzosengewann 3,Rewe,Frische & Convenience,2023-07-09,"Gültig ab morgen bis Samstag, 15.07.2023"
Homann Kartoffel- oder Pellkartoffelsalat,https://img.rewe-static.de/REWE28_2023/8698632/34937248-11_digital-image.png?impolicy=s-offers&imwidth=200&output-format=image/webp,,https://shop.rewe.de/productList?search=2832136,,"versch. Sorten , je 400-g-Pckg , (1 kg = 4.23)",Aktion,"1,69 €","b'ProduktbeschreibungArtikelnummer 8698632Zutaten & AllergeneZutaten: 62% Kartoffeln, Raps\xc3\xb6l, 8% H\xc3\x9cHNEREIER, 6% Gurken, Wasser, Zucker, Branntweinessig, 2% Zwiebeln, Speisesalz, H\xc3\x9cHNEREIGELB, S\xc3\xa4ureregulatoren: Calciumchlorid und Natriumacetate, Sahne (MILCH), Konservierungsstoff: Kaliumsorbat, St\xc3\xa4rke, Gew\xc3\xbcrze (enth\xc3\xa4lt SENF), f\xc3\xa4rbendes Lebensmittel: Karottenkonzentrat, Verdickungsmittel: Guarkernmehl, S\xc3\xa4uerungsmittel: Citronens\xc3\xa4ure, Antioxidationsmittel: Ascorbins\xc3\xa4ure, Stabilisator: Carrageen. Kann Spuren von Erdn\xc3\xbcssen, Fischen, glutenhaltiges Getreide, Krebstieren, Schalenfr\xc3\xbcchten, Sellerie, Sesamsamen und Sojabohnen enthalten.Allergenhinweise: Enth\xc3\xa4lt: Eier und Eierzeugnisse. Milch und Milcherzeugnisse (einschlie\xc3\x9flich Lactose). Senf- und Senferzeugnisse. Kann enthalten: Erdn\xc3\xbcsse und Erdnusserzeugnisse. Glutenhaltiges Getreide und glutenhaltige Getreideerzeugnisse. N\xc3\xbcsse und Nusserzeugnisse. Sellerie und Sellerieerzeugnisse. Sesamsamen und Sesamsamenerzeugnisse. Soja und Sojaerzeugnisse. Weizen und Weizenerzeugnisse (glutenhaltiges Getreide). Fisch und Fischerzeugnisse.N\xc3\xa4hrwerteDurchschnittliche N\xc3\xa4hrwerteUnzubereitet pro 100 gEnergie770 kJEnergie185 kcalFett13,2 gFett, davon ges\xc3\xa4ttigte Fetts\xc3\xa4uren1,2 gKohlenhydrate12,8 gKohlenhydrate, davon Zucker3 gEiwei\xc3\x9f2,6 gSalz1,3 gHinweiseAufbewahrungs- und Verwendungshinweis: Gek\xc3\xbchlt bei max. +7\xc2\xb0CArtikeldetailsMarke: HomannUrsprungsland: NiederlandeKontaktKontaktname: Signature Foods Deutschland GmbHKontaktadresse: Winkelhausenstra\xc3\x9fe 10, 49090 Osnabr\xc3\xbcckMaximale Bestellmenge: 15 St\xc3\xbcckF\xc3\xbcr die vorstehenden Angaben wird keine Haftung \xc3\xbcbernommen. Bitte pr\xc3\xbcfen Sie im Einzelfall die Angaben auf der jeweiligen Produktverpackung, nur diese sind verbindlich.Das Produktdesign kann von der Abbildung abweichen.'",Im Franzosengewann 3,Rewe,Frische & Convenience,2023-07-09,"Gültig ab morgen bis Samstag, 15.07.2023"
Alta Badia,https://img.rewe-static.de/REWE28_2023/0351001/26962937-8_digital-image.png?impolicy=s-offers&imwidth=200&output-format=image/webp,,https://shop.rewe.de/productList?search=2832136,,"ital. Hartkäse, mind. 50% Fett i.Tr. , je 100 g",Aktion,"1,99 €","b'ProduktbeschreibungArtikelnummer 351001Frisch f\xc3\xbcr dich aus unserer Servicetheke. \n \nZutaten: pasteurisierte MILCH, Salz, MILCHS\xc3\x84UREBAKTERIEN, tierisches Lab, Konservierungsstoff: LYSOZYM (aus EI), Natamycin, Farbstoff: AMMONSULFITZUCKERKUL\xc3\x96R \n \nLaktosefrei* \n*Laktosegehalt: unter 0, 1g/100g \n \nRinde nicht zum Verzehr geeignet! \n \nN\xc3\xa4hrwerte je 100g: \nEnergie: 1704kJ \nEnergie: 411kcal \nFett: 33,5g \nFett, davon ges\xc3\xa4ttigte Fetts\xc3\xa4uren: 24,1g \nKohlenhydrate: 0,1g \nKohlenhydrate, davon Zucker: 0,1g \nEiwei\xc3\x9f: 27,3g \nSalz: 1,7g ArtikeldetailsEigenschaften: LaktosefreiMaximale Bestellmenge: 15 St\xc3\xbcckF\xc3\xbcr die vorstehenden Angaben wird keine Haftung \xc3\xbcbernommen. Bitte pr\xc3\xbcfen Sie im Einzelfall die Angaben auf der jeweiligen Produktverpackung, nur diese sind verbindlich.Das Produktdesign kann von der Abbildung abweichen.'",Im Franzosengewann 3,Rewe,Frische & Convenience,2023-07-09,"Gültig ab morgen bis Samstag, 15.07.2023"
Campofrio Serrano-Schinken,https://img.rewe-static.de/REWE28_2023/0515409/31641266-6_digital-image.png?impolicy=s-offers&imwidth=200&output-format=image/webp,,https://shop.rewe.de/productList?search=2832136,,je 100 g,Aktion,"2,19 €","b'ProduktbeschreibungArtikelnummer 515409Frisch f\xc3\xbcr dich aus unserer Servicetheke. \n \nZutaten: Schweinefleisch, Salz, Konservierungsstoff: Kaliumnitrat, Natriumnitrit. \n \nN\xc3\xa4hrwerte je 100g: \nEnergie: 889kJ \nEnergie: 2120kcal \nFett: 10g \nFett, davon ges\xc3\xa4ttigte Fetts\xc3\xa4uren: 3,8g \nKohlenhydrate: 0,5g \nKohlenhydrate, davon Zucker: 0,5g \nEiwei\xc3\x9f: 30g \nSalz: 5g Zutaten & AllergeneAllergenhinweise: nullN\xc3\xa4hrwerteDurchschnittliche N\xc3\xa4hrwerteUnzubereitet pro 100 gEnergie889 kJEnergie212 kcalFett10 gFett, davon ges\xc3\xa4ttigte Fetts\xc3\xa4uren3,8 gKohlenhydrate0,5 gKohlenhydrate, davon Zucker0,5 gEiwei\xc3\x9f30 gSalz5 gArtikeldetailsMarke: CampofrioMaximale Bestellmenge: 15 St\xc3\xbcckF\xc3\xbcr die vorstehenden Angaben wird keine Haftung \xc3\xbcbernommen. Bitte pr\xc3\xbcfen Sie im Einzelfall die Angaben auf der jeweiligen Produktverpackung, nur diese sind verbindlich.Das Produktdesign kann von der Abbildung abweichen.'",Im Franzosengewann 3,Rewe,Frische & Convenience,2023-07-09,"Gültig ab morgen bis Samstag, 15.07.2023"
Galbani Mozzarella Mini,https://img.rewe-static.de/REWE28_2023/0594382/965610-29_digital-image.png?impolicy=s-offers&imwidth=200&output-format=image/webp,,https://shop.rewe.de/productList?search=2832136,,"38% Fett i.Tr. , je 260-g-Pckg , (1 kg = 13.27) , 150-g-Abtropfgew.",Aktion,"1,99 €","b'ProduktbeschreibungArtikelnummer 594382Zutaten & AllergeneZutaten: pasteurisierte KuhMILCH, Lab, Salz, S\xc3\xa4uerungsmittel:Zitronens\xc3\xa4ureAllergenhinweise: Enth\xc3\xa4lt: Milch und Milcherzeugnisse (einschlie\xc3\x9flich Lactose).N\xc3\xa4hrwerteDurchschnittliche N\xc3\xa4hrwerteUnzubereitet pro 100 gEnergie819 kJEnergie197 kcalFett13,5 gFett, davon ges\xc3\xa4ttigte Fetts\xc3\xa4uren9,4 gKohlenhydrate1,3 gKohlenhydrate, davon Zucker0,6 gEiwei\xc3\x9f17,5 gSalz0,6 gHinweiseAufbewahrungs- und Verwendungshinweis: bei 8\xc2\xb0C mindestens haltbar bis: siehe VerpackungsaufdruckArtikeldetailsMarke: GalbaniNettof\xc3\xbcllmenge: 260 GUrsprungsland: ItalienAbtropfgewicht: 150 gKontaktKontaktname: Lactalis Deutschland GmbHKontaktadresse: Am Yachthafen 2, 77694 KehlMaximale Bestellmenge: 15 St\xc3\xbcckF\xc3\xbcr die vorstehenden Angaben wird keine Haftung \xc3\xbcbernommen. Bitte pr\xc3\xbcfen Sie im Einzelfall die Angaben auf der jeweiligen Produktverpackung, nur diese sind verbindlich.Das Produktdesign kann von der Abbildung abweichen.'",Im Franzosengewann 3,Rewe,Frische & Convenience,2023-07-09,"Gültig ab morgen bis Samstag, 15.07.2023"
Landliebe Sahnepudding,https://img.rewe-static.de/REWE28_2023/2861852/1862900-49_digital-image.png?impolicy=s-offers&imwidth=200&output-format=image/webp,,https://shop.rewe.de/productList?search=2832136,,"Schokolade , je 150-g-Becher , (1 kg = 3.27)",Aktion,"0,49 €","b'ProduktbeschreibungArtikelnummer 2861852Zutaten & AllergeneZutaten: 82% SAHNE, 9% Schokoladenpulver (Zucker, Kakao*), Zucker, modifizierte St\xc3\xa4rke, 0,9% fettarmer Kakao*, St\xc3\xa4rke.Allergenhinweise: Enth\xc3\xa4lt: Milch und Milcherzeugnisse (einschlie\xc3\x9flich Lactose).N\xc3\xa4hrwerteDurchschnittliche N\xc3\xa4hrwerteUnzubereitet pro 100 gEnergie680 kJEnergie163 kcalFett8,8 gFett, davon ges\xc3\xa4ttigte Fetts\xc3\xa4uren6 gKohlenhydrate17 gKohlenhydrate, davon Zucker14 gEiwei\xc3\x9f3,3 gSalz0,11 gHinweiseAufbewahrungs- und Verwendungshinweis: Bei +8 \xc2\xb0C mindestens haltbar bis: siehe Deckel.Information: * Rainforest Alliance-zertifizierter Kakao. Weitere Informationen unter ra.org.ArtikeldetailsMarke: LandliebeUrsprungsland: DeutschlandSorte: SchokoladeKontaktKontaktname: Landliebe Molkereiprodukte GmbHKontaktadresse: 74078 Heilbronn DEUTSCHLANDMaximale Bestellmenge: 15 St\xc3\xbcckF\xc3\xbcr die vorstehenden Angaben wird keine Haftung \xc3\xbcbernommen. Bitte pr\xc3\xbcfen Sie im Einzelfall die Angaben auf der jeweiligen Produktverpackung, nur diese sind verbindlich.Das Produktdesign kann von der Abbildung abweichen.'",Im Franzosengewann 3,Rewe,Kühlung,2023-07-09,"Gültig ab morgen bis Samstag, 15.07.2023"
Landliebe Vollmilchpudding,https://img.rewe-static.de/REWE28_2023/8395149/37709425-7_digital-image.png?impolicy=s-offers&imwidth=200&output-format=image/webp,,https://shop.rewe.de/productList?search=2832136,,"Schoko , je 225-g-Becher , (1 kg = 2.18)",Aktion,"0,49 €","b'ProduktbeschreibungArtikelnummer 8395149Zutaten & AllergeneZutaten: 86% VOLLMILCH, Zucker, 4 % Schokoladenpulver (Zucker, Kakao), modifizierte St\xc3\xa4rke, 1,5 % fettarmer Kakao, St\xc3\xa4rke.Allergenhinweise: Enth\xc3\xa4lt: Milch und Milcherzeugnisse (einschlie\xc3\x9flich Lactose).N\xc3\xa4hrwerteDurchschnittliche N\xc3\xa4hrwerteUnzubereitet pro 100 gEnergie442 kJEnergie105 kcalFett3,7 gFett, davon ges\xc3\xa4ttigte Fetts\xc3\xa4uren2,5 gKohlenhydrate14 gKohlenhydrate, davon Zucker11 gEiwei\xc3\x9f3,5 gSalz0,15 gHinweiseAufbewahrungs- und Verwendungshinweis: Unge\xc3\xb6ffnet bei +8\xc2\xb0C mindestens haltbar bis: siehe Deckel.ArtikeldetailsMarke: LandliebeUrsprungsland: DeutschlandKontaktKontaktname: Landliebe Molkereiprodukte GmbHKontaktadresse: 74078 Heilbronn DEUTSCHLANDMaximale Bestellmenge: 15 St\xc3\xbcckF\xc3\xbcr die vorstehenden Angaben wird keine Haftung \xc3\xbcbernommen. Bitte pr\xc3\xbcfen Sie im Einzelfall die Angaben auf der jeweiligen Produktverpackung, nur diese sind verbindlich.Das Produktdesign kann von der Abbildung abweichen.'",Im Franzosengewann 3,Rewe,Kühlung,2023-07-09,"Gültig ab morgen bis Samstag, 15.07.2023"
Landliebe Joghurt,https://img.rewe-static.de/REWE28_2023/6737188/7396340-14_digital-image.png?impolicy=s-offers&imwidth=200&output-format=image/webp,,https://shop.rewe.de/productList?search=2832136,,"versch. Sorten , je 500-g-Glas , (1 kg = 1.98) , zzgl. 0.15 Pfand",Aktion,"0,99 €","b'ProduktbeschreibungArtikelnummer 6737188Zutaten & AllergeneZutaten: Joghurt mildAllergenhinweise: Enth\xc3\xa4lt: Milch und Milcherzeugnisse (einschlie\xc3\x9flich Lactose).N\xc3\xa4hrwerteDurchschnittliche N\xc3\xa4hrwerteUnzubereitet pro 100 gEnergie336 kJEnergie80 kcalFett3,8 gFett, davon ges\xc3\xa4ttigte Fetts\xc3\xa4uren2,6 gKohlenhydrate6,2 gKohlenhydrate, davon Zucker6,2 gEiwei\xc3\x9f5,3 gSalz0,1 gHinweiseAufbewahrungs- und Verwendungshinweis: Bei +8 \xc2\xb0C mindestens haltbar bis:siehe VerpackungsaufdruckArtikeldetailsMarke: LandliebeUrsprungsland: DeutschlandKontaktKontaktname: Landliebe Molkereiprodukte GmbHKontaktadresse: 74078 Heilbronn DEUTSCHLANDMaximale Bestellmenge: 15 St\xc3\xbcckF\xc3\xbcr die vorstehenden Angaben wird keine Haftung \xc3\xbcbernommen. Bitte pr\xc3\xbcfen Sie im Einzelfall die Angaben auf der jeweiligen Produktverpackung, nur diese sind verbindlich.Das Produktdesign kann von der Abbildung abweichen.'",Im Franzosengewann 3,Rewe,Kühlung,2023-07-09,"Gültig ab morgen bis Samstag, 15.07.2023"
Alpro Mandel Drink,https://img.rewe-static.de/REWE28_2023/3215020/26398683-18_digital-image.png?impolicy=s-offers&imwidth=200&output-format=image/webp,,https://shop.rewe.de/productList?search=2832136,,"versch. Sorten , je 1-l-Pckg",Aktion,"1,99 €","b'ProduktbeschreibungArtikelnummer 3215020FEINER MARZIPAN-GESCHMACK. Unser Drink schmeckt frisch und cremig mit Mandeln, die aus Italien und Spanien kommen. Unger\xc3\xb6stet behalten sie ihr urspr\xc3\xbcnglich feines Aroma. Ein EINZIGARTIGES MANDELERLEBNIS nach italienischer Art. Ein Genuss zu M\xc3\xbcsli oder gek\xc3\xbchlt im Glas. DRINK \xe2\x80\x93 ALMOND \xe2\x80\x93 UNROASTED \xe2\x80\x93 NS \xe2\x80\x93 SD \xe2\x80\x93 LONG \xe2\x80\x93 SIG2 Mit CALCIUM und Vitamin D2, die zur Erhaltung der Knochen beitragen. Von Natur aus FETTARM. Au\xc3\x9ferdem OHNE ein einzigesg ZUCKER! VOR ALLEM DURCH REGEN BEW\xc3\x84SSERT, verbraucht 8-mal weniger Wasser als herk\xc3\xb6mmlich bew\xc3\xa4sserte Mandeln.* *Werte basieren auf einer \xc3\x96kobilanz des Alpro Mandeldrinks vs. Milch in der EU, (Expertengutachten: Quantis 2021). Unsere Mandeln verbrauchen 80% des f\xc3\xbcr die Herstellung dieses Produktes ben\xc3\xb6tigten Wassers. Unsere Mandeln brauchen mehr Land als herk\xc3\xb6mmlich bew\xc3\xa4sserte Mandeln. Ihr Wasserbedarf wird mindestens zu 2/3 durch Regen abgedeckt. Mehr auf alpro.com/planetZutaten & AllergeneZutaten: Wasser, MANDELN (2,3%), Calcium (Tricalciumphosphat), Meersalz, Stabilisatoren (Johannisbrotkernmehl, Gellan), Emulgator (Lecithine), nat\xc3\xbcrliches Aroma, Vitamine (B2, B12, E, D2). Mandeln aus Italien und Spanien. Kann Spuren von Schalenfr\xc3\xbcchten (keine Erdn\xc3\xbcsse) enthalten.Allergenhinweise: MANDELNEnth\xc3\xa4lt: N\xc3\xbcsse und Nusserzeugnisse.N\xc3\xa4hrwerteDurchschnittliche N\xc3\xa4hrwerteUnzubereitet pro 100 mlEnergie56 kJEnergie13 kcalFett1,1 gFett, davon ges\xc3\xa4ttigte Fetts\xc3\xa4uren0,1 gFett, davon einfach unges\xc3\xa4ttigte Fetts\xc3\xa4uren0,8 gFett, davon mehrfach unges\xc3\xa4ttigte Fetts\xc3\xa4uren0,2 gKohlenhydrate0 gKohlenhydrate, davon Zucker0 gBallaststoffe0,2 gEiwei\xc3\x9f0,5 gSalz0,14 gVitamin D0,75 \xc2\xb5gVitamin E1,8 mgVitamin C0 mgThiamin0,09 mgRiboflavin0,21 mgCalcium120 mgNatrium0,06 gVitamin B120,38 \xc2\xb5gLaktose0 gHinweiseAufbewahrungs- und Verwendungshinweis: Mindestens haltbar bis: siehe Oberseite. Nach Anbruch 5 Tage im K\xc3\xbchlschrank haltbar (+1\xc2\xb0C bis +7\xc2\xb0C). Gut sch\xc3\xbctteln.Information: Ohne ZuckerArtikeldetailsMarke: AlproEigenschaften: Laktosefrei, VeganUrsprungsland: GrossbritannienServiervorschlag: 100% pflanzlich.KontaktKontaktname: Danone Deutschland GmbHKontaktadresse: Postfach 100359, 60003 FrankfurtF\xc3\xbcr die vorstehenden Angaben wird keine Haftung \xc3\xbcbernommen. Bitte pr\xc3\xbcfen Sie im Einzelfall die Angaben auf der jeweiligen Produktverpackung, nur diese sind verbindlich.Das Produktdesign kann von der Abbildung abweichen.'",Im Franzosengewann 3,Rewe,Kühlung,2023-07-09,"Gültig ab morgen bis Samstag, 15.07.2023"
Meggle Kräuter-Tube Vegan,https://img.rewe-static.de/REWE28_2023/7814816/35135529-6_digital-image.png?impolicy=s-offers&imwidth=200&output-format=image/webp,,https://shop.rewe.de/productList?search=2832136,,"je 80-ml-Tube , (1 l = 18.63)",Aktion,"1,49 €","b'ProduktbeschreibungArtikelnummer 7814816Zutaten & AllergeneZutaten: Pflanzliche \xc3\x96le und Fette (Raps, Kokos, Shea, in ver\xc3\xa4nderlichen Gewichtsanteilen), Wasser, Zwiebeln 11%, Petersilie 6%, Knoblauch 4%, Salz, St\xc3\xa4rke, Gew\xc3\xbcrze, Kr\xc3\xa4uter, Zitronensaftkonzentrat, Emulgatoren: Lecithin (SOJA), Mono- und Diglyceride von Speisefetts\xc3\xa4uren; nat\xc3\xbcrliches Knoblaucharoma, Farbstoff: Beta-Carotin.N\xc3\xa4hrwerteDurchschnittliche N\xc3\xa4hrwerteUnzubereitet pro 100 gEnergie2.092 kJEnergie509 kcalFett55 gFett, davon ges\xc3\xa4ttigte Fetts\xc3\xa4uren16 gKohlenhydrate2,3 gKohlenhydrate, davon Zucker0,9 gEiwei\xc3\x9f0,6 gSalz1,9 gHinweiseAufbewahrungs- und Verwendungshinweis: K\xc3\xbchlung bei < 10 \xc2\xb0C ohne UnterbrechungArtikeldetailsMarke: MeggleEigenschaften: Vegan, LaktosefreiUrsprungsland: DeutschlandKontaktKontaktname: MEGGLE GmbH & Co. KGKontaktadresse: Megglestr. 6-12 83512 WasserburgF\xc3\xbcr die vorstehenden Angaben wird keine Haftung \xc3\xbcbernommen. Bitte pr\xc3\xbcfen Sie im Einzelfall die Angaben auf der jeweiligen Produktverpackung, nur diese sind verbindlich.Das Produktdesign kann von der Abbildung abweichen.'",Im Franzosengewann 3,Rewe,Kühlung,2023-07-09,"Gültig ab morgen bis Samstag, 15.07.2023"
Meggle Kräuter-Butter,https://img.rewe-static.de/REWE28_2023/4529472/7395990-34_digital-image.png?impolicy=s-offers&imwidth=200&output-format=image/webp,,https://shop.rewe.de/productList?search=2832136,,"je 5 x 20-g-Pckg , (1 kg = 14.90)",Aktion,"1,49 €","b'ProduktbeschreibungArtikelnummer 4529472Zutaten & AllergeneZutaten: BUTTER, Zwiebeln, Petersilie 6%, Knoblauch 3%, Salz, Kr\xc3\xa4uter, Gew\xc3\xbcrze, St\xc3\xa4rke, Zitronensaft*, nat\xc3\xbcrliches Knoblaucharoma. *aus KonzentratAllergenhinweise: Enth\xc3\xa4lt: Milch und Milcherzeugnisse (einschlie\xc3\x9flich Lactose).N\xc3\xa4hrwerteDurchschnittliche N\xc3\xa4hrwerteUnzubereitet pro 100 gEnergie2.377 kJEnergie578 kcalFett62 gFett, davon ges\xc3\xa4ttigte Fetts\xc3\xa4uren40 gKohlenhydrate3,3 gKohlenhydrate, davon Zucker2,4 gBallaststoffe0,6 gEiwei\xc3\x9f1,2 gSalz2,1 gNatrium0,85 gHinweiseAufbewahrungs- und Verwendungshinweis: K\xc3\xbchlung bei < 10 \xc2\xb0C ohne Unterbrechung oder tiefgek\xc3\xbchlt (\xe2\x89\xa4-18 \xc2\xb0C)ArtikeldetailsMarke: MeggleUrsprungsland: DeutschlandPackungsgr\xc3\xb6\xc3\x9fe: 5x20gKontaktKontaktname: MEGGLE GmbH & Co. KGKontaktadresse: Megglestr. 6-1283512 WasserburgMaximale Bestellmenge: 15 St\xc3\xbcckF\xc3\xbcr die vorstehenden Angaben wird keine Haftung \xc3\xbcbernommen. Bitte pr\xc3\xbcfen Sie im Einzelfall die Angaben auf der jeweiligen Produktverpackung, nur diese sind verbindlich.Das Produktdesign kann von der Abbildung abweichen.'",Im Franzosengewann 3,Rewe,Kühlung,2023-07-09,"Gültig ab morgen bis Samstag, 15.07.2023"
Cheestrings Original,https://img.rewe-static.de/REWE28_2023/7033238/26586529-15_digital-image.png?impolicy=s-offers&imwidth=200&output-format=image/webp,,https://shop.rewe.de/productList?search=2832136,,"je 4 x 20-g-Pckg , (1 kg = 21.13)",Aktion,"1,69 €","b'ProduktbeschreibungArtikelnummer 7033238Zutaten & AllergeneZutaten: MILCH (96%), Salz, S\xc3\xa4ureregulatoren (Citronens\xc3\xa4ure, Milchs\xc3\xa4ure), Mikrobieller Labersatzstoff, Starterkulturen (MILCH), Vitamin B6, Vitamin B12.Allergenhinweise: Enth\xc3\xa4lt: Milch und Milcherzeugnisse (einschlie\xc3\x9flich Lactose).N\xc3\xa4hrwerteDurchschnittliche N\xc3\xa4hrwerteUnzubereitet pro 100 gEnergie1.264 kJEnergie304 kcalFett22,5 gFett, davon ges\xc3\xa4ttigte Fetts\xc3\xa4uren14,2 gKohlenhydrate2,5 gKohlenhydrate, davon Zucker1 gEiwei\xc3\x9f23 gSalz1,8 gHinweiseAufbewahrungs- und Verwendungshinweis: Bei 4-8\xc2\xb0C mindestens haltbar bis: siehe VerpackungsaufdruckArtikeldetailsMarke: CheestringsUrsprungsland: IrlandKontaktKontaktname: Privatmolkerei Bauer GmbH & Co. KGKontaktadresse: 83512 Wasserburg/InnMaximale Bestellmenge: 15 St\xc3\xbcckF\xc3\xbcr die vorstehenden Angaben wird keine Haftung \xc3\xbcbernommen. Bitte pr\xc3\xbcfen Sie im Einzelfall die Angaben auf der jeweiligen Produktverpackung, nur diese sind verbindlich.Das Produktdesign kann von der Abbildung abweichen.'",Im Franzosengewann 3,Rewe,Kühlung,2023-07-09,"Gültig ab morgen bis Samstag, 15.07.2023"
Milram Müritzer Scheiben,https://img.rewe-static.de/REWE28_2023/7215406/27484152-9_digital-image.png?impolicy=s-offers&imwidth=200&output-format=image/webp,,https://shop.rewe.de/productList?search=2832136,,"Schnittkäse, 55% Fett i.Tr. , je 150-g-Pckg , (1 kg = 9.93)",Knaller,"1,49 €","b'ProduktbeschreibungArtikelnummer 7215406Zutaten & AllergeneZutaten: pasteurisierte KUHMILCH, Speisesalz, S\xc3\xa4uerungskulturen, mikrobielles Lab, Farbstoff: Carotin, Annatto Norbixin(pflanzlicher Farbstoff)Allergenhinweise: Enth\xc3\xa4lt: Milch und Milcherzeugnisse (einschlie\xc3\x9flich Lactose).N\xc3\xa4hrwerteDurchschnittliche N\xc3\xa4hrwerteUnzubereitet pro 100 gEnergie1.599 kJEnergie386 kcalFett33 gFett, davon ges\xc3\xa4ttigte Fetts\xc3\xa4uren22,8 gKohlenhydrate< 0,1 gKohlenhydrate, davon Zucker< 0,1 gEiwei\xc3\x9f21 gSalz1,8 gCalcium650 mgHinweiseAufbewahrungs- und Verwendungshinweis: Unge\xc3\xb6ffnet bei +4\xc2\xb0C bis +8\xc2\xb0C mindestens haltbar bis: Nach dem \xc3\x96ffnen k\xc3\xbchl lagern und innerhalb weniger Tage verbrauchen.Information: unter Schutzatmosph\xc3\xa4re verpackt.ArtikeldetailsMarke: MilramEigenschaften: LaktosefreiUrsprungsland: DeutschlandKontaktKontaktname: DMK GmbHKontaktadresse: 27400 ZevenMaximale Bestellmenge: 15 St\xc3\xbcckF\xc3\xbcr die vorstehenden Angaben wird keine Haftung \xc3\xbcbernommen. Bitte pr\xc3\xbcfen Sie im Einzelfall die Angaben auf der jeweiligen Produktverpackung, nur diese sind verbindlich.Das Produktdesign kann von der Abbildung abweichen.'",Im Franzosengewann 3,Rewe,Kühlung,2023-07-09,"Gültig ab morgen bis Samstag, 15.07.2023"
"Rama zum Streichen, Backen & Kochen",https://img.rewe-static.de/REWE28_2023/8826343/36666364-10_digital-image.png?impolicy=s-offers&imwidth=200&output-format=image/webp,,https://shop.rewe.de/productList?search=2832136,,"je 400-g-Becher , (1 kg = 2.98)",Knaller,"1,19 €","b'ProduktbeschreibungArtikelnummer 8826343100% nat\xc3\xbcrliche Zutaten, 100% Pflanzlich, \nGern k\xc3\xbchl lagern. Mit 100% nat\xc3\xbcrlichen Zutaten ist Rama auch k\xc3\xbchlschrankkalt immer einsatzbereit.Zutaten & AllergeneZutaten: pflanzliche \xc3\x96le und Fette (Raps, Palm, Sonnenblumen in ver\xc3\xa4nderlichen Gewichtsanteilen), Trinkwasser, Speisesalz (0.5%), Emulgatoren (Lecithine, Mono- und Diglyceride von Speisefetts\xc3\xa4uren), nat\xc3\xbcrliche Aromen, S\xc3\xa4uerungsmittel (Citronens\xc3\xa4ure), Vitamine (A, D, E), Farbstoff (Carotin).N\xc3\xa4hrwerteDurchschnittliche N\xc3\xa4hrwerteUnzubereitet pro 100 gEnergie2.235 kJEnergie536 kcalFett60 gFett, davon ges\xc3\xa4ttigte Fetts\xc3\xa4uren21 gKohlenhydrate< 0,5 gKohlenhydrate, davon Zucker< 0,5 gEiwei\xc3\x9f< 0,5 gSalz0,5 gVitamin A800 \xc2\xb5gVitamin D7,5 \xc2\xb5gVitamin E9,2 mgHinweiseAufbewahrungs- und Verwendungshinweis: Beste Lagerung zwischen +2\xc2\xb0C und +15 \xc2\xb0C.ArtikeldetailsMarke: RamaUrsprungsland: DeutschlandKontaktKontaktname: Upfield Deutschland GmbHKontaktadresse: Postfach 10 25 27 20017 HamburgMaximale Bestellmenge: 15 St\xc3\xbcckF\xc3\xbcr die vorstehenden Angaben wird keine Haftung \xc3\xbcbernommen. Bitte pr\xc3\xbcfen Sie im Einzelfall die Angaben auf der jeweiligen Produktverpackung, nur diese sind verbindlich.Das Produktdesign kann von der Abbildung abweichen.'",Im Franzosengewann 3,Rewe,Kühlung,2023-07-09,"Gültig ab morgen bis Samstag, 15.07.2023"
Ehrmann Almighurt,https://img.rewe-static.de/REWE28_2023/7659300/9176090-16_digital-image.png?impolicy=s-offers&imwidth=200&output-format=image/webp,,https://shop.rewe.de/productList?search=2832136,,"versch. Sorten , je 150-g-Becher , (1 kg = 2.20)",Knaller,"0,33 €","b'ProduktbeschreibungArtikelnummer 7659300Erlesene Fruchtzubereitung aus Deutschland.Gute Allg\xc3\xa4uer Milch von Familienh\xc3\xb6fen.Zutaten & AllergeneZutaten: JOGHURT mild, Zucker, Heidelbeeren 6,8%, modifizierte St\xc3\xa4rke, f\xc3\xa4rbendes Pflanzenkonzentrat (Karotte), Verdickungsmittel (Pektine, Guarkernmehl), Aroma. Ohne Konservierungsstoffe.Allergenhinweise: Enth\xc3\xa4lt: JoghurtEnth\xc3\xa4lt: Milch und Milcherzeugnisse (einschlie\xc3\x9flich Lactose). Milchzucker (Laktose).N\xc3\xa4hrwerteDurchschnittliche N\xc3\xa4hrwerteUnzubereitet pro 100 gEnergie389 kJEnergie92 kcalFett2,7 gFett, davon ges\xc3\xa4ttigte Fetts\xc3\xa4uren1,8 gKohlenhydrate14 gKohlenhydrate, davon Zucker13 gEiwei\xc3\x9f3 gSalz0,1 gHinweiseAufbewahrungs- und Verwendungshinweis: Bei max. +8 \xc2\xb0C mindestens haltbar bis: siehe DeckelArtikeldetailsMarke: EhrmannUrsprungsland: DeutschlandSorte: HeidelbeereKontaktKontaktname: Ehrmann GmbHKontaktadresse: A.-Ehrmann-Stra\xc3\x9fe 2, 87770 Obersch\xc3\xb6neggMaximale Bestellmenge: 15 St\xc3\xbcckF\xc3\xbcr die vorstehenden Angaben wird keine Haftung \xc3\xbcbernommen. Bitte pr\xc3\xbcfen Sie im Einzelfall die Angaben auf der jeweiligen Produktverpackung, nur diese sind verbindlich.Das Produktdesign kann von der Abbildung abweichen.'",Im Franzosengewann 3,Rewe,Kühlung,2023-07-09,"Gültig ab morgen bis Samstag, 15.07.2023"
Mövenpick Caffè Cappuccino,https://img.rewe-static.de/REWE28_2023/0021685/21145285-37_digital-image.png?impolicy=s-offers&imwidth=200&output-format=image/webp,,https://shop.rewe.de/productList?search=2832136,,"koffeinhaltig , je 189-ml-Becher , (1 l = 4.71)",Aktion,"0,89 €","b'ProduktbeschreibungArtikelnummer 21685F\xc3\xbcr alle, die es gerne mild und schokoladig m\xc3\xb6gen, ist unser ""Iced Coffee Cappuccino"" genau das Richtige. Hier treffen feinste Hochland-Arabica-Bohnen auf Robusta-Bohnen, beste Milch und feinsten Kakao. Ein cremig-schokoladiger Eiskaffee - f\xc3\xbcr echte Cappuccino-Freunde.Zutaten & AllergeneZutaten: 79% fettarme MILCH, 16% Kaffee (fl\xc3\xbcssiger Kaffee-Extrakt, Wasser), Zucker, 0,5% Kakaopulver, Verdickungsmittel Carrageen. Koffeingehalt: ca. 37 mg/100 mlAllergenhinweise: Enth\xc3\xa4lt: Milch und Milcherzeugnisse (einschlie\xc3\x9flich Lactose).N\xc3\xa4hrwerteDurchschnittliche N\xc3\xa4hrwerteUnzubereitet pro 100 gEnergie277 kJEnergie66 kcalFett1,5 gFett, davon ges\xc3\xa4ttigte Fetts\xc3\xa4uren1 gKohlenhydrate9,4 gKohlenhydrate, davon Zucker8,9 gEiwei\xc3\x9f3,6 gSalz0,1 gHinweiseAufbewahrungs- und Verwendungshinweis: Bei +8\xc2\xb0C mindestens haltbar: siehe DeckelArtikeldetailsMarke: M\xc3\xb6venpickUrsprungsland: DeutschlandSorte: CappuccinoKontaktKontaktname: Privatmolkerei BauerKontaktadresse: 83512 WasserburgMaximale Bestellmenge: 15 St\xc3\xbcckF\xc3\xbcr die vorstehenden Angaben wird keine Haftung \xc3\xbcbernommen. Bitte pr\xc3\xbcfen Sie im Einzelfall die Angaben auf der jeweiligen Produktverpackung, nur diese sind verbindlich.Das Produktdesign kann von der Abbildung abweichen.'",Im Franzosengewann 3,Rewe,Kühlung,2023-07-09,"Gültig ab morgen bis Samstag, 15.07.2023"
Mövenpick Caffè Macchiato,https://img.rewe-static.de/REWE28_2023/2807955/969690-46_digital-image.png?impolicy=s-offers&imwidth=200&output-format=image/webp,,https://shop.rewe.de/productList?search=2832136,,"koffeinhaltig , je 190-ml-Becher , (1 l = 4.68)",Aktion,"0,89 €","b'ProduktbeschreibungArtikelnummer 2807955F\xc3\xbcr alle, die es gerne mild und cremig m\xc3\xb6gen, ist unser ""Iced Coffee Macchiato"" genau das Richtige. Hier treffen feinste Hochland-Arabica-Bohnen auf Robusta-Bohnen und einen Schuss Vollmilch und kreieren so einen einzigartigen runden und harmonischen Milchkaffee.Zutaten & AllergeneZutaten: 79 % VOLLMILCH, 16% Kaffee (fl\xc3\xbcssiger Kaffee-Extrakt, Wasser), Zucker, Verdickungsmittel: Carrageen. Koffeingehalt: ca. 34 mg/100 mlAllergenhinweise: Enth\xc3\xa4lt: Milch und Milcherzeugnisse (einschlie\xc3\x9flich Lactose).N\xc3\xa4hrwerteDurchschnittliche N\xc3\xa4hrwerteUnzubereitet pro 100 gEnergie351 kJEnergie82 kcalFett3,7 gFett, davon ges\xc3\xa4ttigte Fetts\xc3\xa4uren2,6 gKohlenhydrate9,2 gKohlenhydrate, davon Zucker8,8 gEiwei\xc3\x9f3,4 gSalz0,1 gHinweiseAufbewahrungs- und Verwendungshinweis: Bei +8\xc2\xb0C mindestens haltbar bis: siehe DeckelArtikeldetailsMarke: M\xc3\xb6venpickUrsprungsland: DeutschlandSorte: MacchiatoKontaktKontaktname: Privatmolkerei BauerKontaktadresse: 83512 Wasserburg/InnMaximale Bestellmenge: 15 St\xc3\xbcckF\xc3\xbcr die vorstehenden Angaben wird keine Haftung \xc3\xbcbernommen. Bitte pr\xc3\xbcfen Sie im Einzelfall die Angaben auf der jeweiligen Produktverpackung, nur diese sind verbindlich.Das Produktdesign kann von der Abbildung abweichen.'",Im Franzosengewann 3,Rewe,Kühlung,2023-07-09,"Gültig ab morgen bis Samstag, 15.07.2023"
Weihenstephan Butter oder die Streichzarte,https://img.rewe-static.de/REWE28_2023/5005051/24074982-44_digital-image.png?impolicy=s-offers&imwidth=200&output-format=image/webp,,https://shop.rewe.de/productList?search=2832136,,"versch. Sorten , je 250-g-Pckg , (1 kg = 6.36)",Aktion,"1,59 €","b'ProduktbeschreibungArtikelnummer 5005051Zutaten & AllergeneAllergenhinweise: Enth\xc3\xa4lt: Milch und Milcherzeugnisse (einschlie\xc3\x9flich Lactose).N\xc3\xa4hrwerteDurchschnittliche N\xc3\xa4hrwerteUnzubereitet pro 100 gEnergie3.074 kJEnergie747 kcalFett82 gFett, davon ges\xc3\xa4ttigte Fetts\xc3\xa4uren55 gKohlenhydrate1 gKohlenhydrate, davon Zucker1 gEiwei\xc3\x9f0,6 gSalz0,04 gHinweiseAufbewahrungs- und Verwendungshinweis: Bei maximal +8 \xc2\xb0C mindestens haltbar bis: siehe Verpackungsaufdruck.ArtikeldetailsMarke: WeihenstephanUrsprungsland: DeutschlandKontaktKontaktname: Molkerei Weihenstephan GmbH & Co. KGKontaktadresse: Milchstr. 1, D-85354 FreisingMaximale Bestellmenge: 15 St\xc3\xbcckF\xc3\xbcr die vorstehenden Angaben wird keine Haftung \xc3\xbcbernommen. Bitte pr\xc3\xbcfen Sie im Einzelfall die Angaben auf der jeweiligen Produktverpackung, nur diese sind verbindlich.Das Produktdesign kann von der Abbildung abweichen.'",Im Franzosengewann 3,Rewe,Kühlung,2023-07-09,"Gültig ab morgen bis Samstag, 15.07.2023"
Brunch Brotaufstrich,https://img.rewe-static.de/REWE28_2023/8864032/37520400-10_digital-image.png?impolicy=s-offers&imwidth=200&output-format=image/webp,,https://shop.rewe.de/productList?search=2832136,,"versch. Sorten , je 185-g-Becher , (1 kg = 6.43)",Aktion,"1,19 €","b'ProduktbeschreibungArtikelnummer 8864032Brunch Natur. Genuss durch den unverwechselbaren Geschmack und die besonders cremige Textur. Ideal nicht nur zum Streichen sondern auch zum Kochen, Dippen und Backen.\nHergestellt mit Milch aus der Bodensee - Region.Zutaten & AllergeneZutaten: 66% RAHM, 28% MAGERMILCHJOGHURT, MILCHEIWEI\xc3\x9f, St\xc3\xa4rke, Speisesalz, Verdickungsmittel: Agar-Agar, Pektin.Allergenhinweise: MilchEnth\xc3\xa4lt: Milch und Milcherzeugnisse (einschlie\xc3\x9flich Lactose).N\xc3\xa4hrwerteDurchschnittliche N\xc3\xa4hrwerteUnzubereitet pro 100 gEnergie907 kJEnergie219 kcalFett20 gFett, davon ges\xc3\xa4ttigte Fetts\xc3\xa4uren13 gKohlenhydrate4,5 gKohlenhydrate, davon Zucker3,3 gEiwei\xc3\x9f5,3 gSalz0,7 gHinweiseAufbewahrungs- und Verwendungshinweis: D+A: Bei +2 bis +10\xc2\xb0C mindestens haltbar bis: siehe Verpackungsaufdruck CH: Zu verbrauchen bis: siehe VerpackungsaufdruckArtikeldetailsMarke: BrunchUrsprungsland: DeutschlandKontaktKontaktname: Edelweiss GmbH & Co.KGKontaktadresse: D-87435 KemptenMaximale Bestellmenge: 15 St\xc3\xbcckF\xc3\xbcr die vorstehenden Angaben wird keine Haftung \xc3\xbcbernommen. Bitte pr\xc3\xbcfen Sie im Einzelfall die Angaben auf der jeweiligen Produktverpackung, nur diese sind verbindlich.Das Produktdesign kann von der Abbildung abweichen.'",Im Franzosengewann 3,Rewe,Kühlung,2023-07-09,"Gültig ab morgen bis Samstag, 15.07.2023"
Müller Kalinka Kefir oder Ayran,https://img.rewe-static.de/REWE28_2023/2464084/36823096-10_digital-image.png?impolicy=s-offers&imwidth=200&output-format=image/webp,,https://shop.rewe.de/productList?search=2832136,,"je 500-g-Fl , (1 kg = 1.78)",Aktion,"0,89 €","b'ProduktbeschreibungArtikelnummer 2464084Zutaten & AllergeneAllergenhinweise: Enth\xc3\xa4lt: Milch und Milcherzeugnisse (einschlie\xc3\x9flich Lactose).N\xc3\xa4hrwerteDurchschnittliche N\xc3\xa4hrwerteUnzubereitet pro 100 gEnergie193 kJEnergie46 kcalFett1,5 gFett, davon ges\xc3\xa4ttigte Fetts\xc3\xa4uren1 gKohlenhydrate4,1 gKohlenhydrate, davon Zucker4,1 gEiwei\xc3\x9f3,4 gSalz0,12 gRiboflavin0,15 mgCalcium133 mgHinweiseAufbewahrungs- und Verwendungshinweis: Bei unter +8\xc2\xb0C mindestens haltbar bis: siehe Deckelaufdruck.Information: Neben einer abwechslungsreichen und ausgewogenen Ern\xc3\xa4hrung ist eine gesunde Lebensweise f\xc3\xbcr Ihr Wohlbefinden wichtig.ArtikeldetailsMarke: M\xc3\xbcllerUrsprungsland: DeutschlandKontaktKontaktname: Molkerei Alois M\xc3\xbcller GmbH & Co. KGKontaktadresse: Zollerstra\xc3\x9fe 7, DE-86850 AretsriedMaximale Bestellmenge: 15 St\xc3\xbcckF\xc3\xbcr die vorstehenden Angaben wird keine Haftung \xc3\xbcbernommen. Bitte pr\xc3\xbcfen Sie im Einzelfall die Angaben auf der jeweiligen Produktverpackung, nur diese sind verbindlich.Das Produktdesign kann von der Abbildung abweichen.'",Im Franzosengewann 3,Rewe,Kühlung,2023-07-09,"Gültig ab morgen bis Samstag, 15.07.2023"
Bertolli Brotaufstrich,https://img.rewe-static.de/REWE28_2023/4942531/3398660-52_digital-image.png?impolicy=s-offers&imwidth=200&output-format=image/webp,,https://shop.rewe.de/productList?search=2832136,,"mit mildem Olivenöl , je 250-g-Becher , (1 kg = 5.56)",Aktion,"1,39 €","b'ProduktbeschreibungArtikelnummer 4942531- Das Gute des Olivenbaums \n- Enth\xc3\xa4lt viele einfach unges\xc3\xa4ttigte Fetts\xc3\xa4uren \n- F\xc3\xbcr eine gesunde, ausgewogene Ern\xc3\xa4hrung. \n- Passt hervorragend zu herzhafen Brotbel\xc3\xa4gen \n- Aber auch zu S\xc3\xbc\xc3\x9fem, wie Marmelade oder Honig \n \nDas \xe2\x80\x9eGute des Olivenbaums\xe2\x80\x9c t\xc3\xa4glich aufs Brot! \nDer BERTOLLI Brotaufstrich enth\xc3\xa4lt viele einfach unges\xc3\xa4ttigte Fetts\xc3\xa4uren, die einen wichtigen Bestandteil der traditionellen mediterranen Ern\xc3\xa4hrung darstellen. \nDer BERTOLLI Brotaufstrich tr\xc3\xa4gt somit dem Trend nach einer gesunden und ausgewogenen Ern\xc3\xa4hrung Rechnung. \nEr passt hervorragend sowohl zu herzhaften Brotbel\xc3\xa4gen als auch zu S\xc3\xbc\xc3\x9fem, wie Marmelade oder Honig. Zu den beliebtesten Brotsorten geh\xc3\xb6ren Focaccia, Tramezzino, Ciabatta und Bruschetta. Die mediterranen Brotspezialit\xc3\xa4ten werden oft zusammen mit Tomaten, Oliven und anderen Leckereien als kleiner Imbiss f\xc3\xbcr zwischendurch gereicht. \nDie K\xc3\xbcche Italiens geh\xc3\xb6rt zu den bekanntesten und beliebtesten K\xc3\xbcchen der Welt. Vollkommen zu Recht, denn sie besticht durch ihre frischen Zutaten, ihren Abwechslungsreichtum und gilt zudem als gesund. Hier finden Sie typisch italienische K\xc3\xb6stlichkeiten, mit denen Sie sich \xe2\x80\x9ela Dolce Vita\xe2\x80\x9c in Ihr eigenes Zuhause holen k\xc3\xb6nnen. \n \nBERTOLLI Brotaufstrich ist in 250g und 500g Packungen erh\xc3\xa4ltlich.... mehr anzeigenDas Gute des OlivenbaumsZutaten & AllergeneZutaten: Trinkwasser, pflanzliche \xc3\x96le und Fette (Raps, Palm, Palm ganz geh\xc3\xa4rtet), 7,5% Oliven\xc3\xb6l, BUTTERMILCH, modifizierte St\xc3\xa4rke, Speisesalz (0,4%), Emulgatoren (Mono- und Diglyceride von Speisefetts\xc3\xa4uren, Lecithine), Konservierungsstoff (Kaliumsorbat), S\xc3\xa4uerungsmittel (Citronens\xc3\xa4ure), Aroma, Vitamine (A, D), Farbstoff (Carotin).Allergenhinweise: Enth\xc3\xa4lt: Milch und Milcherzeugnisse (einschlie\xc3\x9flich Lactose).N\xc3\xa4hrwerteDurchschnittliche N\xc3\xa4hrwerteUnzubereitet pro 100 gEnergie1.445 kJEnergie339 kcalFett38 gFett, davon ges\xc3\xa4ttigte Fetts\xc3\xa4uren9 gKohlenhydrate1,7 gKohlenhydrate, davon Zucker< 0,5 gEiwei\xc3\x9f< 0,5 gSalz0,4 gVitamin A800 \xc2\xb5gVitamin D7,5 \xc2\xb5gHinweiseAufbewahrungs- und Verwendungshinweis: Beste Lagerung zwischen +2\xc2\xb0C und +15\xc2\xb0CArtikeldetailsMarke: BertolliUrsprungsland: NiederlandePackungsgr\xc3\xb6\xc3\x9fe: 250gKontaktKontaktname: Upfield Deutschland GmbHKontaktadresse: Valentinskamp 88-90, 20355 HamburgMaximale Bestellmenge: 15 St\xc3\xbcckF\xc3\xbcr die vorstehenden Angaben wird keine Haftung \xc3\xbcbernommen. Bitte pr\xc3\xbcfen Sie im Einzelfall die Angaben auf der jeweiligen Produktverpackung, nur diese sind verbindlich.Das Produktdesign kann von der Abbildung abweichen.'",Im Franzosengewann 3,Rewe,Kühlung,2023-07-09,"Gültig ab morgen bis Samstag, 15.07.2023"
Dr. Oetker Sahne Pudding oder Rote Grütze,https://img.rewe-static.de/REWE28_2023/5905362/30785463-12_digital-image.png?impolicy=s-offers&imwidth=200&output-format=image/webp,,https://shop.rewe.de/productList?search=2832136,,"je 500-g-Becher , (1 kg = 3.98)",Aktion,"1,99 €","b'ProduktbeschreibungArtikelnummer 5905362Unser Dr. Oetker L\xc3\xb6ffelgl\xc3\xbcck Sahne Pudding Vollmilch-Schokolade ist ein beliebter Klassiker aus vollmundiger Sahne und echter Vollmilch-Schokolade. Seine sahnig-cremige Konsistenz und sein nat\xc3\xbcrlicher, schokoladiger Geschmack machen ihn zum Lieblingsdessert, welches perfekt zu Fr\xc3\xbcchten und Vanille-So\xc3\x9fe kombiniert oder einfach pur genossen werden kann. Mit dem L\xc3\xb6ffelgl\xc3\xbcck Sahne Pudding Vollmilch-Schokolade schenkst du dir oder deinen Liebsten einen Moment voll Genuss und ein Gef\xc3\xbchl von Zuhause und Geborgenheit. Der Dr. Oetker L\xc3\xb6ffelgl\xc3\xbcck Sahne Pudding Vollmilch-Schokolade im 500g Becher aus dem K\xc3\xbchlregal ist ideal f\xc3\xbcr den gro\xc3\x9fen Genussmoment und zum Teilen. Es gibt ihn auch im praktischen 200g Becher f\xc3\xbcr zwischendurch oder als Nachtisch.Zutaten & AllergeneZutaten: 85% SAHNE, Zucker, modifizierte St\xc3\xa4rke (Mais), 2,2% fettarmer Kakao, 1,5% VOLLMILCHSCHOKOLADE (Zucker, Kakaobutter, VOLLMILCHPULVER, Kakaomasse, MAGERMILCHPULVER, Emulgator (SOJALECITHINE), Aroma), Maisst\xc3\xa4rke, Verdickungsmittel (Carrageen).Allergenhinweise: Enth\xc3\xa4lt: Soja und Sojaerzeugnisse. Milch und Milcherzeugnisse (einschlie\xc3\x9flich Lactose).N\xc3\xa4hrwerteDurchschnittliche N\xc3\xa4hrwerteUnzubereitet pro 100 gEnergie671 kJEnergie161 kcalFett9,3 gFett, davon ges\xc3\xa4ttigte Fetts\xc3\xa4uren5,9 gKohlenhydrate15 gKohlenhydrate, davon Zucker13 gEiwei\xc3\x9f3,3 gSalz0,11 gHinweiseAufbewahrungs- und Verwendungshinweis: Nach dem \xc3\x96ffnen z\xc3\xbcgig genie\xc3\x9fen. Bei +8 \xc2\xb0C lagern.ArtikeldetailsMarke: Dr. OetkerUrsprungsland: DeutschlandSorte: Vollmilch-SchokoKontaktKontaktname: DR. AUGUST OETKER NAHRUNGSMITTEL KGKontaktadresse: 33547 BielefeldMaximale Bestellmenge: 15 St\xc3\xbcckF\xc3\xbcr die vorstehenden Angaben wird keine Haftung \xc3\xbcbernommen. Bitte pr\xc3\xbcfen Sie im Einzelfall die Angaben auf der jeweiligen Produktverpackung, nur diese sind verbindlich.Das Produktdesign kann von der Abbildung abweichen.'",Im Franzosengewann 3,Rewe,Kühlung,2023-07-09,"Gültig ab morgen bis Samstag, 15.07.2023"
Followfish Kabeljau Filets,https://img.rewe-static.de/REWE28_2023/3015656/25731044-16_digital-image.png?impolicy=s-offers&imwidth=200&output-format=image/webp,,https://shop.rewe.de/productList?search=2832136,,"portioniert, tiefgefroren , je 400-g-Btl , (1 kg = 14.98)",Aktion,"5,99 €","b'ProduktbeschreibungArtikelnummer 3015656MSC Kabeljau Filets, 3-6 Kabeljau Filetportionen, ohne Haut, praktisch gr\xc3\xa4tenfrei, tiefgek\xc3\xbchlt mit Wasserschutzglasur.Zutaten & AllergeneAllergenhinweise: Enth\xc3\xa4lt:N\xc3\xa4hrwerteDurchschnittliche N\xc3\xa4hrwerteUnzubereitet pro 100 gEnergie341 kJEnergie80 kcalFett0,7 gFett, davon ges\xc3\xa4ttigte Fetts\xc3\xa4uren0,2 gKohlenhydrate< 1 gKohlenhydrate, davon Zucker< 0,6 gEiwei\xc3\x9f19 gSalz0,23 gHinweiseAufbewahrungs- und Verwendungshinweis: Haltbarkeit/Aufbewahrung im Haushalt:Im K\xc3\xbchlschrank 24 Stunden*-Fach oder Eisw\xc3\xbcrfelfach (-6\xc2\xb0C) 3 Tage**-Fach (-12\xc2\xb0C) 3 Wochen***-Fach oder Tiefk\xc3\xbchltruhe bei -18\xc2\xb0C mindestens haltbar bis: siehe EindruckfeldNach dem Auftauen nicht wieder einfrieren!ArtikeldetailsMarke: FollowfishUrsprungsland: LitauenKontaktKontaktname: followfood GmbHKontaktadresse: Metzstra\xc3\x9fe 2, 88045 FriedrichshafenMaximale Bestellmenge: 15 St\xc3\xbcckF\xc3\xbcr die vorstehenden Angaben wird keine Haftung \xc3\xbcbernommen. Bitte pr\xc3\xbcfen Sie im Einzelfall die Angaben auf der jeweiligen Produktverpackung, nur diese sind verbindlich.Das Produktdesign kann von der Abbildung abweichen.'",Im Franzosengewann 3,Rewe,Tiefkühl,2023-07-09,"Gültig ab morgen bis Samstag, 15.07.2023"
Coppenrath & Wiese Unsere Goldstücke 9 Baguette-Brötchen,https://img.rewe-static.de/REWE28_2023/2666537/3406600-62_digital-image.png?impolicy=s-offers&imwidth=200&output-format=image/webp,,https://shop.rewe.de/productList?search=2832136,,"tiefgefroren , je 540-g-Btl , (1 kg = 2.57)",Aktion,"1,39 €","b'ProduktbeschreibungArtikelnummer 2666537Fertig gebacken. Zutaten & AllergeneZutaten: WEIZENMEHL, Wasser, jodiertes Speisesalz (Speisesalz, Kaliumjodat), Hefe. Kann m\xc3\xb6glicherweise Spuren von Sesam enthalten.Allergenhinweise: Enth\xc3\xa4lt: Glutenhaltiges Getreide und glutenhaltige Getreideerzeugnisse. Weizen und Weizenerzeugnisse (glutenhaltiges Getreide). Kann enthalten: Sesamsamen und Sesamsamenerzeugnisse.N\xc3\xa4hrwerteDurchschnittliche N\xc3\xa4hrwerteUnzubereitet pro 100 gEnergie1.092 kJEnergie258 kcalFett1 gFett, davon ges\xc3\xa4ttigte Fetts\xc3\xa4uren0,4 gKohlenhydrate53 gKohlenhydrate, davon Zucker1,4 gEiwei\xc3\x9f8,4 gSalz1,5 gHinweiseAufbewahrungs- und Verwendungshinweis: ***-Fach bei -18 \xc2\xb0C: siehe Mindesthaltbarkeitsdatum, **-Fach: 2 Wochen, *-Fach:3 Tage, 2 Tage im K\xc3\xbchlschrank. Nach dem Auftauen nicht wieder einfrieren.ArtikeldetailsMarke: Conditorei Coppenrath & WieseEigenschaften: LaktosefreiUrsprungsland: DeutschlandSorte: Baguettebr\xc3\xb6tchenKontaktKontaktname: Conditorei Coppenrath & Wiese KGKontaktadresse: Hansastra\xc3\x9fe 10 D-49497 MettingenMaximale Bestellmenge: 15 St\xc3\xbcckF\xc3\xbcr die vorstehenden Angaben wird keine Haftung \xc3\xbcbernommen. Bitte pr\xc3\xbcfen Sie im Einzelfall die Angaben auf der jeweiligen Produktverpackung, nur diese sind verbindlich.Das Produktdesign kann von der Abbildung abweichen.'",Im Franzosengewann 3,Rewe,Tiefkühl,2023-07-09,"Gültig ab morgen bis Samstag, 15.07.2023"
Coppenrath & Wiese Unsere Goldstücke 9 Weizenbrötchen,https://img.rewe-static.de/REWE28_2023/1234722/23887647-25_digital-image.png?impolicy=s-offers&imwidth=200&output-format=image/webp,,https://shop.rewe.de/productList?search=2832136,,"tiefgefroren , je 450-g-Btl , (1 kg = 3.09)",Aktion,"1,39 €","b'ProduktbeschreibungArtikelnummer 1234722K\xc3\xb6stlich duftende Br\xc3\xb6tchen aus dem Ofen \nEgal ob Fr\xc3\xbchst\xc3\xbccks-Brunch oder spontaner Kaffeeplausch: Mit Unseren Tiefk\xc3\xbchlprodukten sind Sie auch f\xc3\xbcr Ungeplantes bestens ger\xc3\xbcstet. Mit tiefgek\xc3\xbchltem Obst, Aufbackwaren und fertigen Desserts treffen Sie jeden Geschmack. \n\nDie wichtigsten Informationen zu Conditorei Coppenrath & Wiese Unsere Goldst\xc3\xbccke Weizenbr\xc3\xb6tchen 450g, 9 St\xc3\xbcck\n\nFertig gebacken \nDie Br\xc3\xb6tchen des Herstellers Conditorei Coppenrath & Wiese sind in der Tiefk\xc3\xbchlverpackung zu 9 St\xc3\xbcck verf\xc3\xbcgbar. Besonders praktisch: Entnehmen Sie einfach so viele der Br\xc3\xb6tchen wie Sie ben\xc3\xb6tigen und heben Sie die \xc3\x9cbrigen in der Tiefk\xc3\xbchlverpackung f\xc3\xbcr die n\xc3\xa4chste Gelegenheit auf. \nSchnell und bequem Tiefk\xc3\xbchlkost online bestellen \nDamit Sie f\xc3\xbcr jeden Anlass gut ger\xc3\xbcstet sind, bestellen Sie einfach Ihre haltbaren Lieblingsprodukte beim REWE Lieferservice \xe2\x80\x93 wir liefern direkt bis zur Wohnungst\xc3\xbcr.... mehr anzeigenZutaten & AllergeneZutaten: WEIZENMEHL, Wasser, GERSTENMALZMEHL, jodiertes Speisesalz (Speisesalz, Kaliumjodat), Hefe, Zucker, pflanzliches \xc3\x96l (Raps). Kann m\xc3\xb6glicherweise Spuren von Sesam enthalten.Allergenhinweise: Enth\xc3\xa4lt: Glutenhaltiges Getreide und glutenhaltige Getreideerzeugnisse. Weizen und Weizenerzeugnisse (glutenhaltiges Getreide). Kann enthalten: Sesamsamen und Sesamsamenerzeugnisse.N\xc3\xa4hrwerteDurchschnittliche N\xc3\xa4hrwerteUnzubereitet pro 100 gEnergie1.148 kJEnergie270 kcalFett2,1 gFett, davon ges\xc3\xa4ttigte Fetts\xc3\xa4uren0,5 gKohlenhydrate52 gKohlenhydrate, davon Zucker1,1 gEiwei\xc3\x9f9,1 gSalz1,8 gHinweiseAufbewahrungs- und Verwendungshinweis: ***-Fach bei -18 \xc2\xb0C: siehe Mindesthaltbarkeitsdatum, **-Fach: 2 Wochen, *-Fach:3 Tage, 2 Tage im K\xc3\xbchlschrank. Nach dem Auftauen nicht wieder einfrieren.ArtikeldetailsMarke: Conditorei Coppenrath & WieseEigenschaften: LaktosefreiUrsprungsland: DeutschlandSorte: Weizenbr\xc3\xb6tchenKontaktKontaktname: Conditorei Coppenrath & Wiese KGKontaktadresse: Hansastra\xc3\x9fe 10 D-49497 MettingenMaximale Bestellmenge: 15 St\xc3\xbcckF\xc3\xbcr die vorstehenden Angaben wird keine Haftung \xc3\xbcbernommen. Bitte pr\xc3\xbcfen Sie im Einzelfall die Angaben auf der jeweiligen Produktverpackung, nur diese sind verbindlich.Das Produktdesign kann von der Abbildung abweichen.'",Im Franzosengewann 3,Rewe,Tiefkühl,2023-07-09,"Gültig ab morgen bis Samstag, 15.07.2023"
Frosta Gemüse Bowl,https://img.rewe-static.de/REWE28_2023/8771582/36247078-23_digital-image.png?impolicy=s-offers&imwidth=200&output-format=image/webp,,https://shop.rewe.de/productList?search=2832136,,"tiefgefroren , je 480-g-Pckg , (1 kg = 4.63)",Aktion,"2,22 €","b'ProduktbeschreibungArtikelnummer 8771582Zutaten & AllergeneZutaten: Spinat (25%), K\xc3\xbcrbis (25%), Blumenkohl (f\xc3\xbcr AT: Karfiol), gegarte Linsen (10%) (Wasser, Linsen), Kokosnussmilch (Kokosnuss, Wasser), Wasser, kandierter Ingwer (Ingwer, Wasser, Zucker), Salz, Curry (Bockshornkleesamen, Kurkuma, Koriander, Kreuzk\xc3\xbcmmel, Fenchel, Cayennepfeffer), Knoblauch, Reisst\xc3\xa4rke  Wir verarbeiten bei uns noch viele weitere Produkte. Daher k\xc3\xb6nnte dieses Produkt Spuren von Weizen, Gerste, Roggen, Hafer, Krustentieren, Eiern, Fisch, Soja, Milch, Sellerie, Senf und Weichtieren enthalten.Allergenhinweise: Enth\xc3\xa4lt: Keine deklarationspflichtigen Allergene enthalten.N\xc3\xa4hrwerteDurchschnittliche N\xc3\xa4hrwerteUnzubereitet pro 100 gEnergie286 kJEnergie68 kcalFett2,2 gFett, davon ges\xc3\xa4ttigte Fetts\xc3\xa4uren1,7 gKohlenhydrate7,7 gKohlenhydrate, davon Zucker4,7 gBallaststoffe2,4 gEiwei\xc3\x9f3,2 gSalz0,8 gHinweiseAufbewahrungs- und Verwendungshinweis: **-Fach (-12\xc2\xb0C): 3 Wochen***-Fach (-18\xc2\xb0C): mindestens haltbar bis: siehe AufdruckNach dem Auftauen nicht wieder einfrieren.ArtikeldetailsMarke: FrostaEigenschaften: VeganUrsprungsland: DeutschlandKontaktKontaktname: FRoSTA Tiefk\xc3\xbchlkost GmbHKontaktadresse: Postfach 29 03 64, DE 27533 BremerhavenMaximale Bestellmenge: 15 St\xc3\xbcckF\xc3\xbcr die vorstehenden Angaben wird keine Haftung \xc3\xbcbernommen. Bitte pr\xc3\xbcfen Sie im Einzelfall die Angaben auf der jeweiligen Produktverpackung, nur diese sind verbindlich.Das Produktdesign kann von der Abbildung abweichen.'",Im Franzosengewann 3,Rewe,Tiefkühl,2023-07-09,"Gültig ab morgen bis Samstag, 15.07.2023"
Frosta Rahm Geschnetzeltes,https://img.rewe-static.de/REWE28_2023/2475153/24139590-38_digital-image.png?impolicy=s-offers&imwidth=200&output-format=image/webp,,https://shop.rewe.de/productList?search=2832136,,"tiefgefroren , je 375-g-Btl , (1 kg = 5.92)",Aktion,"2,22 €","b'ProduktbeschreibungArtikelnummer 2475153Zutaten & AllergeneZutaten: gegarte Eiersp\xc3\xa4tzle (41%) (Wasser, HARTWEIZENGRIESS, H\xc3\x9cHNEREI, Salz), Champignons, Wasser, marinierte, gegarte H\xc3\xa4hnchenbrust (12%) (H\xc3\xa4hnchenbrust (f\xc3\xbcr AT: H\xc3\xbchnerbrust), Salz, Soja\xc3\xb6l, Dextrose), Erbsen, SAHNE (5%) (f\xc3\xbcr AT: RAHM), Fr\xc3\xbchlingszwiebeln, VOLLMILCH, Salz, Tomatenmark (f\xc3\xbcr AT: 28% zweifach konzentriert), Schnittlauch, Rinderfond (Wasser, konzentrierter Rinderjus, Rindfleisch, Kalbsknochen, Salz, Rinderfett, Karotten, Zwiebeln, Lauch, Knoblauch), Kartoffelst\xc3\xa4rke, BUTTER, Knoblauch, gemahlene Paprika, schwarzer Pfeffer  Wir verarbeiten bei uns noch viele weitere Produkte. Daher k\xc3\xb6nnte dieses Gericht Spuren von Gerste, Roggen, Hafer, Krebstieren, Fisch, Soja, Sellerie, Senf und Weichtieren enthalten.Allergenhinweise: Enth\xc3\xa4lt: Glutenhaltiges Getreide und glutenhaltige Getreideerzeugnisse. Milchzucker (Laktose). Eier und Eierzeugnisse. Weizen und Weizenerzeugnisse (glutenhaltiges Getreide). Milch und Milcherzeugnisse (einschlie\xc3\x9flich Lactose).N\xc3\xa4hrwerteDurchschnittliche N\xc3\xa4hrwerteUnzubereitet pro 100 gEnergie441 kJEnergie105 kcalFett2,6 gFett, davon ges\xc3\xa4ttigte Fetts\xc3\xa4uren1,5 gKohlenhydrate12,9 gKohlenhydrate, davon Zucker1 gBallaststoffe1,5 gEiwei\xc3\x9f6,7 gSalz1,16 gHinweiseAufbewahrungs- und Verwendungshinweis: **-Fach (-12\xc2\xb0C): 3 Wochen***-Fach (-18\xc2\xb0C): mindestens haltbar bis: siehe AufdruckNach dem Auftauen nicht wieder einfrieren.ArtikeldetailsMarke: FrostaUrsprungsland: DeutschlandSorte: Rahm-Geschnetzeltes mitKontaktKontaktname: FRoSTA Tiefk\xc3\xbchlkost GmbHKontaktadresse: Postfach 29 03 64, DE 27533 BremerhavenMaximale Bestellmenge: 15 St\xc3\xbcckF\xc3\xbcr die vorstehenden Angaben wird keine Haftung \xc3\xbcbernommen. Bitte pr\xc3\xbcfen Sie im Einzelfall die Angaben auf der jeweiligen Produktverpackung, nur diese sind verbindlich.Das Produktdesign kann von der Abbildung abweichen.'",Im Franzosengewann 3,Rewe,Tiefkühl,2023-07-09,"Gültig ab morgen bis Samstag, 15.07.2023"
Iglo Gemüse-Ideen Italienisch,https://img.rewe-static.de/REWE28_2023/0529482/2971930-72_digital-image.png?impolicy=s-offers&imwidth=200&output-format=image/webp,,https://shop.rewe.de/productList?search=2832136,,"tiefgefroren , je 480-g-Pckg , (1 kg = 4.63)",Aktion,"2,22 €","b'ProduktbeschreibungArtikelnummer 529482Die iglo Gem\xc3\xbcse-Idee Italienisch ist eine knackige Gem\xc3\xbcsemischung, verfeinert mit mediterranen Kr\xc3\xa4utern. Das Gem\xc3\xbcse wird erntefrisch tiefgefroren, damit die vielen wichtigen Vitamine erhalten bleiben. Denn eine zubereitete Portion des italienischen Pfannengem\xc3\xbcses deckt \xc3\xbcber 50% des t\xc3\xa4glichen Vitamin A-Bedarfs. Die Gem\xc3\xbcse-Idee Italienisch l\xc3\xa4sst sich einfach und schnell in der Mikrowelle oder in der Pfanne zubereiten. Au\xc3\x9ferdem enth\xc3\xa4lt das Produkt keine Geschmacksverst\xc3\xa4rker und Farbstoff- und Aromazus\xc3\xa4tze.\n- Verfeinert mit mediterranen Kr\xc3\xa4utern\n- Ohne Zusatz von k\xc3\xbcnstlichen Aromen, Farbstoffen und Geschmacksverst\xc3\xa4rkern\n- Schnelle und einfache Zubereitung\n- Vegan\n- Tiefgefroren... mehr anzeigenZutaten & AllergeneZutaten: Gem\xc3\xbcsemischung (93%) (Brechbohnen, Paprika, Karotten, Zucchini, Zwiebel Brokkoli;in ver\xc3\xa4nderlichen Gewichtsanteilen), pflanzliche Fette und \xc3\x96le (Palmfett***,Kokosnuss\xc3\xb6l,Palmkern\xc3\xb6l***),Kr\xc3\xa4utermischung(roteZwiebel, Petersilie,Basilikum,Knoblauch,Thymian,Oregano),Gem\xc3\xbcsebr\xc3\xbche (Dextrose,Salz,Karotten,Zwiebeln,Lauch,Schalotten,Tomaten,Paprika), Wasser,Zucker,Salz,Gew\xc3\xbcrze.  Dieses Produkt enth\xc3\xa4lt zertifiziertes nachhaltiges Palmfett/ Palmkern\xc3\xb6l.N\xc3\xa4hrwerteDurchschnittliche N\xc3\xa4hrwerteUnzubereitet pro 100 gEnergie233 kJEnergie56 kcalFett2,7 gFett, davon ges\xc3\xa4ttigte Fetts\xc3\xa4uren1,8 gKohlenhydrate4,9 gKohlenhydrate, davon Zucker4,3 gBallaststoffe2,4 gEiwei\xc3\x9f1,8 gSalz0,85 gHinweiseAufbewahrungs- und Verwendungshinweis: Aufbewahrung zu Hause: *** - Fach oder Tiefk\xc3\xbchltruhe (bei minus 18\xc2\xb0 C) mindestens haltbar bis Ende: siehe links, Aufbewahrung zu Hause: ** - Fach 2 Wochen, Aufbewahrung zu Hause: * - Fach 1-3 Tage Information: Nach dem Auftauen nicht wieder einfrieren. Vor Verzehr durcherhitzen.ArtikeldetailsMarke: IgloEigenschaften: Vegan, LaktosefreiUrsprungsland: DeutschlandSorte: ItalienischKontaktKontaktname: iglo GmbHKontaktadresse: Postfach 570 521, 22774 HamburgMaximale Bestellmenge: 15 St\xc3\xbcckF\xc3\xbcr die vorstehenden Angaben wird keine Haftung \xc3\xbcbernommen. Bitte pr\xc3\xbcfen Sie im Einzelfall die Angaben auf der jeweiligen Produktverpackung, nur diese sind verbindlich.Das Produktdesign kann von der Abbildung abweichen.'",Im Franzosengewann 3,Rewe,Tiefkühl,2023-07-09,"Gültig ab morgen bis Samstag, 15.07.2023"
Elfer Unsere Besten Pommes Frites,https://img.rewe-static.de/REWE28_2023/2779885/26510239-6_digital-image.png?impolicy=s-offers&imwidth=200&output-format=image/webp,,https://shop.rewe.de/productList?search=2832136,,"tiefgefroren , je 500-g-Pckg , (1 kg = 3.18)",Aktion,"1,59 €","b'ProduktbeschreibungArtikelnummer 2779885Zutaten & AllergeneZutaten: Kartoffeln 91%, pflanzliche \xc3\x96le (Sonnenblume, Raps) in ver\xc3\xa4nderlichen Gewichtsanteilen.N\xc3\xa4hrwerteDurchschnittliche N\xc3\xa4hrwerteUnzubereitet pro 100 gEnergie987 kJEnergie235 kcalFett9 gFett, davon ges\xc3\xa4ttigte Fetts\xc3\xa4uren0,9 gKohlenhydrate33 gKohlenhydrate, davon Zucker0,4 gBallaststoffe2,7 gEiwei\xc3\x9f4,2 gSalz0,2 gHinweiseAufbewahrungs- und Verwendungshinweis: Aufbewahrung: ***Fach(-18\xc2\xb0C) siehe Datierung, **Fach(-12\xc2\xb0C) 14 Tage, *Fach(-6\xc2\xb0C) 2 TageInformation: Nach dem Auftauen nicht wieder einfrieren!ArtikeldetailsUrsprungsland: \xc3\x96sterreichKontaktKontaktname: 11er Nahrungsmittel GmbHKontaktadresse: Galinastrasse 34, 6820 Frastanz, AustriaMaximale Bestellmenge: 15 St\xc3\xbcckF\xc3\xbcr die vorstehenden Angaben wird keine Haftung \xc3\xbcbernommen. Bitte pr\xc3\xbcfen Sie im Einzelfall die Angaben auf der jeweiligen Produktverpackung, nur diese sind verbindlich.Das Produktdesign kann von der Abbildung abweichen.'",Im Franzosengewann 3,Rewe,Tiefkühl,2023-07-09,"Gültig ab morgen bis Samstag, 15.07.2023"
Block House American Burger,https://img.rewe-static.de/REWE28_2023/0560931/28787638-13_digital-image.png?impolicy=s-offers&imwidth=200&output-format=image/webp,,https://shop.rewe.de/productList?search=2832136,,"tiefgefroren , je 4 x 125-g-Pckg , (1 kg = 11.98)",Aktion,"5,99 €","b'ProduktbeschreibungArtikelnummer 560931Bestes Rindfleisch f\xc3\xbcr perfekte Burger, tiefgefroren. Zutaten & AllergeneZutaten: Rindfleisch (98%), Salz, Gew\xc3\xbcrzeAllergenhinweise: Enth\xc3\xa4lt: Keine deklarationspflichtigen Allergene enthalten.N\xc3\xa4hrwerteDurchschnittliche N\xc3\xa4hrwerteUnzubereitet pro 100 gEnergie1.101 kJEnergie265 kcalFett21,9 gFett, davon ges\xc3\xa4ttigte Fetts\xc3\xa4uren9,5 gKohlenhydrate0 gKohlenhydrate, davon Zucker0 gEiwei\xc3\x9f17,2 gSalz0,9 gHinweiseAufbewahrungs- und Verwendungshinweis: Tiefgek\xc3\xbchlt bei -18 \xc2\xb0C aufbewahren. Ware nach dem \xc3\x96ffnen innerhalb von einem Tag verbrauchen.Information: Ware nach dem \xc3\x96ffnen innerhalb von einem Tag verbrauchen. Nicht wieder einfrieren! Vor dem Verzehr vollst\xc3\xa4ndig durchgaren. Nicht zum Rohverzehr geeignet.ArtikeldetailsMarke: Block HouseUrsprungsland: DeutschlandKontaktKontaktname: Block HouseKontaktadresse: Lademannbogen 127, 22339 HamburgF\xc3\xbcr die vorstehenden Angaben wird keine Haftung \xc3\xbcbernommen. Bitte pr\xc3\xbcfen Sie im Einzelfall die Angaben auf der jeweiligen Produktverpackung, nur diese sind verbindlich.Das Produktdesign kann von der Abbildung abweichen.'",Im Franzosengewann 3,Rewe,Tiefkühl,2023-07-09,"Gültig ab morgen bis Samstag, 15.07.2023"
Langnese Viennetta Vanille,https://img.rewe-static.de/REWE28_2023/3804534/12236500-60_digital-image.png?impolicy=s-offers&imwidth=200&output-format=image/webp,,https://shop.rewe.de/productList?search=2832136,,"je 650-ml-Pckg , (1 l = 2.29)",Aktion,"1,49 €","b'ProduktbeschreibungArtikelnummer 3804534- Cremiges Vanilleeis durchzogen von hauchd\xc3\xbcnnen Knusperschichten \n - Unwiderstehlich knackig \n - Raffinierte Eiswelle \n - Einfach wiederverschlie\xc3\x9fbare Verpackung \n - Das perfekte Dessert f\xc3\xbcr gesellige Runden \n \n Ein wahrer Klassiker. Cremiges Vanilleeis durchzogen von hauchd\xc3\xbcnnen Knusperschichten. \n \n Knusper, knusper, Knusperspa\xc3\x9f \xe2\x80\x93 das ist Viennetta: Die beliebte Eiswelle mit der raffinierten Kombination aus cremigem Eis und unverwechselbar knackigen Knusperschichten. \n \n Anfang der 80er-Jahre hatte der Engl\xc3\xa4nder Kevin Hillman, Produkt-Manager bei Wall\xe2\x80\x99s (der britischen Schwester von Langnese) die Idee f\xc3\xbcr das feine Dessert. Er schenkte seiner Frau zu Weihnachten ein Kochbuch, bl\xc3\xa4tterte dann selbst darin und fand das Bild eines franz\xc3\xb6sischen Schichtenkuchens, Millefeuille genannt. Da kam ihm die Idee, dass dies auch mit Eis machbar sein k\xc3\xb6nnte. Statt Teig, Creme und Marmelade verwendete er Eis, das er mit hauchd\xc3\xbcnnen Knusperschichten durchzog. \n Seither geh\xc3\xb6rt Viennetta - das perfekte Eisdessert mit den unverwechselbaren knackigen Schichten \xe2\x80\x93 einfach dazu: zur geselligen Runde mit Freunden ebenso wie zu einem k\xc3\xb6stlichen Essen im Kreise der Familie. Die raffinierte Komposition aus cremigem Eis und knackigen Knusperschichten darf in diesen Momenten einfach nicht fehlen. \n \n Wussten Sie schon? \n - Obwohl Eis gerne mit Sonne und S\xc3\xbcden assoziiert wird, findet man dort keineswegs den h\xc3\xb6chsten j\xc3\xa4hrlichen Verbrauch bezogen auf die Einwohnerzahl. Vielmehr essen die Skandinavier das meiste Eis: Schweden f\xc3\xbchrt mit 12 l pro Kopf und Jahr die europ\xc3\xa4ische Liga an. Deutschland liegt mit rund 8 l pro Kopf in der Mitte der Rangliste, in Italien, dem \xe2\x80\x9eklassischen Eis-Land\xe2\x80\x9c, werden gut 9 l verspeist. \n - F\xc3\xbcr die Herstellung von Eis werden die Grundstoffe Milch, Pflanzen- oder Butterfett und Zucker verwendet. Zutaten wie Fr\xc3\xbcchte, N\xc3\xbcsse, Kakao, Karamell, Schokolade oder Nougat definieren und verfeinern die Geschmacksrichtungen. \n - Von wegen Kalorienbombe: Eine Portion der meisten Eisprodukte enth\xc3\xa4lt weniger Fett als die Mehrzahl der Schokoriegel. Und ein Magnum Classic enth\xc3\xa4lt etwa die gleiche Menge Zucker wie ein 150-g-Becher Fruchtjoghurt.... mehr anzeigenCremig, knackig, kultig - das neue Viennetta, jetzt noch knuspriger. Cremiges Vanilleeis durchzogen von Knusperschichten.Zutaten & AllergeneZutaten: entrahmte MILCH, Kokosfett, Glukose-Fruktose-Sirup, Zucker, Wasser, Glukosesirup, fettarmes Kakaopulver, MOLKENERZEUGNIS, Emulgatoren (Mono- und Diglyceride von Speisefetts\xc3\xa4uren, Ammoniumphosphatide), Stabilisatoren (Johannisbrotkernmehl, Guarkernmehl, Tarakernmehl, Carrageen), Aroma. Kann Soja enthalten.Allergenhinweise: Enth\xc3\xa4lt: Milch und Milcherzeugnisse (einschlie\xc3\x9flich Lactose). Kann enthalten: Soja und Sojaerzeugnisse.N\xc3\xa4hrwerteDurchschnittliche N\xc3\xa4hrwerteUnzubereitet pro 100 mlEnergie487 kJEnergie117 kcalFett6,6 gFett, davon ges\xc3\xa4ttigte Fetts\xc3\xa4uren5,8 gKohlenhydrate13 gKohlenhydrate, davon Zucker9,6 gBallaststoffe< 0,5 gEiwei\xc3\x9f1 gSalz0,04 gHinweiseAufbewahrungs- und Verwendungshinweis: Bei -18\xc2\xb0C mindestens haltbar bis Ende: siehe PackungsaufdruckArtikeldetailsMarke: LangneseUrsprungsland: DeutschlandKontaktKontaktname: Unilever DeutschlandKontaktadresse: Postfach 570 385, 22772 HamburgMaximale Bestellmenge: 15 St\xc3\xbcckF\xc3\xbcr die vorstehenden Angaben wird keine Haftung \xc3\xbcbernommen. Bitte pr\xc3\xbcfen Sie im Einzelfall die Angaben auf der jeweiligen Produktverpackung, nur diese sind verbindlich.Das Produktdesign kann von der Abbildung abweichen.'",Im Franzosengewann 3,Rewe,Tiefkühl,2023-07-09,"Gültig ab morgen bis Samstag, 15.07.2023"
Block House Block Burger,https://img.rewe-static.de/REWE28_2023/0560932/23016939-15_digital-image.png?impolicy=s-offers&imwidth=200&output-format=image/webp,,https://shop.rewe.de/productList?search=2832136,,"tiefgefroren , je 2 x 200-g-Pckg , (1 kg = 14.98)",Aktion,"5,99 €","b'ProduktbeschreibungArtikelnummer 560932Bestes Rindfleisch aus der Block House Fleischerei. Zutaten & AllergeneZutaten: Rindfleisch (98%), Salz, Gew\xc3\xbcrze.Allergenhinweise: Enth\xc3\xa4lt: Keine deklarationspflichtigen Allergene enthalten.N\xc3\xa4hrwerteDurchschnittliche N\xc3\xa4hrwerteUnzubereitet pro 100 gEnergie1.101 kJEnergie265 kcalFett21,9 gFett, davon ges\xc3\xa4ttigte Fetts\xc3\xa4uren9,5 gKohlenhydrate0 gKohlenhydrate, davon Zucker0 gEiwei\xc3\x9f17,2 gSalz0,9 gHinweiseAufbewahrungs- und Verwendungshinweis: Tiefgek\xc3\xbchlt bei -18 \xc2\xb0C aufbewahren.Information: Ware nach dem \xc3\x96ffnen innerhalb von einem Tag verbrauchen. Nicht wieder einfrieren! Vor dem Verzehr vollst\xc3\xa4ndig durchgaren. Nicht zum Rohverzehr geeignet.ArtikeldetailsMarke: Block HouseUrsprungsland: DeutschlandKontaktKontaktname: Block HouseKontaktadresse: Lademannbogen 127, 22339 HamburgMaximale Bestellmenge: 15 St\xc3\xbcckF\xc3\xbcr die vorstehenden Angaben wird keine Haftung \xc3\xbcbernommen. Bitte pr\xc3\xbcfen Sie im Einzelfall die Angaben auf der jeweiligen Produktverpackung, nur diese sind verbindlich.Das Produktdesign kann von der Abbildung abweichen.'",Im Franzosengewann 3,Rewe,Tiefkühl,2023-07-09,"Gültig ab morgen bis Samstag, 15.07.2023"
Dr. Oetker Ristorante Pizza Salame,https://img.rewe-static.de/REWE28_2023/8704774/34878457-20_digital-image.png?impolicy=s-offers&imwidth=200&output-format=image/webp,,https://shop.rewe.de/productList?search=2832136,,"tiefgefroren , je 320-g-Pckg , (1 kg = 6.22)",Knaller,"1,99 €","b'ProduktbeschreibungArtikelnummer 8704774Dr. Oetker Ristorante Pizza Salame ist belegt mit sonnengereiften Tomaten, K\xc3\xa4se, herzhafter Salami, ausgesuchten Kr\xc3\xa4utern und Gew\xc3\xbcrzen.Zubereitung:Bis zur Zubereitung gefroren aufbewahren.Backofen vorheizen: Ober-/Unterhitze: 220\xc2\xb0C, Hei\xc3\x9fluft: 200\xc2\xb0C, Gas: 4Folie entfernen, Pizza auf den Rost legen und auf mittlerer Einschubleiste 10-12 Minuten backen.Stelle sicher, dass das Produkt vor dem Verzehr vollst\xc3\xa4ndig durcherhitzt ist. Man kann die ""Ristorante Pizza Salame"" genie\xc3\x9fen, sobald der K\xc3\xa4se geschmolzen ist.Zutaten & AllergeneZutaten: WEIZENMEHL, 14% passierte Tomaten, 12% schnittfester MOZZARELLA K\xc3\x84SE, 12% Salami (Schweinefleisch, Speck, Salz, Gew\xc3\xbcrze, Dextrose, Zwiebelpulver, Knoblauchpulver, Gew\xc3\xbcrzextrakte, Stabilisator (Natriumnitrit), Antioxidationsmittel (Extrakt aus Rosmarin), Rauch), Wasser, 7,3% Tomatenkonzentrat, 4,6% EDAMER K\xc3\x84SE, Raps\xc3\xb6l, Backhefe, Salz, Zucker, Oliven\xc3\xb6l nativ extra, Oregano, Basilikum, Pfeffer, Paprika, Petersilie. Kann enthalten: SOJA, SENF.Allergenhinweise: Enth\xc3\xa4lt: Milch und Milcherzeugnisse (einschlie\xc3\x9flich Lactose). Glutenhaltiges Getreide und glutenhaltige Getreideerzeugnisse. Weizen und Weizenerzeugnisse (glutenhaltiges Getreide). Kann enthalten: Soja und Sojaerzeugnisse. Gerste und Gerstenerzeugnisse (glutenhaltiges Getreide). Roggen und Roggenerzeugnisse (glutenhaltiges Getreide). Dinkel und Dinkelerzeugnisse (glutenhaltiges Getreide). Hafer und Hafererzeugnisse (glutenhaltiges Getreide). Senf- und Senferzeugnisse.N\xc3\xa4hrwerteDurchschnittliche N\xc3\xa4hrwerteUnzubereitet pro 100 gEnergie1.093 kJEnergie261 kcalFett13 gFett, davon ges\xc3\xa4ttigte Fetts\xc3\xa4uren4,6 gKohlenhydrate25 gKohlenhydrate, davon Zucker2,9 gBallaststoffe2,3 gEiwei\xc3\x9f10 gSalz1,3 gHinweiseAufbewahrungs- und Verwendungshinweis: Nach dem Auftauen nicht wieder einfrieren. Bei -18 \xc2\xb0C lagern (***-Fach oder Tiefk\xc3\xbchltruhe).ArtikeldetailsMarke: Dr. OetkerUrsprungsland: DeutschlandKontaktKontaktname: DR. AUGUST OETKER NAHRUNGSMITTEL KGKontaktadresse: Lutterstra\xc3\x9fe 14 - 33617 BielefeldMaximale Bestellmenge: 15 St\xc3\xbcckF\xc3\xbcr die vorstehenden Angaben wird keine Haftung \xc3\xbcbernommen. Bitte pr\xc3\xbcfen Sie im Einzelfall die Angaben auf der jeweiligen Produktverpackung, nur diese sind verbindlich.Das Produktdesign kann von der Abbildung abweichen.'",Im Franzosengewann 3,Rewe,Tiefkühl,2023-07-09,"Gültig ab morgen bis Samstag, 15.07.2023"
Dr. Oetker Bistro Flammkuchen Elsässer Art,https://img.rewe-static.de/REWE28_2023/8703784/34878422-11_digital-image.png?impolicy=s-offers&imwidth=200&output-format=image/webp,,https://shop.rewe.de/productList?search=2832136,,"tiefgefroren , je 265-g-Pckg , (1 kg = 7.51)",Knaller,"1,99 €","b'ProduktbeschreibungArtikelnummer 8703784Zutaten & AllergeneZutaten: WEIZENMEHL, 27% CR\xc3\x88ME FRA\xc3\x8eCHE, 15% Rohschinken (Schweinefleisch, Salz, Maltodextrin, Dextrose, Zucker, Gew\xc3\xbcrze, Gew\xc3\xbcrzextrakte, Stabilisator (Natriumnitrit), Rauch), Wasser, 5,4% Zwiebeln, Raps\xc3\xb6l, Oliven\xc3\xb6l nativ extra, Salz, Backhefe, Raucharoma, Aroma (enth\xc3\xa4lt WEIZEN), Pfeffer, Verdickungsmittel (Johannisbrotkernmehl, Xanthan), Muskatnuss. Kann enthalten: SOJA, SENF.Allergenhinweise: Enth\xc3\xa4lt: Milch und Milcherzeugnisse (einschlie\xc3\x9flich Lactose). Weizen und Weizenerzeugnisse (glutenhaltiges Getreide). Glutenhaltiges Getreide und glutenhaltige Getreideerzeugnisse. Kann enthalten: Dinkel und Dinkelerzeugnisse (glutenhaltiges Getreide). Roggen und Roggenerzeugnisse (glutenhaltiges Getreide). Senf- und Senferzeugnisse. Soja und Sojaerzeugnisse.N\xc3\xa4hrwerteDurchschnittliche N\xc3\xa4hrwerteUnzubereitet pro 100 gEnergie1.094 kJEnergie262 kcalFett14 gFett, davon ges\xc3\xa4ttigte Fetts\xc3\xa4uren6 gKohlenhydrate25 gKohlenhydrate, davon Zucker2,3 gBallaststoffe1,4 gEiwei\xc3\x9f7,9 gSalz1,2 gHinweiseAufbewahrungs- und Verwendungshinweis: Nach dem Auftauen nicht wieder einfrieren. Bei -18 \xc2\xb0C lagern (***-Fach oder Tiefk\xc3\xbchltruhe).ArtikeldetailsMarke: Dr. OetkerUrsprungsland: DeutschlandKontaktKontaktname: DR. AUGUST OETKER NAHRUNGSMITTEL KGKontaktadresse: Lutterstra\xc3\x9fe 14 - 33617 BielefeldMaximale Bestellmenge: 15 St\xc3\xbcckF\xc3\xbcr die vorstehenden Angaben wird keine Haftung \xc3\xbcbernommen. Bitte pr\xc3\xbcfen Sie im Einzelfall die Angaben auf der jeweiligen Produktverpackung, nur diese sind verbindlich.Das Produktdesign kann von der Abbildung abweichen.'",Im Franzosengewann 3,Rewe,Tiefkühl,2023-07-09,"Gültig ab morgen bis Samstag, 15.07.2023"
Iglo Schlemmerfilet Bordelaise Classic,https://img.rewe-static.de/REWE28_2023/8030937/30477207-17_digital-image.png?impolicy=s-offers&imwidth=200&output-format=image/webp,,https://shop.rewe.de/productList?search=2832136,,"tiefgefroren , je 380-g-Pckg , (1 kg = 7.87)",Knaller,"2,99 €","b'ProduktbeschreibungArtikelnummer 8030937Zutaten & AllergeneZutaten: ALASKA SEELACHS-FILET (71%), Wasser, Raps\xc3\xb6l, Paniermehl (WEIZENMEHL, Wasser, Gew\xc3\xbcrze (Paprikapulver, Kurkuma), Salz, Hefe), Zwiebeln, Zitronensaft aus Zitronensaftkonzentrat, Petersilie, Salz, EIPULVER, St\xc3\xa4rke, Gew\xc3\xbcrze (Paprikapulver, Zwiebelpulver, Knoblauchpulver)N\xc3\xa4hrwerteDurchschnittliche N\xc3\xa4hrwerteUnzubereitet pro 100 gEnergie628 kJEnergie150 kcalFett8,7 gFett, davon ges\xc3\xa4ttigte Fetts\xc3\xa4uren0,7 gKohlenhydrate5 gKohlenhydrate, davon Zucker0,5 gBallaststoffe0,5 gEiwei\xc3\x9f13 gSalz1,2 gHinweiseAufbewahrungs- und Verwendungshinweis: Aufbewahrung zu Hause: Bei minus 18\xc2\xb0C (Tiefk\xc3\xbchltruhe oder ***-Fach) mindestens haltbar bis Ende: siehe Verpackungsaufdruck.ArtikeldetailsMarke: IgloUrsprungsland: DeutschlandKontaktKontaktname: iglo GmbHKontaktadresse: Postfach 570 521, 22774 HamburgMaximale Bestellmenge: 15 St\xc3\xbcckF\xc3\xbcr die vorstehenden Angaben wird keine Haftung \xc3\xbcbernommen. Bitte pr\xc3\xbcfen Sie im Einzelfall die Angaben auf der jeweiligen Produktverpackung, nur diese sind verbindlich.Das Produktdesign kann von der Abbildung abweichen.'",Im Franzosengewann 3,Rewe,Tiefkühl,2023-07-09,"Gültig ab morgen bis Samstag, 15.07.2023"
Iglo Filegro Ofen-Backfisch,https://img.rewe-static.de/REWE28_2023/1148717/19141120-88_digital-image.png?impolicy=s-offers&imwidth=200&output-format=image/webp,,https://shop.rewe.de/productList?search=2832136,,"tiefgefroren , je 240-g-Pckg , (1 kg = 12.46)",Knaller,"2,99 €","b'ProduktbeschreibungArtikelnummer 1148717Das iglo Filegro Traditioneller Ofen-Backfisch enth\xc3\xa4lt 100% saftiges Alaska Seelachsfilet und ist umh\xc3\xbcllt von einem lecker-knusprigen Backteig, der speziell f\xc3\xbcr die Zubereitung im Ofen entwickelt wurde. \nIglo setzt ausschlie\xc3\x9flich auf den Einsatz von MSC zertifiziertem Fisch. Daher wird der Alaska Seelachs zu 100% aus verantwortungsbewussten Quellen bezogen und durch den Einsatz modernster Produktionsmethoden wird absolute Frische und Qualit\xc3\xa4t garantiert. \n- 100% Fischfilet\n- Umh\xc3\xbcllt mit lecker-knusprigen Backteig\n- Ohne Zusatz von k\xc3\xbcnstlichen Aromen, Farbstoffen und Geschmacksverst\xc3\xa4rkern\n- Nat\xc3\xbcrliche Quelle von Omega 3\n- Tiefgefroren... mehr anzeigenZutaten & AllergeneZutaten: ALASKA SEELACHS-FILET (54%), pflanzliches \xc3\x96l, WEIZENMEHL, Paniermehl (WEIZENMEHL, Salz, Traubenzucker), Wasser, Kartoffelst\xc3\xa4rke, WEIZENST\xc3\x84RKE, Salz, Backtriebmittel: Diphosphate und Natriumcarbonate, Maismehl, Traubenzucker, MAGERMILCHPULVER.N\xc3\xa4hrwerteDurchschnittliche N\xc3\xa4hrwerteUnzubereitet pro 100 gEnergie1.046 kJEnergie251 kcalFett14,5 gFett, davon ges\xc3\xa4ttigte Fetts\xc3\xa4uren1,3 gKohlenhydrate18,1 gKohlenhydrate, davon Zucker0,4 gBallaststoffe0,6 gEiwei\xc3\x9f11,6 gSalz1,25 gHinweiseAufbewahrungs- und Verwendungshinweis:  Aufbewahrung zu Hause: *** - Fach oder Tiefk\xc3\xbchltruhe (bei minus 18\xc2\xb0 C) mindestens haltbar bis Ende: sie Packungsseite, Aufbewahrung zu Hause: ** - Fach 2 Wochen, Aufbewahrung zu Hause: * - Fach einige Tage.ArtikeldetailsMarke: IgloUrsprungsland: DeutschlandKontaktKontaktname: iglo GmbHKontaktadresse: Postfach 570 521, 22774 HamburgMaximale Bestellmenge: 15 St\xc3\xbcckF\xc3\xbcr die vorstehenden Angaben wird keine Haftung \xc3\xbcbernommen. Bitte pr\xc3\xbcfen Sie im Einzelfall die Angaben auf der jeweiligen Produktverpackung, nur diese sind verbindlich.Das Produktdesign kann von der Abbildung abweichen.'",Im Franzosengewann 3,Rewe,Tiefkühl,2023-07-09,"Gültig ab morgen bis Samstag, 15.07.2023"
Mövenpick Stracciatella Classico,https://img.rewe-static.de/REWE28_2023/8725654/35463369-11_digital-image.png?impolicy=s-offers&imwidth=200&output-format=image/webp,,https://shop.rewe.de/productList?search=2832136,,"je 900-ml-Becher , (1 l = 2.21)",Aktion,"1,99 €","b'ProduktbeschreibungArtikelnummer 8725654Cremiges Eis mit Stracciatellageschmack mit Schokoladenst\xc3\xbcckchen und einer Schokoladensauce.Zutaten & AllergeneZutaten: Entrahmte MILCH, MOLKENERZEUGNIS, Glukosesirup, Zucker, Kokosfett, Soja\xc3\xb6l, VOLLMILCHPULVER, fettarmer Kakao** (1,3 %), Kakaobutter**, Kakaomasse**, Emulgatoren (Mono- und Diglyceride von Speisefetts\xc3\xa4uren, Lecithine (SOJA)), Verdickungsmittel (Johannisbrotkernmehl, Guarkernmehl), nat\xc3\xbcrliche Aromen (enthalten MILCH), Aroma. **Rainforest Alliance-zertifiziert. Mehr Informationen unter ra.org. KANN SCHALENFR\xc3\x9cCHTE, GLUTENHALTIGE GETREIDE UND EIER ENTHALTEN. Wichtig: Kleinkinder (unter 4 Jahren) verf\xc3\xbcgen \xc3\xbcber eine verminderte Kauf\xc3\xa4higkeit und k\xc3\xb6nnten sich an kleinen St\xc3\xbcckchen verschlucken.Allergenhinweise: Milch, Molkenerzeugnis, Schlagsahne, SojaEnth\xc3\xa4lt: Milch und Milcherzeugnisse (einschlie\xc3\x9flich Lactose). Soja und Sojaerzeugnisse. Kann enthalten: Eier und Eierzeugnisse. N\xc3\xbcsse und Nusserzeugnisse. Glutenhaltiges Getreide und glutenhaltige Getreideerzeugnisse.N\xc3\xa4hrwerteDurchschnittliche N\xc3\xa4hrwerteUnzubereitet pro 100 gEnergie1.079 kJEnergie258 kcalFett15 gFett, davon ges\xc3\xa4ttigte Fetts\xc3\xa4uren9,9 gKohlenhydrate28 gKohlenhydrate, davon Zucker23 gBallaststoffe0,7 gEiwei\xc3\x9f2,9 gSalz0,09 gHinweiseAufbewahrungs- und Verwendungshinweis: Bei -18 \xc2\xb0C mindestens haltbar bis Ende: siehe VerpackungsaufdruckInformation: Wichtig: Kleinkinder (unter 4 Jahren) verf\xc3\xbcgen \xc3\xbcber eine verminderte Kauf\xc3\xa4higkeit und k\xc3\xb6nnten sich an kleinen St\xc3\xbcckchen verschlucken. Packung enth\xc3\xa4lt 9 Portionen. Portionen sollten f\xc3\xbcr Kinder entsprechend ihrem Alter angepasst werden.ArtikeldetailsMarke: M\xc3\xb6venpickUrsprungsland: DeutschlandKontaktKontaktname: FRONERI Sch\xc3\xb6ller GmbHKontaktadresse: D-90419 N\xc3\xbcrnbergMaximale Bestellmenge: 15 St\xc3\xbcckF\xc3\xbcr die vorstehenden Angaben wird keine Haftung \xc3\xbcbernommen. Bitte pr\xc3\xbcfen Sie im Einzelfall die Angaben auf der jeweiligen Produktverpackung, nur diese sind verbindlich.Das Produktdesign kann von der Abbildung abweichen.'",Im Franzosengewann 3,Rewe,Tiefkühl,2023-07-09,"Gültig ab morgen bis Samstag, 15.07.2023"
Mövenpick Salted Caramel,https://img.rewe-static.de/REWE28_2023/7713567/38472507-14_digital-image.png?impolicy=s-offers&imwidth=200&output-format=image/webp,,https://shop.rewe.de/productList?search=2832136,,"je 800-ml-Becher , (1 l = 2.49)",Aktion,"1,99 €","b'ProduktbeschreibungArtikelnummer 7713567Eis mit Vanillegeschmack, mit gesalzener Karamellsauce, Karamellst\xc3\xbcckchen und kakaobutterhaltigen Konfektst\xc3\xbcckchen mit KaramellgeschmackZutaten & AllergeneZutaten: Entrahmte MILCH, MOLKENERZEUGNIS, Glukosesirup, Zucker,pflanzliche Fette (Kokos, Shea), gezuckerte KONDENSMILCH (eingedickte VOLLMILCH, Zucker, MILCHZUCKER), gezuckerte KONDENSMAGERMILCH (eingedickte entrahmte MILCH, Zucker), Emulgatoren (Mono- und Diglyceride von Speisefetts\xc3\xa4uren, Lecithine), Verdickungsmittel (Johannisbrotkernmehl, Guarkernmehl), Kakaobutter*, Salz, VOLLMILCHPULVER, BUTTERFETT, Feuchthaltemittel (Glycerin), f\xc3\xa4rbende Frucht- und Gem\xc3\xbcsekonzentrate (schwarze Johannisbeere, Apfel, Zitrone, Karotte, Rettich), f\xc3\xa4rbendes Saflorkonzentrat, nat\xc3\xbcrliche Vanillearomen, Kakaomasse*, MILCHZUCKER, nat\xc3\xbcrliche Aromen. *Rainforest Alliance-zertifiziert. Mehr Informationen unter ra.org.KANN SCHALENFR\xc3\x9cCHTE, GLUTENHALTIGE GETREIDE, SOJA UND EIER ENTHALTEN. Wichtig: Kleinkinder (unter 4 Jahren) verf\xc3\xbcgen\xc3\xbcber eine verminderte Kauf\xc3\xa4higkeit und k\xc3\xb6nnten sich an kleinen St\xc3\xbcckchen verschlucken.Allergenhinweise: MILCH, MOLKENERZEUGNIS, KONDENSMILCH, VOLLMILCH, MILCHZUCKER, KONDENSMAGERMILCH, VOLLMILCHPULVER, BUTTERFETT.Enth\xc3\xa4lt: Milch und Milcherzeugnisse (einschlie\xc3\x9flich Lactose). Kann enthalten: Glutenhaltiges Getreide und glutenhaltige Getreideerzeugnisse. Eier und Eierzeugnisse. N\xc3\xbcsse und Nusserzeugnisse. Soja und Sojaerzeugnisse.N\xc3\xa4hrwerteDurchschnittliche N\xc3\xa4hrwerteUnzubereitet pro 100 gEnergie1.009 kJEnergie240 kcalFett9,5 gFett, davon ges\xc3\xa4ttigte Fetts\xc3\xa4uren8,2 gKohlenhydrate37 gKohlenhydrate, davon Zucker29 gBallaststoffe< 0,5 gEiwei\xc3\x9f2 gSalz0,29 gHinweiseAufbewahrungs- und Verwendungshinweis: Bei -18 \xc2\xb0C mindestens haltbar bis Ende: siehe VerpackungsaufdruckInformation: Wichtig: Kleinkinder (unter 4 Jahren) verf\xc3\xbcgen\xc3\xbcber eine verminderte Kauf\xc3\xa4higkeit und k\xc3\xb6nnten sich an kleinen St\xc3\xbcckchen verschlucken.ArtikeldetailsMarke: M\xc3\xb6venpickUrsprungsland: DeutschlandKontaktKontaktname: FRONERI Sch\xc3\xb6ller GmbHKontaktadresse: D-90419 N\xc3\xbcrnbergMaximale Bestellmenge: 15 St\xc3\xbcckF\xc3\xbcr die vorstehenden Angaben wird keine Haftung \xc3\xbcbernommen. Bitte pr\xc3\xbcfen Sie im Einzelfall die Angaben auf der jeweiligen Produktverpackung, nur diese sind verbindlich.Das Produktdesign kann von der Abbildung abweichen.'",Im Franzosengewann 3,Rewe,Tiefkühl,2023-07-09,"Gültig ab morgen bis Samstag, 15.07.2023"
Langnese Family Mix Multipackung,https://img.rewe-static.de/REWE28_2023/8900513/38330307-12_digital-image.png?impolicy=s-offers&imwidth=200&output-format=image/webp,,https://shop.rewe.de/productList?search=2832136,,"je 462-ml-Pckg , (1 l = 6.47)",Aktion,"2,99 €","b'ProduktbeschreibungArtikelnummer 8900513Ein Mix, der das Beste von Langnese zusammen bringt und f\xc3\xbcr jeden in der Familie etwas bietet. Der Family Mix besteht aus Flutschfinger (1x), Capri (2x), Magnum Mini Classic (2x), Cuja Mara Split (1x) und Nogger (1x).Zutaten & AllergeneZutaten: Langnese Family Mix - Capri Zutaten: Orangensaft aus Orangensaftkonzentrat (53%), Trinkwasser, Zucker, Glukose-Fruktose-Sirup, S\xc3\xa4ureregulator (Citronens\xc3\xa4ure), Stabilisatoren (Guarkernmehl, Tarakernmehl, Johannisbrotkernmehl), Farbstoff (Carotin), nat\xc3\xbcrliche Orangenaromen. Kann Milch und Soja enthalten. Langnese Family Mix - Cuja Mara Split Zutaten: Orangensaft aus Orangensaftkonzentrat (24%), entrahmte MILCH (21%), Passionsfruchtsaft aus Passionsfruchtsaftkonzentrat (15%), Trinkwasser, Zucker, Kokosfett, Glukosesirup, Glukose-Fruktose-Sirup, MOLKENERZEUGNIS, Fruktose, Stabilisatoren (Guarkernmehl, Johannisbrotkernmehl, Tarakernmehl), Farbstoff (Carotin), Emulgator (Mono- und Diglyceride von Speisefetts\xc3\xa4uren), nat\xc3\xbcrliches Vanillearoma\xc2\xb9, S\xc3\xa4ureregulator (Citronens\xc3\xa4ure). Kann Mandel, Ei, Haselnuss, Soja und Weizen enthalten. \xc2\xb9Rainforest Alliance-zertifiziert. Langnese Family Mix - Flutschfinger Zutaten: Trinkwasser, Zucker, Orangensaft aus Orangensaftkonzentrat (10%), Glukose-Fruktose-Sirup, Erdbeersaft aus Erdbeersaftkonzentrat (4,5%), Glukosesirup, Fruktose, Zitronensaft aus Zitronensaftkonzentrat (0,6%), S\xc3\xa4ureregulator (Citronens\xc3\xa4ure), Stabilisatoren (Johannisbrotkernmehl, Tarakernmehl, Guarkernmehl), Schwarze-Karotte-Konzentrat, F\xc3\xa4rberdistelkonzentrat, Farbstoffe (Paprikaextrakt, Kurkumin, Chlorophylle), Aromen. Kann Haselnuss, Milch, Soja und Weizen enthalten. Langnese Family Mix - Magnum Mini Classic Zutaten: Entrahmte MILCH, Zucker, Kakaobutter\xc2\xb9, Kakaomasse\xc2\xb9, Trinkwasser, Kokosfett, Glukosesirup, VOLLMILCHPULVER, Glukose-Fruktose-Sirup, MOLKENERZEUGNIS, BUTTERFETT, Emulgatoren (E471, Lecithine (SOJA), E476), vermahlene Vanilleschoten, Stabilisatoren (Johannisbrotkernmehl, Guarkernmehl, Carrageen), nat\xc3\xbcrliches Vanillearoma\xc2\xb9 (mit MILCH), Aroma, Farbstoff (Carotin). Kann Mandeln enthalten.\xc2\xb9Rainforest Alliance-zertifiziert. Langnese Family Mix - Nogger Zutaten: entrahmte MILCH, Kokosfett, Zucker, Glukose-Fruktose-Sirup, Trinkwasser, Glukosesirup, HASELNUSS-St\xc3\xbcckchen, fettarmer Kakao\xc2\xb9 (3%), WEIZENMEHL, MOLKENERZEUGNIS, MAGERMILCH-Pulver oder -Konzentrat, Stabilisatoren (Guarkernmehl, Johannisbrotkernmehl, Tarakernmehl), Emulgatoren (Mono- und Diglyceride von Speisefetts\xc3\xa4uren, Ammoniumphosphatide), Speisesalz, Backtriebmittel (Ammoniumcarbonate), nat\xc3\xbcrliches Vanillearoma\xc2\xb9. Kann Pistazie und Soja enthalten. \xc2\xb9Rainforest Alliance-zertifiziert.Allergenhinweise: Enth\xc3\xa4lt: Milch und Milcherzeugnisse (einschlie\xc3\x9flich Lactose). N\xc3\xbcsse und Nusserzeugnisse. Soja und Sojaerzeugnisse. Haselnuss und Haselnusserzeugnisse. Weizen und Weizenerzeugnisse (glutenhaltiges Getreide). Kann enthalten: Eier und Eierzeugnisse. Glutenhaltiges Getreide und glutenhaltige Getreideerzeugnisse.N\xc3\xa4hrwerteDurchschnittliche N\xc3\xa4hrwerteUnzubereitet pro 100 mlEnergie413 kJEnergie98 kcalFett< 0,5 gFett, davon ges\xc3\xa4ttigte Fetts\xc3\xa4uren< 0,1 gKohlenhydrate23 gKohlenhydrate, davon Zucker22 gEiwei\xc3\x9f< 0,5 gSalz< 0,01 gHinweiseAufbewahrungs- und Verwendungshinweis: Bei -18\xc2\xb0C mindestens haltbar bis Ende: siehe PackungsaufdruckArtikeldetailsMarke: LangneseUrsprungsland: UngarnKontaktKontaktname: Unilever DeutschlandKontaktadresse: Postfach 570 385, 22772 HamburgMaximale Bestellmenge: 15 St\xc3\xbcckF\xc3\xbcr die vorstehenden Angaben wird keine Haftung \xc3\xbcbernommen. Bitte pr\xc3\xbcfen Sie im Einzelfall die Angaben auf der jeweiligen Produktverpackung, nur diese sind verbindlich.Das Produktdesign kann von der Abbildung abweichen.'",Im Franzosengewann 3,Rewe,Tiefkühl,2023-07-09,"Gültig ab morgen bis Samstag, 15.07.2023"
Leicht & Cross Knusper Rustica,https://img.rewe-static.de/REWE28_2023/8186660/28377819-16_digital-image.png?impolicy=s-offers&imwidth=200&output-format=image/webp,,https://shop.rewe.de/productList?search=2832136,,"versch. Sorten , je 130-g-Pckg , (1 kg = 7.62)",Aktion,"0,99 €","b'ProduktbeschreibungArtikelnummer 8186660Mein KnusperRustica Dreikorn: \xc3\x9cberzeugt mit einem besonders kr\xc3\xa4ftigen Geschmack von Roggen, Dinkel und Buchweizen \xe2\x80\x93 eine Kombination mit Biss.Zutaten & AllergeneZutaten: ROGGENVOLLKORNMEHL, ROGGENMEHL, DINKELWEIZENMEHL, Reismehl, ROGGENMALZMEHL, Zucker, Sonnenblumen\xc3\xb6l, Salz. Zur Herstellung von 100g des Produktes werden 40,5g Roggenvollkornmehl, 40g Roggenmehl, 11g Dinkelweizenmehl, 6g Reismehl und 5g Roggenmalzmehl verwendet. Kann Spuren enthalten von: SOJA, MILCH, EI, SESAM.Allergenhinweise: Enth\xc3\xa4lt: Roggen und Roggenerzeugnisse (glutenhaltiges Getreide). Dinkel und Dinkelerzeugnisse (glutenhaltiges Getreide). Kann enthalten: Soja und Sojaerzeugnisse. Milch und Milcherzeugnisse (einschlie\xc3\x9flich Lactose). Eier und Eierzeugnisse. Sesamsamen und Sesamsamenerzeugnisse.N\xc3\xa4hrwerteDurchschnittliche N\xc3\xa4hrwerteUnzubereitet pro 100 gEnergie1.554 kJEnergie367 kcalFett3 gFett, davon ges\xc3\xa4ttigte Fetts\xc3\xa4uren0,4 gKohlenhydrate72 gKohlenhydrate, davon Zucker3,7 gBallaststoffe8 gEiwei\xc3\x9f9,1 gSalz1,2 gHinweiseAufbewahrungs- und Verwendungshinweis: Nach dem \xc3\x96ffnen LEICHT&CROSS-Knusperbrot trocken aufbewahren und innerhalb weniger Tage verzehren. Vor W\xc3\xa4rme sch\xc3\xbctzen. Trocken lagern.Mindestens haltbar bis: siehe BodenArtikeldetailsMarke: Leicht & CrossEigenschaften: Vegan, Vegetarisch, LaktosefreiUrsprungsland: DeutschlandKontaktKontaktname: Griesson - de BeukelaerKontaktadresse: D-56751 PolchMaximale Bestellmenge: 15 St\xc3\xbcckF\xc3\xbcr die vorstehenden Angaben wird keine Haftung \xc3\xbcbernommen. Bitte pr\xc3\xbcfen Sie im Einzelfall die Angaben auf der jeweiligen Produktverpackung, nur diese sind verbindlich.Das Produktdesign kann von der Abbildung abweichen.'",Im Franzosengewann 3,Rewe,Frühstück,2023-07-09,"Gültig ab morgen bis Samstag, 15.07.2023"
Schwiizer Schüümli,https://img.rewe-static.de/REWE28_2023/2035261/21894441-26_digital-image.png?impolicy=s-offers&imwidth=200&output-format=image/webp,,https://shop.rewe.de/productList?search=2832136,,"ganze Bohnen, versch. Sorten , je 1000-g-Btl",Aktion,"10,99 €","b'ProduktbeschreibungArtikelnummer 2035261- SCHWIIZER SCH\xc3\x9c\xc3\x9cMLI CREMA: Unsere ger\xc3\xb6steten Kaffeebohnen sind 100% edle Arabicas und \xc3\xbcberzeugen durch einen aromatischen Geschmack - ein echter Genuss f\xc3\xbcr die Sinne \n- UMWELTFREUNDLICH: Unserer Bohnenkaffee ist UTZ-zertifiziert. Wir setzten uns f\xc3\xbcr eine verantwortungsbewusste, umweltfreundliche Kaffeeproduktion ein \n- DETAIL: R\xc3\xb6stkaffee in ganzen Bohnen - Verpackung 1 kg - Intensit\xc3\xa4t 3 von 5 - 100 Prozent Arabica - Empfohlene Tassengr\xc3\xb6sse: 40 ml Espresso \n- KOMPABILIT\xc3\x84T: Ideal f\xc3\xbcr Vollautomaten mit integriertem Mahlwerk, Espresso-Kolbenmaschine und italienische Mocca-Kannen \n- SCHWEIZER PREMIUMKAFFEE: Unsere Leidenschaft sind hochwertige Kaffeeprodukte. Wir beschaffen, veredeln und verpacken Kaffee seit 1954... mehr anzeigenHinweiseInformation: Unter Schutzatmosph\xc3\xa4re verpackt.ArtikeldetailsUrsprungsland: SchweizKontaktKontaktname: SCG Swiss Consumer Goods GmbHKontaktadresse: D-64625 BensheimF\xc3\xbcr die vorstehenden Angaben wird keine Haftung \xc3\xbcbernommen. Bitte pr\xc3\xbcfen Sie im Einzelfall die Angaben auf der jeweiligen Produktverpackung, nur diese sind verbindlich.Das Produktdesign kann von der Abbildung abweichen.'",Im Franzosengewann 3,Rewe,Frühstück,2023-07-09,"Gültig ab morgen bis Samstag, 15.07.2023"
Jacobs Auslese oder Meisterröstung,https://img.rewe-static.de/REWE28_2023/7055901/26484398-13_digital-image.png?impolicy=s-offers&imwidth=200&output-format=image/webp,,https://shop.rewe.de/productList?search=2832136,,"versch. Sorten, gemahlener Bohnenkaffee , je 500-g-Pckg , (1 kg = 7.98)",Aktion,"3,99 €","b'ProduktbeschreibungArtikelnummer 7055901Die aromatische Komposition ausgew\xc3\xa4hlter Kaffeebohnen, ger\xc3\xb6stet in unserem besonders schonenden R\xc3\xb6stverfahren, garantiert den unverwechselbaren Geschmack unserer Auslese von Jacobs klassisch. Die aromatische Komposition ausgew\xc3\xa4hlter Kaffeebohnen, ger\xc3\xb6stet in unserem besonders schonenden R\xc3\xb6stverfahren, garantiert den unverwechselbaren Geschmack unserer Auslese von Jacobs klassisch.Zutaten & AllergeneAllergenhinweise: Enth\xc3\xa4lt: Keine deklarationspflichtigen Allergene enthalten.HinweiseAufbewahrungs- und Verwendungshinweis: Ge\xc3\xb6ffnete Packung gut verschlossen, k\xc3\xbchl und trocken aufbewahren.ArtikeldetailsMarke: JacobsUrsprungsland: DeutschlandKontaktKontaktname: JACOBS DOUWE EGBERTSKontaktadresse: Oosterdoksstraat 80, 1011 DK Amsterdam, The NetherlandsMaximale Bestellmenge: 15 St\xc3\xbcckF\xc3\xbcr die vorstehenden Angaben wird keine Haftung \xc3\xbcbernommen. Bitte pr\xc3\xbcfen Sie im Einzelfall die Angaben auf der jeweiligen Produktverpackung, nur diese sind verbindlich.Das Produktdesign kann von der Abbildung abweichen.'",Im Franzosengewann 3,Rewe,Frühstück,2023-07-09,"Gültig ab morgen bis Samstag, 15.07.2023"
Milka Haselnusscreme,https://img.rewe-static.de/REWE28_2023/8424980/30781039-8_digital-image.png?impolicy=s-offers&imwidth=200&output-format=image/webp,,https://shop.rewe.de/productList?search=2832136,,"je 350-g-Glas , (1 kg = 5.69)",Aktion,"1,99 €","b'ProduktbeschreibungArtikelnummer 8424980Zutaten & AllergeneZutaten: Zucker, Raps\xc3\xb6l (25%), S\xc3\xbcssmolkenpulver (aus MILCH), HASELNUSSMASSE (5%), fettarmes Kakaopulver, MAGERMILCHPULVER, Kakaobutter, Sonnenblumen\xc3\xb6l, Emulgator (Lecithine), Speisesalz, Aromen. KANN ENTHALTEN: ANDERE N\xc3\x9cSSE, WEIZEN UND ERDNUSS.Allergenhinweise: MILCH, HASELNUSSMASSE, MAGERMILCHPULVEREnth\xc3\xa4lt: Haselnuss und Haselnusserzeugnisse. Milch und Milcherzeugnisse (einschlie\xc3\x9flich Lactose). N\xc3\xbcsse und Nusserzeugnisse. Kann enthalten: Weizen und Weizenerzeugnisse (glutenhaltiges Getreide). Erdn\xc3\xbcsse und Erdnusserzeugnisse. Glutenhaltiges Getreide und glutenhaltige Getreideerzeugnisse.N\xc3\xa4hrwerteDurchschnittliche N\xc3\xa4hrwerteUnzubereitet pro 100 gEnergie2.316 kJEnergie555 kcalFett34 gFett, davon ges\xc3\xa4ttigte Fetts\xc3\xa4uren4,6 gKohlenhydrate58 gKohlenhydrate, davon Zucker57 gBallaststoffe2,1 gEiwei\xc3\x9f3,8 gSalz0,18 gHinweiseAufbewahrungs- und Verwendungshinweis: Trocken lagern und vor W\xc3\xa4rme sch\xc3\xbctzen. Optimale Aufbewahrung zwischen 15\xc2\xb0C und 20\xc2\xb0CArtikeldetailsMarke: MilkaUrsprungsland: BelgienKontaktKontaktname: Mondelez Deutschland GmbHKontaktadresse: D-28078 BremenMaximale Bestellmenge: 15 St\xc3\xbcckF\xc3\xbcr die vorstehenden Angaben wird keine Haftung \xc3\xbcbernommen. Bitte pr\xc3\xbcfen Sie im Einzelfall die Angaben auf der jeweiligen Produktverpackung, nur diese sind verbindlich.Das Produktdesign kann von der Abbildung abweichen.'",Im Franzosengewann 3,Rewe,Frühstück,2023-07-09,"Gültig ab morgen bis Samstag, 15.07.2023"
Mövenpick Gourmet Fruchtaufstrich,https://img.rewe-static.de/REWE28_2023/5074088/8198980-23_digital-image.png?impolicy=s-offers&imwidth=200&output-format=image/webp,,https://shop.rewe.de/productList?search=2832136,,"versch. Sorten , je 250-g-Glas , (1 kg = 7.96)",Aktion,"1,99 €","b'ProduktbeschreibungArtikelnummer 5074088Ohne Zusatz von Aromen\r\nBester M\xc3\xb6venpick Geschmack\r\nerlesene Fr\xc3\xbcchteZutaten & AllergeneZutaten: Schwarze Johannisbeeren, Zucker, Verdickungsmittel: Pektin, S\xc3\xa4uerungsmittel: Citronens\xc3\xa4ure.N\xc3\xa4hrwerteDurchschnittliche N\xc3\xa4hrwerteUnzubereitet pro 100 gEnergie858 kJEnergie202 kcalFett0,1 gFett, davon ges\xc3\xa4ttigte Fetts\xc3\xa4uren0 gKohlenhydrate46,5 gKohlenhydrate, davon Zucker46,5 gBallaststoffe4,1 gEiwei\xc3\x9f0,7 gSalz0,02 gHinweiseAufbewahrungs- und Verwendungshinweis: Nach dem \xc3\x96ffnen im K\xc3\xbchlschrank aufbewahren.Information: Hergestellt aus 55g Fr\xc3\xbcchten je 100g.ArtikeldetailsMarke: M\xc3\xb6venpickUrsprungsland: DeutschlandSorte: Schwarze JohannisbeereKontaktKontaktname: Schwartauer Werke GmbH & Co KGaAKontaktadresse: 23608 Bad SchwartauMaximale Bestellmenge: 15 St\xc3\xbcckF\xc3\xbcr die vorstehenden Angaben wird keine Haftung \xc3\xbcbernommen. Bitte pr\xc3\xbcfen Sie im Einzelfall die Angaben auf der jeweiligen Produktverpackung, nur diese sind verbindlich.Das Produktdesign kann von der Abbildung abweichen.'",Im Franzosengewann 3,Rewe,Frühstück,2023-07-09,"Gültig ab morgen bis Samstag, 15.07.2023"
Suchard Express oder Kaba Kakao,https://img.rewe-static.de/REWE28_2023/8908126/39431257-7_digital-image.png?impolicy=s-offers&imwidth=200&output-format=image/webp,,https://shop.rewe.de/productList?search=2832136,,"je 400-g-Btl , (1 kg = 4.98)",Aktion,"1,99 €","b'ProduktbeschreibungArtikelnummer 8908126Zutaten & AllergeneZutaten: Zucker, mageres Kakaopulver (18 %), Traubenzucker (15 %), Emulgator (SOJAlecithine), Salz, nat\xc3\xbcrliches Aroma.Allergenhinweise: Enth\xc3\xa4lt: Soja und Sojaerzeugnisse.N\xc3\xa4hrwerteDurchschnittliche N\xc3\xa4hrwerteUnzubereitet pro 100 gEnergie1.625 kJEnergie384 kcalFett3 gFett, davon ges\xc3\xa4ttigte Fetts\xc3\xa4uren1,4 gKohlenhydrate82 gKohlenhydrate, davon Zucker79 gBallaststoffe5,7 gEiwei\xc3\x9f4 gSalz0,34 gHinweiseAufbewahrungs- und Verwendungshinweis: Mindestens haltbar bis: Siehe Boden.Trocken lagern und vor W\xc3\xa4rme sch\xc3\xbctzen.ArtikeldetailsMarke: SuchardUrsprungsland: FrankreichKontaktKontaktname: Carambar and Co.Kontaktadresse: 9 rue Maurice Mallet , 92130 Issy-les-Moulineaux - FranceMaximale Bestellmenge: 15 St\xc3\xbcckF\xc3\xbcr die vorstehenden Angaben wird keine Haftung \xc3\xbcbernommen. Bitte pr\xc3\xbcfen Sie im Einzelfall die Angaben auf der jeweiligen Produktverpackung, nur diese sind verbindlich.Das Produktdesign kann von der Abbildung abweichen.'",Im Franzosengewann 3,Rewe,Frühstück,2023-07-09,"Gültig ab morgen bis Samstag, 15.07.2023"
"Partykranz
            2",https://img.rewe-static.de/REWE28_2023/0544566/26767044-10_digital-image.png?impolicy=s-offers&imwidth=200&output-format=image/webp,,https://shop.rewe.de/productList?search=2832136,,"je 400-g-St , (1 kg = 4.98)",Aktion,"1,99 €","b'ProduktbeschreibungArtikelnummer 544566Zutaten: WEIZENMEHL, Wasser, SESAM, Mohn, Hefe, BUCHWEIZEN, Leinsamen, Salz, Raps\xc3\xb6l. \n\nEnth\xc3\xa4lt: GLUTEN, SESAM. Kann Spuren von EIER, SOJA, MILCH, SCHALENFR\xc3\x9cCHTE enthalten. \n\nN\xc3\xa4hrwerte je 100g:\nEnergie: 1320KJ\nEnergie: 313kcal\nFett: 7g\nFett, davon ges\xc3\xa4ttigte Fetts\xc3\xa4uren: 0,9g\nKohlenhydrate: 50,1g\nKohlenhydrate, davon Zucker: 1,8g\nEiwei\xc3\x9f: 10,6g\nSalz: 1,1g ArtikeldetailsMarke: EntrupF\xc3\xbcr die vorstehenden Angaben wird keine Haftung \xc3\xbcbernommen. Bitte pr\xc3\xbcfen Sie im Einzelfall die Angaben auf der jeweiligen Produktverpackung, nur diese sind verbindlich.Das Produktdesign kann von der Abbildung abweichen.'",Im Franzosengewann 3,Rewe,Frühstück,2023-07-09,"Gültig ab morgen bis Samstag, 15.07.2023"
Corny Müsliriegel Schoko,https://img.rewe-static.de/REWE28_2023/0544800/1238460-61_digital-image.png?impolicy=s-offers&imwidth=200&output-format=image/webp,,https://shop.rewe.de/productList?search=2832136,,"je 6 x 25-g-Riegel-Pckg , (1 kg = 8.60)",Knaller,"1,29 €","b'ProduktbeschreibungArtikelnummer 544800Ohne Farbstoffe\r\nOhne Zusatz von Konservierungsstoffen*. *lt. Gesetz\r\nMit 10% Vollkorn\r\n24% MilchschokoladeZutaten & AllergeneZutaten: MILCHSCHOKOLADE 24% (Zucker, Kakaomasse, Kakaobutter, MAGERMILCHPULVER, BUTTERFETT, Emulgator Lecithine), Getreidecrispies (WEIZENMEHL, Zucker, Reismehl, Maismehl, GERSTENMALZEXTRAKT, Salz, Karamellzuckersirup), Glukosesirup, Glukose-Fruktose-Sirup, Vollkorngetreideflocken 10% (HAFER-, WEIZEN-, GERSTEN-), ger\xc3\xb6stete ERDN\xc3\x9cSSE, Zucker, Kokosfett, Cornflakes (Mais, Salz, GERSTENMALZEXTRAKT), Honig 1%, nat\xc3\xbcrliches Aroma, Salz, Karamellzuckersirup, Emulgator LecithineAllergenhinweise: Enth\xc3\xa4lt: Glutenhaltiges Getreide und glutenhaltige Getreideerzeugnisse. Erdn\xc3\xbcsse und Erdnusserzeugnisse. Milch und Milcherzeugnisse (einschlie\xc3\x9flich Lactose). Kann enthalten: Haselnuss und Haselnusserzeugnisse. Mandeln und Mandelerzeugnisse.N\xc3\xa4hrwerteDurchschnittliche N\xc3\xa4hrwerteUnzubereitet pro 100 gEnergie1.914 kJEnergie456 kcalFett17,5 gFett, davon ges\xc3\xa4ttigte Fetts\xc3\xa4uren10,2 gKohlenhydrate66,6 gKohlenhydrate, davon Zucker34,1 gBallaststoffe3,3 gEiwei\xc3\x9f6,3 gSalz0,51 gHinweiseAufbewahrungs- und Verwendungshinweis: Vor W\xc3\xa4rme sch\xc3\xbctzen. K\xc3\xbchl und trocken lagern.ArtikeldetailsMarke: CORNYUrsprungsland: DeutschlandSorte: SchokoKontaktKontaktname: Schwartauer Werke GmbH & Co. KGaAKontaktadresse: 23608 Bad SchwartauMaximale Bestellmenge: 15 St\xc3\xbcckF\xc3\xbcr die vorstehenden Angaben wird keine Haftung \xc3\xbcbernommen. Bitte pr\xc3\xbcfen Sie im Einzelfall die Angaben auf der jeweiligen Produktverpackung, nur diese sind verbindlich.Das Produktdesign kann von der Abbildung abweichen.'",Im Franzosengewann 3,Rewe,Frühstück,2023-07-09,"Gültig ab morgen bis Samstag, 15.07.2023"
Corny Müsliriegel Milch Classic,https://img.rewe-static.de/REWE28_2023/0544828/22736757-25_digital-image.png?impolicy=s-offers&imwidth=200&output-format=image/webp,,https://shop.rewe.de/productList?search=2832136,,"je 4 x 30-g-Riegel-Pckg , (1 kg = 10.75)",Knaller,"1,29 €","b'ProduktbeschreibungArtikelnummer 544828Ohne Zusatz von Konservierungsstoffen.* *lt. Gesetz\r\nOhne Farbstoffe\r\nCremig Lecker\r\nCream up your crunchZutaten & AllergeneZutaten: Kakaohaltige Getreidecrispies 17% (Reismehl, WEIZENMEHL, fettarmes Kakaopulver, VOLLMILCHPULVER 2%, Zucker, Maismehl, Salz), Cornflakes 15% (Mais, Zucker, Salz, GERSTENMALZEXTRAKT), Kokosfett, Glukosesirup, Glukose-Fruktose-Sirup, Oligofruktose, Traubenzucker, VOLLKORNHAFERFLOCKEN 5%, Honig 5%, Zucker, Palm\xc3\xb6l, VOLLMILCHPULVER 3%, MAGERMILCHPULVER 3%, Stabilisator Glycerin, Karamellzuckersirup, Salz, Emulgator Lecithine, nat\xc3\xbcrliche Aromen.Allergenhinweise: Enth\xc3\xa4lt: Glutenhaltiges Getreide und glutenhaltige Getreideerzeugnisse. Milch und Milcherzeugnisse (einschlie\xc3\x9flich Lactose). Kann enthalten: N\xc3\xbcsse und Nusserzeugnisse. Erdn\xc3\xbcsse und Erdnusserzeugnisse.N\xc3\xa4hrwerteDurchschnittliche N\xc3\xa4hrwerteUnzubereitet pro 100 gEnergie1.882 kJEnergie449 kcalFett19,1 gFett, davon ges\xc3\xa4ttigte Fetts\xc3\xa4uren16,1 gKohlenhydrate60,5 gKohlenhydrate, davon Zucker30,3 gBallaststoffe6,4 gEiwei\xc3\x9f5,8 gSalz0,74 gHinweiseAufbewahrungs- und Verwendungshinweis: Vor W\xc3\xa4rme sch\xc3\xbctzen. K\xc3\xbchl und trocken lagern.ArtikeldetailsMarke: CORNYUrsprungsland: DeutschlandKontaktKontaktname: Schwartauer Werke GmbH & Co. KGaAKontaktadresse: 23608 Bad SchwartauMaximale Bestellmenge: 15 St\xc3\xbcckF\xc3\xbcr die vorstehenden Angaben wird keine Haftung \xc3\xbcbernommen. Bitte pr\xc3\xbcfen Sie im Einzelfall die Angaben auf der jeweiligen Produktverpackung, nur diese sind verbindlich.Das Produktdesign kann von der Abbildung abweichen.'",Im Franzosengewann 3,Rewe,Frühstück,2023-07-09,"Gültig ab morgen bis Samstag, 15.07.2023"
Lavazza Caffè Crema Classico oder Crema e Aroma,https://img.rewe-static.de/REWE28_2023/0293182/30798874-10_digital-image.png?impolicy=s-offers&imwidth=200&output-format=image/webp,,https://shop.rewe.de/productList?search=2832136,,"ganze Bohnen , je 1000-g-Btl",Knaller,"9,99 €","b'ProduktbeschreibungArtikelnummer 293182Eine sehr vielseitige Mischung aus Arabica und Robusta Bohnen. HinweiseAufbewahrungs- und Verwendungshinweis: trocken lagern.ArtikeldetailsMarke: LavazzaUrsprungsland: ItalienKontaktKontaktname: LUIGI LAVAZZA S.p.A.Kontaktadresse: C. SO NOVARA, 59- 10154 TORINO - ITALIAMaximale Bestellmenge: 15 St\xc3\xbcckF\xc3\xbcr die vorstehenden Angaben wird keine Haftung \xc3\xbcbernommen. Bitte pr\xc3\xbcfen Sie im Einzelfall die Angaben auf der jeweiligen Produktverpackung, nur diese sind verbindlich.Das Produktdesign kann von der Abbildung abweichen.'",Im Franzosengewann 3,Rewe,Frühstück,2023-07-09,"Gültig ab morgen bis Samstag, 15.07.2023"
Jacobs Tassimokapseln Cappuccino,https://img.rewe-static.de/REWE28_2023/1398796/20366868-22_digital-image.png?impolicy=s-offers&imwidth=200&output-format=image/webp,,https://shop.rewe.de/productList?search=2832136,,"je 260-g-Pckg , (1 kg = 15.35)",Aktion,"3,99 €","b'ProduktbeschreibungArtikelnummer 1398796K\xc3\xb6stlich cremiger Cappuccino von Tassimo mit dem Jacobs Verw\xc3\xb6hnaroma. Eine Kombination aus intensivem Espresso mit feinem Schaum. \nIhr Lieblingsgetr\xc3\xa4nk - vollautomatisch mit nur einem Knopfdruck zubereitet. \n1 Getr\xc3\xa4nk = 190 ml. Der Tassimo Cappuccino Classico von Jacobs ist eine Kombination aus intensivem Espresso und einer Milchschaumschicht. Eine speziell hergestellte Mischung aus perfekt ger\xc3\xb6steten Espressobohnen, um den authentischen Cappuccino-Geschmack zu kreieren. Genie\xc3\x9fe die Kombination aus intensivem Espresso und feinem Schaum mit dem k\xc3\xb6stlichen Jacobs Cappuccino.Zutaten & AllergeneZutaten: Ultrafiltriertes VOLLMILCHKONZENTRAT (60%), gemahlener R\xc3\xb6stkaffee (20%), Zucker (11%), Wasser, Salz, S\xc3\xa4ureregulator (E339).Allergenhinweise: VOLLMILCHKONZENTRATEnth\xc3\xa4lt: Milch und Milcherzeugnisse (einschlie\xc3\x9flich Lactose).N\xc3\xa4hrwerteDurchschnittliche N\xc3\xa4hrwerteZubereitet pro 100 mlEnergie105 kJEnergie25 kcalFett1,3 gFett, davon ges\xc3\xa4ttigte Fetts\xc3\xa4uren0,9 gKohlenhydrate2,2 gKohlenhydrate, davon Zucker2,2 gBallaststoffe0 gEiwei\xc3\x9f1,1 gSalz0,1 gHinweiseAufbewahrungs- und Verwendungshinweis: Trocken, dunkel lagern und vor W\xc3\xa4rme sch\xc3\xbctzen.Information: unter Schutzatmosph\xc3\xa4re verpacktArtikeldetailsMarke: TassimoUrsprungsland: DeutschlandKontaktKontaktname: JACOBS DOUWE EGBERTSKontaktadresse: Oosterdoksstraat 80, 1011 DK Amsterdam, The NetherlandsMaximale Bestellmenge: 15 St\xc3\xbcckF\xc3\xbcr die vorstehenden Angaben wird keine Haftung \xc3\xbcbernommen. Bitte pr\xc3\xbcfen Sie im Einzelfall die Angaben auf der jeweiligen Produktverpackung, nur diese sind verbindlich.Das Produktdesign kann von der Abbildung abweichen.'",Im Franzosengewann 3,Rewe,Frühstück,2023-07-09,"Gültig ab morgen bis Samstag, 15.07.2023"
Jacobs Tassimokapseln Caffè Crema XL,https://img.rewe-static.de/REWE28_2023/1398793/20366870-34_digital-image.png?impolicy=s-offers&imwidth=200&output-format=image/webp,,https://shop.rewe.de/productList?search=2832136,,"je 132,8-g-Pckg , (1 kg = 30.05)",Aktion,"3,99 €","b'ProduktbeschreibungArtikelnummer 1398793Mit der praktischen XL-Becherportion h\xc3\xa4lt der Kaffeegenuss des Tassimo Jacobs Caff\xc3\xa8 Crema Classico XL noch l\xc3\xa4nger an. Erleben Sie den vollmundigen Geschmack des Jacobs Verw\xc3\xb6hnaromas und die samtige, goldene Crema. \nIhr Lieblingsgetr\xc3\xa4nk - vollautomatisch mit nur einem Knopfdruck zubereitet. \n1 Getr\xc3\xa4nk = 215 ml. Mit der praktischen XL-Becherportion h\xc3\xa4lt der Kaffeegenuss des TASSIMO Jacobs Caff\xc3\xa8 Crema classico XL noch l\xc3\xa4nger an. Erleben Sie den vollmundigen Geschmack des Jacobs Verw\xc3\xb6hnaromas und die samtige, goldene Crema. \nIhr Lieblingsgetr\xc3\xa4nk - vollautomatisch mit nur einem Knopfdruck zubereitet. \n1 Getr\xc3\xa4nk = 215 mlZutaten & AllergeneAllergenhinweise: Enth\xc3\xa4lt: Keine deklarationspflichtigen Allergene enthalten.HinweiseAufbewahrungs- und Verwendungshinweis: Trocken lagern und vor W\xc3\xa4rme sch\xc3\xbctzen.Information: unter Schutzatmosph\xc3\xa4re verpacktArtikeldetailsMarke: TassimoUrsprungsland: DeutschlandSorte: ClassicoKontaktKontaktname: JACOBS DOUWE EGBERTSKontaktadresse: Oosterdoksstraat 80, 1011 DK Amsterdam, The NetherlandsMaximale Bestellmenge: 15 St\xc3\xbcckF\xc3\xbcr die vorstehenden Angaben wird keine Haftung \xc3\xbcbernommen. Bitte pr\xc3\xbcfen Sie im Einzelfall die Angaben auf der jeweiligen Produktverpackung, nur diese sind verbindlich.Das Produktdesign kann von der Abbildung abweichen.'",Im Franzosengewann 3,Rewe,Frühstück,2023-07-09,"Gültig ab morgen bis Samstag, 15.07.2023"
Wasa Milch & Joghurtknäcke,https://img.rewe-static.de/REWE28_2023/7909062/33278373-9_digital-image.png?impolicy=s-offers&imwidth=200&output-format=image/webp,,https://shop.rewe.de/productList?search=2832136,,"je 230-g-Pckg , (1 kg = 8.65)",Aktion,"1,99 €","b'ProduktbeschreibungArtikelnummer 7909062Zutaten & AllergeneZutaten: ROGGENVOLLKORNMEHL (105 g**), entrahmte MILCH (16 g**), JOGHURTPULVER, MOLKENPULVER, Salz. Kann Spuren von SESAMSAMEN enthalten. Die hervorgehobenen Zutaten k\xc3\xb6nnen bei Personen mit Allergien und Unvertr\xc3\xa4glichkeiten Reaktionen verursachen. . **in g pro 100 g ProduktAllergenhinweise: Enth\xc3\xa4lt: Glutenhaltiges Getreide und glutenhaltige Getreideerzeugnisse. Roggen und Roggenerzeugnisse (glutenhaltiges Getreide). Milch und Milcherzeugnisse (einschlie\xc3\x9flich Lactose). Kann enthalten: Sesamsamen und Sesamsamenerzeugnisse.N\xc3\xa4hrwerteDurchschnittliche N\xc3\xa4hrwerteUnzubereitet pro 100 gEnergie1.424 kJEnergie338 kcalFett2 gFett, davon ges\xc3\xa4ttigte Fetts\xc3\xa4uren0,3 gKohlenhydrate60,5 gKohlenhydrate, davon Zucker3,5 gBallaststoffe20 gEiwei\xc3\x9f9,5 gSalz1,15 gHinweiseAufbewahrungs- und Verwendungshinweis: Trocken und vor Licht gesch\xc3\xbctzt aufbewahren.ArtikeldetailsMarke: WasaUrsprungsland: DeutschlandKontaktKontaktname: Barilla Deutschland GmbH, Bereich WasaKontaktadresse: Wasastra\xc3\x9fe 10, D-29229 CelleMaximale Bestellmenge: 15 St\xc3\xbcckF\xc3\xbcr die vorstehenden Angaben wird keine Haftung \xc3\xbcbernommen. Bitte pr\xc3\xbcfen Sie im Einzelfall die Angaben auf der jeweiligen Produktverpackung, nur diese sind verbindlich.Das Produktdesign kann von der Abbildung abweichen.'",Im Franzosengewann 3,Rewe,Frühstück,2023-07-09,"Gültig ab morgen bis Samstag, 15.07.2023"
Wasa Knäckebrot Rustikal,https://img.rewe-static.de/REWE28_2023/1995073/674470-38_digital-image.png?impolicy=s-offers&imwidth=200&output-format=image/webp,,https://shop.rewe.de/productList?search=2832136,,"je 275-g-Pckg , (1 kg = 7.24)",Aktion,"1,99 €","b'ProduktbeschreibungArtikelnummer 1995073Zutaten & AllergeneZutaten: ROGGENVOLLKORNMEHL, ROGGENKLEIE, Salz, Hefe. DIE HERVORGEHOBENEN ZUTATEN K\xc3\x96NNEN BEI PERSONEN MIT ALLERGIEN UND UNVERTR\xc3\x84GLICHKEITEN REAKTIONEN VERURSACHEN.Allergenhinweise: Enth\xc3\xa4lt: Glutenhaltiges Getreide und glutenhaltige Getreideerzeugnisse. Roggen und Roggenerzeugnisse (glutenhaltiges Getreide).N\xc3\xa4hrwerteDurchschnittliche N\xc3\xa4hrwerteUnzubereitet pro 100 gEnergie1.377 kJEnergie327 kcalFett1,5 gFett, davon ges\xc3\xa4ttigte Fetts\xc3\xa4uren0,4 gKohlenhydrate59,3 gKohlenhydrate, davon Zucker1,5 gBallaststoffe20 gEiwei\xc3\x9f9 gSalz1,25 gHinweiseAufbewahrungs- und Verwendungshinweis: Trocken und vor Licht gesch\xc3\xbctzt aufbewahrenArtikeldetailsMarke: WasaUrsprungsland: SchwedenKontaktKontaktname: Barilla Deutschland GmbH, Bereich WasaKontaktadresse: Wasastra\xc3\x9fe 10, D-29229 CelleMaximale Bestellmenge: 15 St\xc3\xbcckF\xc3\xbcr die vorstehenden Angaben wird keine Haftung \xc3\xbcbernommen. Bitte pr\xc3\xbcfen Sie im Einzelfall die Angaben auf der jeweiligen Produktverpackung, nur diese sind verbindlich.Das Produktdesign kann von der Abbildung abweichen.'",Im Franzosengewann 3,Rewe,Frühstück,2023-07-09,"Gültig ab morgen bis Samstag, 15.07.2023"
Mestemacher Wraps,https://img.rewe-static.de/REWE28_2023/8722477/35581003-6_digital-image.png?impolicy=s-offers&imwidth=200&output-format=image/webp,,https://shop.rewe.de/productList?search=2832136,,"versch. Sorten , je 300-g-Pckg , (1 kg = 7.30)",Aktion,"2,19 €","b'ProduktbeschreibungArtikelnummer 8722477Man nehme italienisches Temperament, ein Originalrezept und kaltgepresstes Oliven\xc3\xb6l. Diese Zutaten machen unsere Wraps zu etwas ganz Besonderem!Zutaten & AllergeneZutaten: DINKELMEHL*1), Wasser, natives Oliven\xc3\xb6l extra* (5 %), Sonnenblumen\xc3\xb6l*, Meersalz, nat\xc3\xbcrliches Rosmarinaroma. * aus biologischem Landbau 1)Mit Dinkelmehl aus der EU. Kann Spuren von SOJA und SENF enthalten.Allergenhinweise: Enth\xc3\xa4lt: Glutenhaltiges Getreide und glutenhaltige Getreideerzeugnisse. Dinkel und Dinkelerzeugnisse (glutenhaltiges Getreide). Kann enthalten: Soja und Sojaerzeugnisse. Senf- und Senferzeugnisse.N\xc3\xa4hrwerteDurchschnittliche N\xc3\xa4hrwerteUnzubereitet pro 100 gEnergie1.280 kJEnergie304 kcalFett8,6 gFett, davon ges\xc3\xa4ttigte Fetts\xc3\xa4uren1,1 gKohlenhydrate45,7 gKohlenhydrate, davon Zucker1 gBallaststoffe3,1 gEiwei\xc3\x9f9,5 gSalz1,1 gHinweiseAufbewahrungs- und Verwendungshinweis: K\xc3\xbchl und trocken lagern.ArtikeldetailsMarkeMestemacherEigenschaftenVegan, BioUrsprungslandItalienServiervorschlagNach Belieben f\xc3\xbcllen, z.B. mit Salat oder Geschnetzeltem.\xc3\x96ko KontrollstelleIT-BIO-007Ort der ErzeugungEU-LandwirtschaftKontaktKontaktname: Mestemacher GmbHKontaktadresse: Postfach 2451 - 33254 G\xc3\xbcterslohF\xc3\xbcr die vorstehenden Angaben wird keine Haftung \xc3\xbcbernommen. Bitte pr\xc3\xbcfen Sie im Einzelfall die Angaben auf der jeweiligen Produktverpackung, nur diese sind verbindlich.Das Produktdesign kann von der Abbildung abweichen.'",Im Franzosengewann 3,Rewe,Frühstück,2023-07-09,"Gültig ab morgen bis Samstag, 15.07.2023"
Lavazza Crema e Gusto oder Espresso,https://img.rewe-static.de/REWE28_2023/7713584/29141056-8_digital-image.png?impolicy=s-offers&imwidth=200&output-format=image/webp,,https://shop.rewe.de/productList?search=2832136,,"versch. Sorten , je 250-g-Pckg , (1 kg = 13.96)",Aktion,"3,49 €","b'ProduktbeschreibungArtikelnummer 7713584Die Mischung besteht aus einer Auswahl hochwertiger, rassiger Arabicas (30 %) und Robustas (70 %) und ist ideal f\xc3\xbcr all diejenigen geeignet, die jeden Augenblick des Tages ein intensives Geschmackserlebnis genie\xce\xb2en m\xc3\xb6chten. HinweiseAufbewahrungs- und Verwendungshinweis: trocken lagern.ArtikeldetailsMarke: LavazzaUrsprungsland: ItalienSorte: Crema e GustoKontaktKontaktname: LUIGI LAVAZZA S.p.A.Kontaktadresse: C. SO NOVARA, 59- 10154 TORINO - ITALIAMaximale Bestellmenge: 15 St\xc3\xbcckF\xc3\xbcr die vorstehenden Angaben wird keine Haftung \xc3\xbcbernommen. Bitte pr\xc3\xbcfen Sie im Einzelfall die Angaben auf der jeweiligen Produktverpackung, nur diese sind verbindlich.Das Produktdesign kann von der Abbildung abweichen.'",Im Franzosengewann 3,Rewe,Frühstück,2023-07-09,"Gültig ab morgen bis Samstag, 15.07.2023"
Heinz Mayonnaise,https://img.rewe-static.de/REWE28_2023/8280030/29291195-23_digital-image.png?impolicy=s-offers&imwidth=200&output-format=image/webp,,https://shop.rewe.de/productList?search=2832136,,"je 495-ml-Fl , (1 l = 4.02)",Aktion,"1,99 €","b'ProduktbeschreibungArtikelnummer 8280030Das Original: Die k\xc3\xb6stliche Heinz Mayonnaise \xc3\xbcberzeugt mit ihrem vollmundigen Geschmack und erg\xc3\xa4nzt die unterschiedlichsten Gerichte um eine cremige Note. Die leckere Mayonnaise von Heinz ist aus hochwertigsten Zutaten sowie Eiern aus Freilandhaltung hergestellt und sorgt so f\xc3\xbcr einen besonders frischen Geschmack. Ob zu Kartoffelprodukten, Sandwiches oder als Basis f\xc3\xbcr Salatdressings - ihre feine W\xc3\xbcrze macht die Mayonnaise von Heinz zu einem einmalig cremigen Genuss. Dank der praktischen Dosier\xc3\xb6ffnung ist schnelles und sauberes Dosieren ganz einfach - so wird die gro\xc3\x9fe Squeezeflasche zum Must-have auf jeder Grillparty. Ohne k\xc3\xbcnstliche Farbstoffe und Aromen / Einfache Dosierung / Ideal f\xc3\xbcr Burger, Pommes u. v. m.... mehr anzeigenEcht etwas Besonderes: Eine frisch schmeckende und lecker cremige Mayonnaise, hergestellt aus hochwertigsten Zutaten \xe2\x80\xa6und Eiern aus Freilandhaltung.Zutaten & AllergeneZutaten: Raps\xc3\xb6l 68%, Wasser, pasteurisiertes EIGELB\xe2\x80\xa0 5%, Branntweinessig\xe2\x80\xa0\xe2\x80\xa0, Zucker, St\xc3\xa4rke, Salz, SENFSAMEN, Gew\xc3\xbcrze, Antioxidationsmittel (Calcium-Dinatrium-EDTA). \xe2\x80\xa0Von Eiern aus Freilandhaltung. \xe2\x80\xa0\xe2\x80\xa0\xc3\x96sterreich: Weingeistessig.Allergenhinweise: Enth\xc3\xa4lt: Eier und Eierzeugnisse. Senf- und Senferzeugnisse.N\xc3\xa4hrwerteDurchschnittliche N\xc3\xa4hrwerteUnzubereitet pro 100 gEnergie2.650 kJEnergie644 kcalFett70 gFett, davon ges\xc3\xa4ttigte Fetts\xc3\xa4uren6,7 gKohlenhydrate3 gKohlenhydrate, davon Zucker1,5 gEiwei\xc3\x9f0,8 gSalz1 gHinweiseAufbewahrungs- und Verwendungshinweis: Nach dem \xc3\x96ffnen gek\xc3\xbchlt aufbewahren.ArtikeldetailsMarke: HeinzUrsprungsland: NiederlandeKontaktKontaktname: H. J. Heinz GmbHKontaktadresse: Postfach 14 05 55, 40075 D\xc3\xbcsseldorf, DeutschlandF\xc3\xbcr die vorstehenden Angaben wird keine Haftung \xc3\xbcbernommen. Bitte pr\xc3\xbcfen Sie im Einzelfall die Angaben auf der jeweiligen Produktverpackung, nur diese sind verbindlich.Das Produktdesign kann von der Abbildung abweichen.'",Im Franzosengewann 3,Rewe,Kochen & Backen,2023-07-09,"Gültig ab morgen bis Samstag, 15.07.2023"
Appel Heringsfilets,https://img.rewe-static.de/REWE28_2023/8648160/33102496-7_digital-image.png?impolicy=s-offers&imwidth=200&output-format=image/webp,,https://shop.rewe.de/productList?search=2832136,,"versch. Sorten , je 200-g-Dose , (1 kg = 5.95)",Aktion,"1,19 €","b'ProduktbeschreibungArtikelnummer 8648160Zutaten & AllergeneZutaten: HERINGSFILETS (60%), Tomatenmark (14%), Wasser, Raps\xc3\xb6l, Zucker, Branntweinessig, Verdickungsmittel: Guarkernmehl; Speisesalz, modifizierte St\xc3\xa4rke, Gew\xc3\xbcrze.Allergenhinweise: Enth\xc3\xa4lt: Fisch und Fischerzeugnisse.N\xc3\xa4hrwerteDurchschnittliche N\xc3\xa4hrwerteUnzubereitet pro 100 gEnergie906 kJEnergie218 kcalFett16,1 gFett, davon ges\xc3\xa4ttigte Fetts\xc3\xa4uren2,7 gKohlenhydrate5,2 gKohlenhydrate, davon Zucker4,5 gEiwei\xc3\x9f12 gSalz0,98 gArtikeldetailsMarke: AppelNettof\xc3\xbcllmenge: 200 GUrsprungsland: DeutschlandKontaktKontaktname: Appel Feinkost GmbH & Co. KGKontaktadresse: D-27472 CuxhavenMaximale Bestellmenge: 15 St\xc3\xbcckF\xc3\xbcr die vorstehenden Angaben wird keine Haftung \xc3\xbcbernommen. Bitte pr\xc3\xbcfen Sie im Einzelfall die Angaben auf der jeweiligen Produktverpackung, nur diese sind verbindlich.Das Produktdesign kann von der Abbildung abweichen.'",Im Franzosengewann 3,Rewe,Kochen & Backen,2023-07-09,"Gültig ab morgen bis Samstag, 15.07.2023"
Händlmaier Mittelscharfer Senf,https://img.rewe-static.de/REWE28_2023/8231117/8151880-12_digital-image.png?impolicy=s-offers&imwidth=200&output-format=image/webp,,https://shop.rewe.de/productList?search=2832136,,"je 250-ml-Glas , (1 l = 3.96)",Aktion,"0,99 €","b""ProduktbeschreibungArtikelnummer 8231117Zutaten & AllergeneZutaten: Wasser, SENFSAATEN, Branntweinessig, Speisesalz, Zucker, Gew\xc3\xbcrze, EstragonextraktAllergenhinweise: Enth\xc3\xa4lt: Senf- und Senferzeugnisse.N\xc3\xa4hrwerteDurchschnittliche N\xc3\xa4hrwerteUnzubereitet pro 100 mlEnergie377 kJEnergie90 kcalFett4,9 gFett, davon ges\xc3\xa4ttigte Fetts\xc3\xa4uren0,4 gKohlenhydrate3,4 gKohlenhydrate, davon Zucker2,7 gEiwei\xc3\x9f6 gSalz2,9 gHinweiseAufbewahrungs- und Verwendungshinweis: Nach dem \xc3\xb6ffnen k\xc3\xbchl lagen.ArtikeldetailsMarke: H\xc3\xa4ndlmaier'sUrsprungsland: DeutschlandPackungsgr\xc3\xb6\xc3\x9fe: 250mlKontaktKontaktname: Luise H\xc3\xa4ndlmaier GmbHKontaktadresse: Eschenbacher Stra\xc3\x9fe 2 93057 RegensburgF\xc3\xbcr die vorstehenden Angaben wird keine Haftung \xc3\xbcbernommen. Bitte pr\xc3\xbcfen Sie im Einzelfall die Angaben auf der jeweiligen Produktverpackung, nur diese sind verbindlich.Das Produktdesign kann von der Abbildung abweichen.""",Im Franzosengewann 3,Rewe,Kochen & Backen,2023-07-09,"Gültig ab morgen bis Samstag, 15.07.2023"
Händlmaier Mittelscharfer Senf,https://img.rewe-static.de/REWE28_2023/8231176/3047510-6_digital-image.png?impolicy=s-offers&imwidth=200&output-format=image/webp,,https://shop.rewe.de/productList?search=2832136,,"je 200-ml-Tube , (1 l = 4.95)",Aktion,"0,99 €","b""ProduktbeschreibungArtikelnummer 8231176Zutaten & AllergeneZutaten: Wasser, SENFSAATEN, Branntweinessig, Speisesalz, Zucker, Gew\xc3\xbcrze, Estragonextrakt.Allergenhinweise: Enth\xc3\xa4lt: Senf- und Senferzeugnisse.N\xc3\xa4hrwerteDurchschnittliche N\xc3\xa4hrwerteUnzubereitet pro 100 mlEnergie377 kJEnergie90 kcalFett4,9 gFett, davon ges\xc3\xa4ttigte Fetts\xc3\xa4uren0,4 gKohlenhydrate3,4 gKohlenhydrate, davon Zucker2,7 gEiwei\xc3\x9f6 gSalz2,9 gHinweiseAufbewahrungs- und Verwendungshinweis: Nach dem \xc3\x96ffnen k\xc3\xbchl lagern.ArtikeldetailsMarke: H\xc3\xa4ndlmaier'sUrsprungsland: DeutschlandPackungsgr\xc3\xb6\xc3\x9fe: 200mlKontaktKontaktname: Luise H\xc3\xa4ndlmaier GmbHKontaktadresse: Eschenbacher Str. 293057 RegensburgF\xc3\xbcr die vorstehenden Angaben wird keine Haftung \xc3\xbcbernommen. Bitte pr\xc3\xbcfen Sie im Einzelfall die Angaben auf der jeweiligen Produktverpackung, nur diese sind verbindlich.Das Produktdesign kann von der Abbildung abweichen.""",Im Franzosengewann 3,Rewe,Kochen & Backen,2023-07-09,"Gültig ab morgen bis Samstag, 15.07.2023"
Kölln Schoko Müsli,https://img.rewe-static.de/REWE28_2023/7894490/1202580-76_digital-image.png?impolicy=s-offers&imwidth=200&output-format=image/webp,,https://shop.rewe.de/productList?search=2832136,,"je 2000-g-Pckg , (1 kg = 3.25)",Aktion,"6,49 €","b'ProduktbeschreibungArtikelnummer 7894490K\xc3\xb6lln M\xc3\xbcsli f\xc3\xbcr Schoko-Freunde\r\nErn\xc3\xa4hrungsexperten sind sich einig. Das allmorgendliche Fr\xc3\xbchst\xc3\xbcck ist wichtig, denn ein Auff\xc3\xbcllen der \xe2\x80\x9eReserven\xe2\x80\x9c bildet jetzt die Grundlage f\xc3\xbcr den Start in den Tag. Dar\xc3\xbcber hinaus bietet die Zeit am Fr\xc3\xbchst\xc3\xbcckstisch eine besondere Gelegenheit, sich auf die kommenden Stunden einzustimmen.\r\nNicht zuf\xc3\xa4llig machte Dr. Bircher-Benner den Hafer zur Grundlage f\xc3\xbcr seine ber\xc3\xbchmte \xe2\x80\x9eErfindung\xe2\x80\x9c: das M\xc3\xbcsli. Denn Hafer ist mit seinem nussigen Geschmack das ideale Fr\xc3\xbchst\xc3\xbccksgetreide. K\xc3\xb6lln M\xc3\xbcslis basieren auf K\xc3\xb6llnflocken und weisen dadurch immer einen nennenswerten Gehalt an Vollkorn-Hafer auf. Ob gleich am Morgen oder zwischendurch, ob schokoladig, mit N\xc3\xbcssen oder in Kombination mit Fr\xc3\xbcchten \xe2\x80\x93 K\xc3\xb6lln bietet vielerlei M\xc3\xb6glichkeiten f\xc3\xbcr ein \xe2\x80\x9eGute-Laune-Fr\xc3\xbchst\xc3\xbcck\xe2\x80\x9c.\r\n\r\nK\xc3\xb6lln Schoko Hafer-M\xc3\xbcsli - das Original ! - einfach schokoladig lecker!\r\nEnde der 1970er Jahre nahmen wir das beliebte Fr\xc3\xbchst\xc3\xbcck \xe2\x80\x9eK\xc3\xb6llnflocken mit Kakao und Milch\xe2\x80\x9c auf \xe2\x80\x93 und erfanden so das Schoko M\xc3\xbcsli. Eine Kombination aus Bl\xc3\xbctenzarten K\xc3\xb6llnflocken, Echten K\xc3\xb6lln Kernigen, K\xc3\xb6lln Schokofleks und Haselnusskrokant. Diese M\xc3\xbcsli-Spezialit\xc3\xa4t erh\xc3\xa4lt ihre besondere Note durch einen Anteil von 20 % Vollmilch- und Zartbitterschokolade. Bis heute hat kein anderes K\xc3\xb6lln M\xc3\xbcsli hat so viele Fans wie das Original!Zutaten & AllergeneZutaten: Vollkorn-HAFERflocken (58 %), Zucker, Kakaomasse*, Vollkorn-HAFERmehl (4 %), Karamellsirup, WEIZENmehl, VollMILCHpulver, Kakaobutter*, gehackte HASELNUSSKERNE, fettarmes Kakaopulver*, S\xc3\xbc\xc3\x9fMOLKEnpulver, Maisst\xc3\xa4rke, GERSTEnmalzextrakt, Invertzuckersirup, Speisesalz, Emulgator Lecithine. *Rainforest Alliance-zertifiziert  Hinweis f\xc3\xbcr Allergiker Kann weitere Schalenfr\xc3\xbcchte enthalten.Allergenhinweise: Enth\xc3\xa4lt: Glutenhaltiges Getreide und glutenhaltige Getreideerzeugnisse. Milch und Milcherzeugnisse (einschlie\xc3\x9flich Lactose). Haselnuss und Haselnusserzeugnisse. Hafer und Hafererzeugnisse (glutenhaltiges Getreide). Gerste und Gerstenerzeugnisse (glutenhaltiges Getreide). Weizen und Weizenerzeugnisse (glutenhaltiges Getreide). Kann enthalten: N\xc3\xbcsse und Nusserzeugnisse.N\xc3\xa4hrwerteDurchschnittliche N\xc3\xa4hrwerteUnzubereitet pro 100 gEnergie1.705 kJEnergie406 kcalFett11 gFett, davon ges\xc3\xa4ttigte Fetts\xc3\xa4uren4,7 gKohlenhydrate61 gKohlenhydrate, davon Zucker22 gBallaststoffe9,1 gEiwei\xc3\x9f11 gSalz0,25 gThiamin0,24 mgPhosphor322 mgMagnesium127 mgEisen4,6 mgZink2,3 mgHinweiseAufbewahrungs- und Verwendungshinweis: Vor W\xc3\xa4rme gesch\xc3\xbctzt und trocken lagern. Beutel nach dem \xc3\x96ffnen wieder gut verschlie\xc3\x9fen.Information: F\xc3\xbcllstand technisch bedingt.ArtikeldetailsMarke: K\xc3\xb6llnUrsprungsland: DeutschlandKontaktKontaktname: Peter K\xc3\xb6lln GmbH & Co. KGaAKontaktadresse: Westerstra\xc3\x9fe 22-24 25336 Elmshorn, DeutschlandMaximale Bestellmenge: 15 St\xc3\xbcckF\xc3\xbcr die vorstehenden Angaben wird keine Haftung \xc3\xbcbernommen. Bitte pr\xc3\xbcfen Sie im Einzelfall die Angaben auf der jeweiligen Produktverpackung, nur diese sind verbindlich.Das Produktdesign kann von der Abbildung abweichen.'",Im Franzosengewann 3,Rewe,Kochen & Backen,2023-07-09,"Gültig ab morgen bis Samstag, 15.07.2023"
Heinz Tomato Ketchup,https://img.rewe-static.de/REWE28_2023/7817568/23317171-10_digital-image.png?impolicy=s-offers&imwidth=200&output-format=image/webp,,https://shop.rewe.de/productList?search=2832136,,"je 500-ml-Fl , (1 l = 3.98)",Aktion,"1,99 €","b'ProduktbeschreibungArtikelnummer 7817568Tradition seit 1889: Der k\xc3\xb6stliche Tomatenketchup von Heinz \xc3\xbcberzeugt seit Generationen mit seinem einzigartigen, intensiven Geschmack und sorgt f\xc3\xbcr puren Genuss. Nach traditionellem Originalrezept: In Heinz Ketchup steckt der unverwechselbare Geschmack sonnengereifter Tomaten und feiner W\xc3\xbcrze, der sich bei jedem Essen im Mund entfaltet. Ob zu Pommes Frites, saftigen Spie\xc3\x9fen oder k\xc3\xb6stlichen Meatballs, der Klassiker von Heinz verfeinert zahlreiche Snacks und Gerichte mit einer fruchtig-w\xc3\xbcrzigen Note. Durch der praktischen Dosier\xc3\xb6ffnung ist schnelles und sauberes Dosieren ganz einfach - so wird die gro\xc3\x9fe Kopfsteher-Squeezeflasche zum Must-have auf jeder Grillparty. Ohne Konservierungsstoffe und Verdickungsmittel / Nur mit nat\xc3\xbcrlichen Aromen / Ideal f\xc3\xbcr W\xc3\xbcrstchen, Pommes, Gem\xc3\xbcse u. v. m.... mehr anzeigenDer tomatig-fruchtige Klassiker mit der feinen W\xc3\xbcrze nach traditionellem Originalrezept.Zutaten & AllergeneZutaten: Tomaten (148 g pro 100 g Tomaten Ketchup), Branntweinessig*, Zucker, Salz, Gew\xc3\xbcrz- und Kr\xc3\xa4uterextrakte (enth\xc3\xa4lt SELLERIE), Gew\xc3\xbcrz. *\xc3\x96sterreich: Weingeistessig.Allergenhinweise: Enth\xc3\xa4lt: Sellerie und Sellerieerzeugnisse.N\xc3\xa4hrwerteDurchschnittliche N\xc3\xa4hrwerteUnzubereitet pro 100 gEnergie435 kJEnergie102 kcalFett0,1 gFett, davon ges\xc3\xa4ttigte Fetts\xc3\xa4uren< 0,1 gKohlenhydrate23,2 gKohlenhydrate, davon Zucker22,2 gEiwei\xc3\x9f1,2 gSalz1,8 gHinweiseAufbewahrungs- und Verwendungshinweis: Nach dem \xc3\x96ffnen gek\xc3\xbchlt aufbewahren.ArtikeldetailsMarke: HeinzUrsprungsland: NiederlandeKontaktKontaktname: H.J. Heinz GmbHKontaktadresse: Postfach 14 05 55, 40075 D\xc3\xbcsseldorf, DeutschlandF\xc3\xbcr die vorstehenden Angaben wird keine Haftung \xc3\xbcbernommen. Bitte pr\xc3\xbcfen Sie im Einzelfall die Angaben auf der jeweiligen Produktverpackung, nur diese sind verbindlich.Das Produktdesign kann von der Abbildung abweichen.'",Im Franzosengewann 3,Rewe,Kochen & Backen,2023-07-09,"Gültig ab morgen bis Samstag, 15.07.2023"
REWE Beste Wahl Thymian,https://img.rewe-static.de/REWE28_2023/8414795/31134576-11_digital-image.png?impolicy=s-offers&imwidth=200&output-format=image/webp,,https://shop.rewe.de/productList?search=2832136,,"gerebelt , je 16-g-Glas , (1 kg = 86.88)",Aktion,"1,39 €","b""ProduktbeschreibungArtikelnummer 8414795Zutaten & AllergeneZutaten:  Kann Spuren von Gluten, Senf und Sellerie enthalten.HinweiseAufbewahrungshinweise: Trocken und k\xc3\xbchl lagern. Vor Licht sch\xc3\xbctzen.Verwendungshinweise: Trocken lagern. Vor W\xc3\xa4rme sch\xc3\xbctzen.ArtikeldetailsMarke: REWE Beste WahlUrsprungsland: BelgienKontaktKontaktname: ISFI SPICES S.A.Kontaktadresse: 20, avenue de l'industrie, 1420 Braine- l`Alleud, BelgienMaximale Bestellmenge: 15 St\xc3\xbcckF\xc3\xbcr die vorstehenden Angaben wird keine Haftung \xc3\xbcbernommen. Bitte pr\xc3\xbcfen Sie im Einzelfall die Angaben auf der jeweiligen Produktverpackung, nur diese sind verbindlich.Das Produktdesign kann von der Abbildung abweichen.""",Im Franzosengewann 3,Rewe,Kochen & Backen,2023-07-09,"Gültig ab morgen bis Samstag, 15.07.2023"
REWE Beste Wahl Oregano,https://img.rewe-static.de/REWE28_2023/8013483/31140217-20_digital-image.png?impolicy=s-offers&imwidth=200&output-format=image/webp,,https://shop.rewe.de/productList?search=2832136,,"gerebelt , je 11-g-Glas , (1 kg = 126.36)",Aktion,"1,39 €","b""ProduktbeschreibungArtikelnummer 8013483Zutaten & AllergeneZutaten: Oregano, gerebelt   Kann Spuren von Gluten, Soja, Schalenfr\xc3\xbcchten, Erdn\xc3\xbcssen, Senf, Sellerie und Sesam enthalten.HinweiseAufbewahrungshinweise: Trocken lagern. Vor W\xc3\xa4rme sch\xc3\xbctzen.Verwendungshinweise: Trocken lagern. Vor W\xc3\xa4rme sch\xc3\xbctzen.ArtikeldetailsMarke: REWE Beste WahlKontaktKontaktname: ISFI SPICES S.A.Kontaktadresse: 20, avenue de l'industrie, 1420 Braine- l`Alleud, BelgienMaximale Bestellmenge: 15 St\xc3\xbcckF\xc3\xbcr die vorstehenden Angaben wird keine Haftung \xc3\xbcbernommen. Bitte pr\xc3\xbcfen Sie im Einzelfall die Angaben auf der jeweiligen Produktverpackung, nur diese sind verbindlich.Das Produktdesign kann von der Abbildung abweichen.""",Im Franzosengewann 3,Rewe,Kochen & Backen,2023-07-09,"Gültig ab morgen bis Samstag, 15.07.2023"
REWE Beste Wahl Spaghetti oder Linguine,https://img.rewe-static.de/REWE28_2023/2632428/24971043-33_digital-image.png?impolicy=s-offers&imwidth=200&output-format=image/webp,,https://shop.rewe.de/productList?search=2832136,,"je 500-g-Btl , (1 kg = 1.98)",Aktion,"0,99 €","b'ProduktbeschreibungArtikelnummer 2632428Zutaten & AllergeneZutaten: HARTWEIZENGRIESS  Kann Spuren von Soja enthalten.Allergenhinweise: Glutenhaltiges Getreide (Weizen, Gerste, Roggen, Hafer, Dinkel, Kamut oder Hybridst\xc3\xa4mme)N\xc3\xa4hrwerteDurchschnittliche N\xc3\xa4hrwertepro 100 gEnergie1.550 kJEnergie366 kcalFett1,3 gFett, davon ges\xc3\xa4ttigte Fetts\xc3\xa4uren0,2 gKohlenhydrate73 gKohlenhydrate, davon Zucker3 gEiwei\xc3\x9f14 gSalz< 0,01 gHinweiseVerwendungshinweise: Trocken lagern. Vor W\xc3\xa4rme sch\xc3\xbctzen.ArtikeldetailsMarke: REWE Beste WahlUrsprungsland: ItalienKontaktKontaktname: Pastificio Antonio Pallante S. R. LKontaktadresse: Stabilimento e direzione SS 87 km22, Capodrise (Ce), 81020, ItalienMaximale Bestellmenge: 15 St\xc3\xbcckF\xc3\xbcr die vorstehenden Angaben wird keine Haftung \xc3\xbcbernommen. Bitte pr\xc3\xbcfen Sie im Einzelfall die Angaben auf der jeweiligen Produktverpackung, nur diese sind verbindlich.Das Produktdesign kann von der Abbildung abweichen.'",Im Franzosengewann 3,Rewe,Kochen & Backen,2023-07-09,"Gültig ab morgen bis Samstag, 15.07.2023"
REWE Beste Wahl Italienisches Natives Olivenöl Extra,https://img.rewe-static.de/REWE28_2023/8425181/31525366-13_digital-image.png?impolicy=s-offers&imwidth=200&output-format=image/webp,,https://shop.rewe.de/productList?search=2832136,,"je 500-ml-Fl , (1 l = 9.98)",Aktion,"4,99 €","b'ProduktbeschreibungArtikelnummer 8425181Zutaten & AllergeneZutaten: keineN\xc3\xa4hrwerteDurchschnittliche N\xc3\xa4hrwertepro 100 mlEnergie3.378 kJEnergie822 kcalFett91,3 gFett, davon ges\xc3\xa4ttigte Fetts\xc3\xa4uren12 gKohlenhydrate0 gKohlenhydrate, davon Zucker0 gEiwei\xc3\x9f0 gSalz0 gHinweiseAufbewahrungshinweise: Bei Lagerung unter 6 \xc2\xb0C kann sich eine Eintr\xc3\xbcbung bzw. Flockenbildung ergeben. Das ist ein normaler Vorgang und das \xc3\x96l wird bei Raumtemperatur und durch Sch\xc3\xbctteln wieder klar. K\xc3\xbchl und lichtgesch\xc3\xbctzt aufbewahren.ArtikeldetailsMarke: REWE Beste WahlUrsprungsland: ItalienKontaktKontaktname: BLM Prod.- und Vertriebsges. mbH & Co. KKontaktadresse: G; Neue Str. 21, 21244 Buchholz, DeutschlandMaximale Bestellmenge: 15 St\xc3\xbcckF\xc3\xbcr die vorstehenden Angaben wird keine Haftung \xc3\xbcbernommen. Bitte pr\xc3\xbcfen Sie im Einzelfall die Angaben auf der jeweiligen Produktverpackung, nur diese sind verbindlich.Das Produktdesign kann von der Abbildung abweichen.'",Im Franzosengewann 3,Rewe,Kochen & Backen,2023-07-09,"Gültig ab morgen bis Samstag, 15.07.2023"
Develey Feinkost Sauce,https://img.rewe-static.de/REWE28_2023/2103004/21963541-38_digital-image.png?impolicy=s-offers&imwidth=200&output-format=image/webp,,https://shop.rewe.de/productList?search=2832136,,"versch. Sorten , je 250-ml-Fl , (1 l = 5.16)",Aktion,"1,29 €","b'ProduktbeschreibungArtikelnummer 2103004Zutaten & AllergeneZutaten: Glucose-Fructose-Sirup, Fruchtmark (Aprikose, Pfirsich), Trinkwasser, Zucker, Branntweinessig, modifizierte Maisst\xc3\xa4rke, SOJASAUCE (Wasser, SOJABOHNEN, WEIZEN, Salz), Salz, Raps\xc3\xb6l, Ananassaftkonzentrat, Verdickungsmittel (Xanthan), Gew\xc3\xbcrze (mit SELLERIE), nat\xc3\xbcrliches Aroma.Allergenhinweise: Enth\xc3\xa4lt: Weizen und Weizenerzeugnisse (glutenhaltiges Getreide). Glutenhaltiges Getreide und glutenhaltige Getreideerzeugnisse. Soja und Sojaerzeugnisse. Sellerie und Sellerieerzeugnisse.N\xc3\xa4hrwerteDurchschnittliche N\xc3\xa4hrwerteUnzubereitet pro 100 mlEnergie864 kJEnergie204 kcalFett1,3 gFett, davon ges\xc3\xa4ttigte Fetts\xc3\xa4uren0,1 gKohlenhydrate45,9 gKohlenhydrate, davon Zucker40,5 gBallaststoffe0,8 gEiwei\xc3\x9f0,6 gSalz1,7 gArtikeldetailsMarke: DeveleyUrsprungsland: DeutschlandKontaktKontaktname: Develey Senf & Feinkost GmbHKontaktadresse: D-82001 Unterhaching/M\xc3\xbcnchenF\xc3\xbcr die vorstehenden Angaben wird keine Haftung \xc3\xbcbernommen. Bitte pr\xc3\xbcfen Sie im Einzelfall die Angaben auf der jeweiligen Produktverpackung, nur diese sind verbindlich.Das Produktdesign kann von der Abbildung abweichen.'",Im Franzosengewann 3,Rewe,Kochen & Backen,2023-07-09,"Gültig ab morgen bis Samstag, 15.07.2023"
REWE Beste Wahl Risottoreis,https://img.rewe-static.de/REWE28_2023/1421084/24233250-25_digital-image.png?impolicy=s-offers&imwidth=200&output-format=image/webp,,https://shop.rewe.de/productList?search=2832136,,"je 500-g-Btl , (1 kg = 2.98)",Aktion,"1,49 €","b'ProduktbeschreibungArtikelnummer 1421084REWE Beste Wahl Risotto Reis ist ein ausgesuchter Langkornreis, der sich besonders gut f\xc3\xbcr Risottogerichte, Paellas und andere mediterrane Gerichte eignet.\n\nHergestellt f\xc3\xbcr: REWE Markt GmbH, D-50603 K\xc3\xb6ln. N\xc3\xa4hrwerteDurchschnittliche N\xc3\xa4hrwertepro 100 gEnergie1.405 kJEnergie331 kcalFett1,3 gFett, davon ges\xc3\xa4ttigte Fetts\xc3\xa4uren0,4 gKohlenhydrate72 gKohlenhydrate, davon Zucker0,3 gEiwei\xc3\x9f6,9 gSalz< 0 gHinweiseVerwendungshinweise: Trocken und k\xc3\xbchl lagern. Vor Licht sch\xc3\xbctzen.ArtikeldetailsMarke: REWE Beste WahlNettof\xc3\xbcllmenge: 0 GRKontaktKontaktname: Riso Scotti S.P.A.Kontaktadresse: via Angelo Scotti n. 2, 27100 PaviaMaximale Bestellmenge: 15 St\xc3\xbcckF\xc3\xbcr die vorstehenden Angaben wird keine Haftung \xc3\xbcbernommen. Bitte pr\xc3\xbcfen Sie im Einzelfall die Angaben auf der jeweiligen Produktverpackung, nur diese sind verbindlich.Das Produktdesign kann von der Abbildung abweichen.'",Im Franzosengewann 3,Rewe,Kochen & Backen,2023-07-09,"Gültig ab morgen bis Samstag, 15.07.2023"
REWE Beste Wahl Snack Tomaten,https://img.rewe-static.de/REWE28_2023/8353795/30453551-16_digital-image.png?impolicy=s-offers&imwidth=200&output-format=image/webp,,https://shop.rewe.de/productList?search=2832136,,"je 150-g-Pckg , (1 kg = 10.60)",Aktion,"1,59 €","b'ProduktbeschreibungArtikelnummer 8353795Zutaten & AllergeneZutaten: Halbgetrocknete Tomaten 96%, Meersalz 3%, S\xc3\xa4uerungsmittel (Citronens\xc3\xa4ure, Essigs\xc3\xa4ure). Zusatzstoffe: E 260, E 330N\xc3\xa4hrwerteDurchschnittliche N\xc3\xa4hrwertepro 100 gEnergie423 kJEnergie100 kcalFett0,8 gFett, davon ges\xc3\xa4ttigte Fetts\xc3\xa4uren0,3 gKohlenhydrate14,2 gKohlenhydrate, davon Zucker12,1 gEiwei\xc3\x9f6,2 gSalz3 gHinweiseAufbewahrungshinweise: Nach dem \xc3\x96ffnen k\xc3\xbchl und trocken lagern und innerhalb von 2 Wochen verzehren.Verwendungshinweise: Trocken lagern. Vor W\xc3\xa4rme sch\xc3\xbctzen.ArtikeldetailsMarke: REWE Beste WahlNettof\xc3\xbcllmenge: 150 GUrsprungsland: GriechenlandKontaktKontaktname: K. Iraklidis & S\xc3\xb6hne A.G.Kontaktadresse: Industriestr. 1, Korinos Pierias, 60062, GriechenlandMaximale Bestellmenge: 15 St\xc3\xbcckF\xc3\xbcr die vorstehenden Angaben wird keine Haftung \xc3\xbcbernommen. Bitte pr\xc3\xbcfen Sie im Einzelfall die Angaben auf der jeweiligen Produktverpackung, nur diese sind verbindlich.Das Produktdesign kann von der Abbildung abweichen.'",Im Franzosengewann 3,Rewe,Kochen & Backen,2023-07-09,"Gültig ab morgen bis Samstag, 15.07.2023"
REWE Beste Wahl Geschälte Tomaten,https://img.rewe-static.de/REWE28_2023/1044599/22190183-28_digital-image.png?impolicy=s-offers&imwidth=200&output-format=image/webp,,https://shop.rewe.de/productList?search=2832136,,"in Tomatensaft , je 400-g-Dose , (1 kg = 3.29) , 240-g-Abtropfgew.",Aktion,"0,79 €","b'ProduktbeschreibungArtikelnummer 1044599Hergestellt f\xc3\xbcr: REWE Markt GmbH, D-50603 K\xc3\xb6ln. Zutaten & AllergeneZutaten: Tomaten, Tomatensaft.  N\xc3\xa4hrwerteDurchschnittliche N\xc3\xa4hrwertepro 100 gEnergie95 kJEnergie22 kcalFett0,1 gFett, davon ges\xc3\xa4ttigte Fetts\xc3\xa4uren< 0,1 gKohlenhydrate3,4 gKohlenhydrate, davon Zucker3,4 gEiwei\xc3\x9f1,2 gSalz0,1 gHinweiseAufbewahrungshinweise: Nach dem \xc3\x96ffnen in einen nicht-metallischen Beh\xc3\xa4lter umf\xc3\xbcllen, gek\xc3\xbchlt lagern und innerhalb weniger Tage verzehren.Verwendungshinweise: Trocken lagern, bei RaumtemperaturArtikeldetailsMarke: REWE Beste WahlNettof\xc3\xbcllmenge: 400 GUrsprungsland: ItalienAbtropfgewicht: 240 gKontaktKontaktname: LA FORMICA s.r.l.Kontaktadresse: Via Orta Longa trav. sa R. Lancia55, Scafati, 84018, ItalienMaximale Bestellmenge: 15 St\xc3\xbcckF\xc3\xbcr die vorstehenden Angaben wird keine Haftung \xc3\xbcbernommen. Bitte pr\xc3\xbcfen Sie im Einzelfall die Angaben auf der jeweiligen Produktverpackung, nur diese sind verbindlich.Das Produktdesign kann von der Abbildung abweichen.'",Im Franzosengewann 3,Rewe,Kochen & Backen,2023-07-09,"Gültig ab morgen bis Samstag, 15.07.2023"
Ben’s Original Express Reis,https://img.rewe-static.de/REWE28_2023/8922362/38852794-8_digital-image.png?impolicy=s-offers&imwidth=200&output-format=image/webp,,https://shop.rewe.de/productList?search=2832136,,"versch. Sorten , je 220-g-Pckg , (1 kg = 5.41)",Knaller,"1,19 €","b""ProduktbeschreibungArtikelnummer 8922362Schonend dampfgegarter Spitzen-Langkornreis mit Tomaten und Kr\xc3\xa4utern im 220g Beutel f\xc3\xbcr 1 bis 2 Personen. BEN'S ORIGINAL\xe2\x84\xa2 Reis kann im Frischebeutel, ohne weiteres Gef\xc3\xa4\xc3\x9f, einfach und bequem in 2 Minuten in der Mikrowelle erhitzt werden.Zutaten & AllergeneZutaten: dampfgegarter, parboiled Langkornreis (86%), doppelt konzentriertes Tomatenmark (5.9%), Sonnenblumen\xc3\xb6l, Tomatenpulver (2.5%), Basilikum, nat\xc3\xbcrliches Aroma, Salz, Zucker, Hefeextrakt, Zwiebelpulver, Kr\xc3\xa4uter, S\xc3\xa4uerungsmittel (Citronens\xc3\xa4ure), Knoblauchpulver, Gew\xc3\xbcrze.Allergenhinweise: Enth\xc3\xa4lt: Keine deklarationspflichtigen Allergene enthalten.N\xc3\xa4hrwerteDurchschnittliche N\xc3\xa4hrwerteUnzubereitet pro 100 gEnergie713 kJEnergie169 kcalFett3,3 gFett, davon ges\xc3\xa4ttigte Fetts\xc3\xa4uren0,2 gKohlenhydrate30 gKohlenhydrate, davon Zucker2,5 gBallaststoffe1,4 gEiwei\xc3\x9f3,8 gSalz0,55 gHinweiseAufbewahrungs- und Verwendungshinweis: Trocken und bei Zimmertemperatur lagern. Ge\xc3\xb6ffnet 3 Tage im K\xc3\xbchlschrank haltbar.Information: Unter Schutzatmosph\xc3\xa4re verpackt.ArtikeldetailsMarke: Ben's OriginalUrsprungsland: GrossbritannienKontaktKontaktname: Mars GmbHKontaktadresse: Postfach 1280, 27281 Verden (Aller)Maximale Bestellmenge: 15 St\xc3\xbcckF\xc3\xbcr die vorstehenden Angaben wird keine Haftung \xc3\xbcbernommen. Bitte pr\xc3\xbcfen Sie im Einzelfall die Angaben auf der jeweiligen Produktverpackung, nur diese sind verbindlich.Das Produktdesign kann von der Abbildung abweichen.""",Im Franzosengewann 3,Rewe,Kochen & Backen,2023-07-09,"Gültig ab morgen bis Samstag, 15.07.2023"
Barilla Pasta,https://img.rewe-static.de/REWE28_2023/6653839/20768970-25_digital-image.png?impolicy=s-offers&imwidth=200&output-format=image/webp,,https://shop.rewe.de/productList?search=2832136,,"versch. Ausformungen , je 500-g-Pckg , (1 kg = 1.90)",Knaller,"0,95 €","b'ProduktbeschreibungArtikelnummer 6653839Fusilli erschienen in ihrer heutigen Form zuerst in S\xc3\xbcditalien und sind urspr\xc3\xbcnglich der Idee entsprungen, Spaghetti auf einer Stricknadel aufzuwickeln. Erst sp\xc3\xa4ter, bedingt durch die unterschiedlichen geschmacklichen Gewohnheiten in den verschiedenen italienischen Regionen, entstanden Fusilli als eigenst\xc3\xa4ndige Sorte. Im Rahmen des Sortiments von Barilla - Italiens beliebtester Pasta - wurde die Pastasorte Fusilli neu interpretiert und erhielt ihre charakteristische Spiralform, die f\xc3\xbcr die Tradition von Mittel- und Norditalien typisch ist.... mehr anzeigenZutaten & AllergeneZutaten: HARTWEIZENGRIESS, Wasser. Kann Spuren von Sojabohnen enthalten.Allergenhinweise: Enth\xc3\xa4lt: Weizen und Weizenerzeugnisse (glutenhaltiges Getreide). Glutenhaltiges Getreide und glutenhaltige Getreideerzeugnisse. Kann enthalten: Soja und Sojaerzeugnisse.N\xc3\xa4hrwerteDurchschnittliche N\xc3\xa4hrwerteUnzubereitet pro 100 gEnergie1.521 kJEnergie359 kcalFett2 gFett, davon ges\xc3\xa4ttigte Fetts\xc3\xa4uren0,5 gKohlenhydrate71,2 gKohlenhydrate, davon Zucker3,5 gBallaststoffe3 gEiwei\xc3\x9f12,5 gSalz0,013 gHinweiseAufbewahrungs- und Verwendungshinweis: Trocken und vor W\xc3\xa4rme gesch\xc3\xbctzt lagern.ArtikeldetailsMarke: BarillaUrsprungsland: ItalienKontaktKontaktname: Barilla G. e R. Fratelli - Societ\xc3\xa0 per AzioniKontaktadresse: Via Mantova 166, Parma - ItalyF\xc3\xbcr die vorstehenden Angaben wird keine Haftung \xc3\xbcbernommen. Bitte pr\xc3\xbcfen Sie im Einzelfall die Angaben auf der jeweiligen Produktverpackung, nur diese sind verbindlich.Das Produktdesign kann von der Abbildung abweichen.'",Im Franzosengewann 3,Rewe,Kochen & Backen,2023-07-09,"Gültig ab morgen bis Samstag, 15.07.2023"
Knorr Salat Krönung,https://img.rewe-static.de/REWE28_2023/7177137/27325102-22_digital-image.png?impolicy=s-offers&imwidth=200&output-format=image/webp,,https://shop.rewe.de/productList?search=2832136,,"versch. Sorten , je 5er-Pckg",Aktion,"0,69 €","b""ProduktbeschreibungArtikelnummer 7177137- Mit Knorr Salatkr\xc3\xb6nung Vinaigrette Dill-Kr\xc3\xa4uter einfach und schnell ein leckeres Salatdressing zaubern \n - Mit Kr\xc3\xa4utern aus nachhaltigem Anbau \n - Raffinierter und fein abgestimmmter Dill-Geschmack \n - Ohne Farbstoffe und geschmacksverst\xc3\xa4rkende Zusatzstoffe \n - Einfache Zubereitung: Etwas Wasser und \xc3\x96l mit Knorr Salatkr\xc3\xb6nung verr\xc3\xbchren, fertig! \n - Gelingt im Handumdrehen Knorr Salatkr\xc3\xb6nung Dill-Kr\xc3\xa4uter ist f\xc3\xbcr alle Fans des w\xc3\xbcrzigen Dill-Geschmacks die richtige Wahl. Die Mischung aus Dill und aromatischen Gew\xc3\xbcrzen eignet sich besonders gut f\xc3\xbcr jede Art von Gurkensalat. \n\nZubereitung \xe2\x80\x93 so einfach geht's: 3 EL Wasser und 3 EL Oliven\xc3\xb6l mit Knorr Salatkr\xc3\xb6nung verr\xc3\xbchren. Das Salatdressing zum Lieblingssalat geben. Fertig!\n\nMit den vielen Variationen der Knorr Salatkr\xc3\xb6nung das perfekte Zusammenspiel von Kr\xc3\xa4utern erleben. Die w\xc3\xbcrzigen Gartenkr\xc3\xa4uter verleihen Salaten mit wenigen Handgriffen einen feinen, aromatischen Geschmack. Knorr Salatdressings und Vinaigrettes bereitet man ganz einfach zu: Entweder selbst anr\xc3\xbchren oder \xe2\x80\x93 f\xc3\xbcr einen noch schnelleren Salatgenuss \xe2\x80\x93 zu servierfertigen Salatkr\xc3\xb6nungen in der Flasche greifen. Anschlie\xc3\x9fend nur noch das Dressing zum Lieblingssalat geben \xe2\x80\x93 und die Salatkr\xc3\xb6nung genie\xc3\x9fen!\n\nSind schon die vielen weiteren Produkte von Knorr bekannt? Dank der Fix-Produkte, So\xc3\x9fen, Fertiggerichten, Suppen, Salatdressings, Br\xc3\xbchen und Bouillons gelingt jedes Gericht garantiert mit wenigen Handgriffen. Schnell und einfach erhalten so authentische Mahlzeiten ihren typischen Geschmack \xe2\x80\x93 egal, ob abwechslungsreiche vegetarische oder vegane K\xc3\xbcche, herzhafte Fleischgerichte oder leckere Gem\xc3\xbcsevariationen. Dabei ist es die Komposition ausgew\xc3\xa4hlter hochwertiger Zutaten, die jedes Knorr Produkt besonders macht. Knorr verarbeitet nur sorgf\xc3\xa4ltig schonend getrocknete Zutaten, denn das Trocknen ist eine der \xc3\xa4ltesten Methoden, um Lebensmittel nat\xc3\xbcrlich haltbar zu machen. Da der Geschmack und die Hauptn\xc3\xa4hrstoffe der frischen Zutaten weitgehend erhalten bleiben, passen Lebensmittel aus getrockneten Zutaten perfekt in unseren stressigen Alltag. Essen mit Knorr ist unkompliziert und sorgt dar\xc3\xbcber hinaus f\xc3\xbcr ein gutes Gef\xc3\xbchl: 95 Prozent unserer Gem\xc3\xbcse und Kr\xc3\xa4uter stammen heute schon aus nachhaltigem Anbau. Denn wir bei Knorr glauben, dass die Verwendung nachhaltig angebauter und beschaffter Zutaten einen gro\xc3\x9fen Unterschied f\xc3\xbcr den Geschmack unserer Produkte, das Wohlbefinden der Landwirte und die Zukunft des Planeten macht. Knorr. Gutes, einfach lecker!\n\n*Nat\xc3\xbcrliche Zutaten sind mit einem Sternchen in der Zutatenliste gekennzeichnetZutaten & AllergeneZutaten: Zucker\xc2\xb9, jodiertes Speisesalz, St\xc3\xa4rke\xc2\xb9, 8,3% Kr\xc3\xa4uter (5% Dill\xc2\xb9\xc2\xb2, Petersilie\xc2\xb9\xc2\xb2, Schnittlauch\xc2\xb9\xc2\xb2), S\xc3\xa4ureregulator Natriumdiacetat3, S\xc3\xa4uerungsmittel Citronens\xc3\xa4ure, Zitrusfaser\xc2\xb9, MILCHZUCKER, Maiskeim\xc3\xb6l\xc2\xb9, 1,6% gemahlene SENFK\xc3\x96RNER\xc2\xb9, 0,9% Zwiebeln, Pfeffer\xc2\xb9, Zitronensaftpulver\xc2\xb9, Speisesalz, Aromen. Kann Ei, Sellerie, Soja, glutenhaltige Getreide enthalten. \xc2\xb9Nat\xc3\xbcrliche Zutaten sind mit einem Sternchen gekennzeichnet. \xc2\xb2aus nachhaltigem Anbau. 3Salz der Essigs\xc3\xa4ure.Allergenhinweise: Enth\xc3\xa4lt: Milchzucker (Laktose).N\xc3\xa4hrwerteDurchschnittliche N\xc3\xa4hrwerteZubereitet pro 100 mlEnergie1.775 kJEnergie424 kcalFett45 gFett, davon ges\xc3\xa4ttigte Fetts\xc3\xa4uren4,1 gKohlenhydrate4,9 gKohlenhydrate, davon Zucker3,7 gBallaststoffe0,7 gEiwei\xc3\x9f< 0,5 gSalz2,1 gArtikeldetailsMarke: KnorrUrsprungsland: DeutschlandKontaktKontaktname: Unilever DeutschlandKontaktadresse: Postfach 570 550, 22774 HamburgMaximale Bestellmenge: 15 St\xc3\xbcckF\xc3\xbcr die vorstehenden Angaben wird keine Haftung \xc3\xbcbernommen. Bitte pr\xc3\xbcfen Sie im Einzelfall die Angaben auf der jeweiligen Produktverpackung, nur diese sind verbindlich.Das Produktdesign kann von der Abbildung abweichen.""",Im Franzosengewann 3,Rewe,Kochen & Backen,2023-07-09,"Gültig ab morgen bis Samstag, 15.07.2023"
Knorr Feinschmecker Suppe,https://img.rewe-static.de/REWE28_2023/8184772/28407667-16_digital-image.png?impolicy=s-offers&imwidth=200&output-format=image/webp,,https://shop.rewe.de/productList?search=2832136,,"versch. Sorten, ausreichend für 500 ml , je Btl",Aktion,"0,79 €","b'ProduktbeschreibungArtikelnummer 8184772- Knorr Feinschmecker Spargel Cremesuppe aus wei\xc3\x9fem Spargel - das schmeckt nach Fr\xc3\xbchling \n - Besonders cremig und mit vielen leckeren Spargelst\xc3\xbcckchen \n - Mit nachhaltig angebautem Spargel \n - Schnelle und einfache Zubereitung \n - Nat\xc3\xbcrlich ohne geschmacksverst\xc3\xa4rkende Zusatzstoffe, Konservierungsstoffe und Farbstoffe \n - Inhalt reicht f\xc3\xbcr 500 ml (2 Teller) Probieren Sie die Knorr Feinschmecker Spargel Cremesuppe: besonders cremige Spargelsuppe aus wei\xc3\x9fem Spargel - das schmeckt nach Fr\xc3\xbchling! Mit nachhaltig angebautem Spargel.\n\nZubereitung:\nBeutelinhalt mit einem Schneebesen in 0,5 l (500 ml) kochendes Wasser einr\xc3\xbchren. 5Minuten k\xc3\xb6cheln lassen. Ab und zu umr\xc3\xbchren.\n\nSuppen f\xc3\xbcr Feinschmecker: Die Knorr Feinschmecker Suppen bieten f\xc3\xbcr jeden Geschmack das passende Gericht und sind im Handumdrehen angerichtet. Sanft getrocknetes Gem\xc3\xbcse, Kr\xc3\xa4uter und Gew\xc3\xbcrze zeichnen die schnell zubereiteten Suppen aus. Die besonders cremigen Feinschmecker Suppen gelingen garantiert und begeistern die ganze Familie.\n\nKennen Sie schon die vielen weiteren Produkte von Knorr? Dank unserer Fix-Produkte, Br\xc3\xbchen, Saucen, Fertiggerichten, Suppen und Salatdressings gelingt jedes Gericht garantiert mit wenigen Handgriffen. Schnell und einfach erhalten so authentische Mahlzeiten ihren typischen Geschmack \xe2\x80\x93 egal, ob abwechslungsreiche vegetarische oder vegane K\xc3\xbcche, herzhafte Fleischgerichte oder leckere Gem\xc3\xbcsevariationen. Dabei ist es die Komposition ausgew\xc3\xa4hlter hochwertiger Zutaten, die jedes Knorr Produkt besonders macht. Knorr verarbeitet nur sorgf\xc3\xa4ltig schonend getrocknete Zutaten, denn das Trocknen ist eine der \xc3\xa4ltesten Methoden, um Lebensmittel nat\xc3\xbcrlich haltbar zu machen. Da der Geschmack und die N\xc3\xa4hrstoffe der frischen Zutaten weitgehend erhalten bleiben, passen Lebensmittel aus getrockneten Zutaten perfekt in unseren stressigen Alltag. Essen mit Knorr ist unkompliziert und sorgt dar\xc3\xbcber hinaus f\xc3\xbcr ein gutes Gef\xc3\xbchl: \xc3\x9cber 90 Prozent der Zutaten kommen heute schon aus nachhaltigem Anbau. Denn wir bei Knorr glauben, dass die Verwendung nachhaltig angebauter und beschaffter Zutaten einen gro\xc3\x9fen Unterschied f\xc3\xbcr den Geschmack unserer Produkte, das Wohlbefinden der Landwirte und die Zukunft des Planeten macht. Knorr \xe2\x80\x93 Geschmack mit gutem Gef\xc3\xbchl.Zutaten & AllergeneZutaten: Mehl (WEIZEN, Reis), Palm\xc3\xb6l, St\xc3\xa4rke, 10% wei\xc3\x9fer Spargel\xc2\xb2 (Pulver, St\xc3\xbccke), jodiertes Speisesalz, Hefeextrakt, Zucker, Speisesalz, Glukosesirup, MILCHEIWEISS, Zitronensaftpulver, Aromen, Kurkuma, Petersilienwurzel\xc2\xb2, Lorbeerbl\xc3\xa4tter. Kann Ei, Sellerie, Senf, Soja, andere glutenhaltige Getreide enthalten. \xc2\xb2 Aus nachhaltigem Anbau.Allergenhinweise: Enth\xc3\xa4lt: Weizen und Weizenerzeugnisse (glutenhaltiges Getreide).N\xc3\xa4hrwerteDurchschnittliche N\xc3\xa4hrwerteZubereitet pro 100 mlEnergie182 kJEnergie44 kcalFett2,2 gFett, davon ges\xc3\xa4ttigte Fetts\xc3\xa4uren1,4 gKohlenhydrate4,6 gKohlenhydrate, davon Zucker0,7 gBallaststoffe< 0,5 gEiwei\xc3\x9f1,1 gSalz0,81 gArtikeldetailsMarke: KnorrEigenschaften: VegetarischUrsprungsland: PolenKontaktKontaktname: Unilever DeutschlandKontaktadresse: Postfach 570 550, 22774 HamburgMaximale Bestellmenge: 15 St\xc3\xbcckF\xc3\xbcr die vorstehenden Angaben wird keine Haftung \xc3\xbcbernommen. Bitte pr\xc3\xbcfen Sie im Einzelfall die Angaben auf der jeweiligen Produktverpackung, nur diese sind verbindlich.Das Produktdesign kann von der Abbildung abweichen.'",Im Franzosengewann 3,Rewe,Kochen & Backen,2023-07-09,"Gültig ab morgen bis Samstag, 15.07.2023"
Barilla Pesto Basilico Vegan,https://img.rewe-static.de/REWE28_2023/3263361/26586190-10_digital-image.png?impolicy=s-offers&imwidth=200&output-format=image/webp,,https://shop.rewe.de/productList?search=2832136,,"je 195-g-Glas , (1 kg = 10.21)",Aktion,"1,99 €","b'ProduktbeschreibungArtikelnummer 3263361Zutaten & AllergeneZutaten: Basilikum 35,6%, pflanzliche \xc3\x96le (Olive, Sonnenblume), CASHEWKERNE, Glukosesirup, Wasser, modifizierte Maisst\xc3\xa4rke, Salz, nat\xc3\xbcrliche Aromen, natives Oliven\xc3\xb6l extra, Zucker, S\xc3\xa4ureregulator Milchs\xc3\xa4ure. Kann Spuren von anderen Schalenfr\xc3\xbcchten (Hartschalenobst) enthalten.Allergenhinweise: Enth\xc3\xa4lt: Kaschunuss und Kaschunusserzeugnisse. Kann enthalten: N\xc3\xbcsse und Nusserzeugnisse.N\xc3\xa4hrwerteDurchschnittliche N\xc3\xa4hrwerteUnzubereitet pro 100 gEnergie1.780 kJEnergie431 kcalFett41 gFett, davon ges\xc3\xa4ttigte Fetts\xc3\xa4uren5,5 gKohlenhydrate12 gKohlenhydrate, davon Zucker3,3 gBallaststoffe2 gEiwei\xc3\x9f2,5 gSalz3 gHinweiseAufbewahrungs- und Verwendungshinweis: Nach dem \xc3\x96ffnen gek\xc3\xbchlt 5 Tage haltbar.ArtikeldetailsMarke: BarillaEigenschaften: Vegan, Vegetarisch, LaktosefreiUrsprungsland: ItalienKontaktKontaktname: Barilla G. e R. Fratelli - Societ\xc3\xa0 per AzioniKontaktadresse: Via Mantova 166, Parma - ItalyMaximale Bestellmenge: 15 St\xc3\xbcckF\xc3\xbcr die vorstehenden Angaben wird keine Haftung \xc3\xbcbernommen. Bitte pr\xc3\xbcfen Sie im Einzelfall die Angaben auf der jeweiligen Produktverpackung, nur diese sind verbindlich.Das Produktdesign kann von der Abbildung abweichen.'",Im Franzosengewann 3,Rewe,Kochen & Backen,2023-07-09,"Gültig ab morgen bis Samstag, 15.07.2023"
Barilla Pesto alla Genovese,https://img.rewe-static.de/REWE28_2023/4840313/35802412-13_digital-image.png?impolicy=s-offers&imwidth=200&output-format=image/webp,,https://shop.rewe.de/productList?search=2832136,,"je 190-g-Glas , (1 kg = 10.47)",Aktion,"1,99 €","b'ProduktbeschreibungArtikelnummer 4840313Zutaten & AllergeneZutaten: pflanzliche \xc3\x96le (Olive, Sonnenblume), frisches Basilikum 30%, CASHEWKERNE, Parmigiano Reggiano g.U. K\xc3\xa4se 5% (MILCH), Maisfaser, Molkepulver (MILCH), Salz, MILCHeiweiss, natives Oliven\xc3\xb6l extra, Zucker, Basilikumextrakt, nat\xc3\xbcrliche Aromen (MILCH), S\xc3\xa4ureregulator: Milchs\xc3\xa4ure, Knoblauch. Kann Spuren von anderen Schalenfr\xc3\xbcchten (Hartschalenobst) enthalten.Allergenhinweise: Enth\xc3\xa4lt: Milch und Milcherzeugnisse (einschlie\xc3\x9flich Lactose). N\xc3\xbcsse und Nusserzeugnisse. Kaschunuss und Kaschunusserzeugnisse.N\xc3\xa4hrwerteDurchschnittliche N\xc3\xa4hrwerteUnzubereitet pro 100 gEnergie1.989 kJEnergie482 kcalFett46 gFett, davon ges\xc3\xa4ttigte Fetts\xc3\xa4uren7,1 gKohlenhydrate9,8 gKohlenhydrate, davon Zucker5,5 gBallaststoffe5 gEiwei\xc3\x9f4,7 gSalz3,25 gHinweiseAufbewahrungs- und Verwendungshinweis: Nach dem \xc3\x96ffnen gek\xc3\xbchlt 5 Tage haltbar.ArtikeldetailsMarke: BarillaUrsprungsland: ItalienKontaktKontaktname: Barilla G. e R. Fratelli S.p.A.Kontaktadresse: Via Mantova 166, Parma - ItalyMaximale Bestellmenge: 15 St\xc3\xbcckF\xc3\xbcr die vorstehenden Angaben wird keine Haftung \xc3\xbcbernommen. Bitte pr\xc3\xbcfen Sie im Einzelfall die Angaben auf der jeweiligen Produktverpackung, nur diese sind verbindlich.Das Produktdesign kann von der Abbildung abweichen.'",Im Franzosengewann 3,Rewe,Kochen & Backen,2023-07-09,"Gültig ab morgen bis Samstag, 15.07.2023"
Knorr Feinschmecker 3 Pfeffer Sauce,https://img.rewe-static.de/REWE28_2023/3665399/1159810-80_digital-image.png?impolicy=s-offers&imwidth=200&output-format=image/webp,,https://shop.rewe.de/productList?search=2832136,,"je 40-g-Btl , (1 kg = 17.25)",Aktion,"0,69 €","b'ProduktbeschreibungArtikelnummer 3665399- wunderbar cremig mit feiner Pfeffernote \n - mit gr\xc3\xbcnen, schwarzen und wei\xc3\x9fen Pfefferk\xc3\xb6rnern \n - nat\xc3\xbcrlich ohne geschmacksverst\xc3\xa4rkende Zusatzstoffe und Farbstoffe \n - ohne Konservierungsstoffe (lt. Gesetz) \n - schnelle und einfache Zubereitung Knorr Feinschmecker 3 Pfeffer Sauce ist eine fein abgestimmte Saucenkomposition mit einem angenehm w\xc3\xbcrzigen Geschmack und gr\xc3\xbcnem, schwarzen und rosa Pfeffer. Diese w\xc3\xbcrzige Pfeffersauce passt ideal zu allem Kurzgebratenem und auch perfekt z.B. zu Gerichten mit Pilzen und Blumenkohl. Die Sauce ist nat\xc3\xbcrlich ohne geschmacksverst\xc3\xa4rkende Zusatzstoffe, ohne Farbstoffe und ohne Konservierungsstoffe lt. Gesetz. \n\nKnorr Feinschmecker 3 Pfeffer Sauce:\n1) Beutelinhalt mit dem Schneebesen in 250 ml kaltes Wasser einr\xc3\xbchren. Unter R\xc3\xbchren aufkochen.\n2) Bei schwacher Hitze 1 Minute kochen. Gelegentlich umr\xc3\xbchren.\nMit Sahne verfeinern f\xc3\xbcr einen noch cremigeren Geschmack - Genuss pur!\n\nSaucen f\xc3\xbcr Feinschmecker: Die Knorr Feinschmecker Saucen bieten f\xc3\xbcr jeden Geschmack die passende Variante: Sauce Hollandaise zu Spargel oder Gem\xc3\xbcse, Bratensauce f\xc3\xbcr Bratengerichte, 3 Pfeffer Sauce zu Steak und Kurzgebratenem, Pfefferso\xc3\x9fe oder Dillsauce f\xc3\xbcr Fischgerichte. Im Handumdrehen zubereitet verfeinern die Saucen jedes Gericht und begeistern somit die ganze Familie.\n\nSind schon die vielen weiteren Produkte von Knorr bekannt? Dank der Fix-Produkte, So\xc3\x9fen, Fertiggerichten, Suppen, Salatdressings, Br\xc3\xbchen und Bouillons gelingt jedes Gericht garantiert mit wenigen Handgriffen. Schnell und einfach erhalten so authentische Mahlzeiten ihren typischen Geschmack \xe2\x80\x93 egal, ob abwechslungsreiche vegetarische oder vegane K\xc3\xbcche, herzhafte Fleischgerichte oder leckere Gem\xc3\xbcsevariationen. Dabei ist es die Komposition ausgew\xc3\xa4hlter hochwertiger Zutaten, die jedes Knorr Produkt besonders macht. Knorr verarbeitet nur sorgf\xc3\xa4ltig schonend getrocknete Zutaten, denn das Trocknen ist eine der \xc3\xa4ltesten Methoden, um Lebensmittel nat\xc3\xbcrlich haltbar zu machen. Da der Geschmack und die Hauptn\xc3\xa4hrstoffe der frischen Zutaten weitgehend erhalten bleiben, passen Lebensmittel aus getrockneten Zutaten perfekt in unseren stressigen Alltag. Essen mit Knorr ist unkompliziert und sorgt dar\xc3\xbcber hinaus f\xc3\xbcr ein gutes Gef\xc3\xbchl: 95 Prozent unserer Gem\xc3\xbcse und Kr\xc3\xa4uter stammen heute schon aus nachhaltigem Anbau. Denn wir bei Knorr glauben, dass die Verwendung nachhaltig angebauter und beschaffter Zutaten einen gro\xc3\x9fen Unterschied f\xc3\xbcr den Geschmack unserer Produkte, das Wohlbefinden der Landwirte und die Zukunft des Planeten macht. Knorr. Gutes, nat\xc3\xbcrlich lecker.Zutaten & AllergeneZutaten: Palm\xc3\xb6l, St\xc3\xa4rke, WEIZENMEHL, Maltodextrin, Aromen, Glukosesirup, jodiertes Speisesalz, 3% Pfeffermischung (gr\xc3\xbcner Pfeffer, schwarzer Pfeffer, rosa Pfeffer) Kochsalzersatz3, MILCHEIWEISS, Zucker, Karamellzuckersirup, W\xc3\xbcrze, Hefeextrakt, Speisesalz, Schnittlauch2. Kann Sellerie, Ei, Senf, andere glutenhaltige Getreide, Soja enthalten. 2aus nachhaltigem Anbau. 3gewonnen aus nat\xc3\xbcrlichen Kaliummineralien.Allergenhinweise: Enth\xc3\xa4lt: Weizen und Weizenerzeugnisse (glutenhaltiges Getreide).N\xc3\xa4hrwerteDurchschnittliche N\xc3\xa4hrwerteZubereitet pro 100 mlEnergie325 kJEnergie78 kcalFett4,5 gFett, davon ges\xc3\xa4ttigte Fetts\xc3\xa4uren2,8 gKohlenhydrate8,3 gKohlenhydrate, davon Zucker0,6 gBallaststoffe< 0,5 gEiwei\xc3\x9f0,9 gSalz0,99 gArtikeldetailsMarke: KnorrUrsprungsland: DeutschlandKontaktKontaktname: Unilever DeutschlandKontaktadresse: Postfach 570 550, 22774 HamburgMaximale Bestellmenge: 15 St\xc3\xbcckF\xc3\xbcr die vorstehenden Angaben wird keine Haftung \xc3\xbcbernommen. Bitte pr\xc3\xbcfen Sie im Einzelfall die Angaben auf der jeweiligen Produktverpackung, nur diese sind verbindlich.Das Produktdesign kann von der Abbildung abweichen.'",Im Franzosengewann 3,Rewe,Kochen & Backen,2023-07-09,"Gültig ab morgen bis Samstag, 15.07.2023"
Knorr Feinschmecker Sauce Hollandaise Klassisch,https://img.rewe-static.de/REWE28_2023/4615263/14092570-53_digital-image.png?impolicy=s-offers&imwidth=200&output-format=image/webp,,https://shop.rewe.de/productList?search=2832136,,"je 35-g-Btl , (1 kg = 19.71)",Aktion,"0,69 €","b'ProduktbeschreibungArtikelnummer 4615263- wird mit feiner Butter zum besonderen Genuss f\xc3\xbcr jeden Feinschmecker \n - klassische Saucen-Rezeptur \n - nat\xc3\xbcrlich ohne geschmacksverst\xc3\xa4rkende Zusatzstoffe und Farbstoffe \n - ohne Konservierungsstoffe (lt. Gesetz) \n - schnelle und einfache Zubereitung Mit der Knorr Feinschmecker Sauce Hollandaise klassisch wird das Spargelessen zum unvergesslichen Erlebnis. Der beliebte Klassiker zur Spargelsaison ist ein zart-cremiger Saucengenuss mit feinem Geschmack und passt neben Spargel hervorragend zu Brokkoli und Fisch. Durch die Zugabe von Butter wird die helle Sauce zu einem besonderen Genuss f\xc3\xbcr jeden Feinschmecker. Die So\xc3\x9fe ist vegetarisch und nat\xc3\xbcrlich ohne geschmacksverst\xc3\xa4rkende Zusatzstoffe und ohne Farbstoffe.\n\nZubereitung:\n1) Beutelinhalt mit dem Schneebesen in 125 ml kaltes Wasser einr\xc3\xbchren. Unter R\xc3\xbchren aufkochen.\n2) Bei schwacher Hitze 125 g gew\xc3\xbcrfelte Butter darunter schlagen, bis sie geschmolzen ist.\nMit Sahne verfeinern f\xc3\xbcr einen noch cremigeren Geschmack - Genuss pur!\n\nSaucen f\xc3\xbcr Feinschmecker: Die Knorr Feinschmecker Saucen bieten f\xc3\xbcr jeden Geschmack die passende Variante: Sauce Hollandaise zu Spargel oder Gem\xc3\xbcse, Pfeffersauce zu Steak und Kurzgebratenem oder Dillsauce f\xc3\xbcr Fischgerichte. Im Handumdrehen zubereitet verfeinern die Saucen jedes Gericht und begeistern somit die ganze Familie. Mmmhh, lecker!\n\nSind schon die vielen weiteren Produkte von Knorr bekannt? Dank der Fix-Produkte, Saucen, Fertiggerichte, Suppen, Salatdressings, Br\xc3\xbchen und Bouillons gelingt jedes Gericht garantiert mit wenigen Handgriffen. Schnell und einfach erhalten authentische Mahlzeiten so ihren typischen Geschmack \xe2\x80\x93 egal, ob abwechslungsreiche vegetarische oder vegane K\xc3\xbcche, herzhafte Fleischgerichte oder leckere Gem\xc3\xbcsevariationen. Dabei ist es die Komposition ausgew\xc3\xa4hlter hochwertiger Zutaten, die jedes Knorr Produkt besonders macht. Knorr verarbeitet nur sorgf\xc3\xa4ltig schonend getrocknete Zutaten, denn das Trocknen ist eine der \xc3\xa4ltesten Methoden, um Lebensmittel nat\xc3\xbcrlich haltbar zu machen. Da der Geschmack und die Hauptn\xc3\xa4hrstoffe der frischen Zutaten weitgehend erhalten bleiben, passen Lebensmittel aus getrockneten Zutaten perfekt in unseren stressigen Alltag. Essen mit Knorr ist unkompliziert und sorgt dar\xc3\xbcber hinaus f\xc3\xbcr ein gutes Gef\xc3\xbchl: 95 Prozent unserer Gem\xc3\xbcse und Kr\xc3\xa4uter stammen heute schon aus nachhaltigem Anbau. Denn wir bei Knorr glauben, dass die Verwendung nachhaltig angebauter und beschaffter Zutaten einen gro\xc3\x9fen Unterschied f\xc3\xbcr den Geschmack unserer Produkte, das Wohlbefinden der Landwirte und die Zukunft des Planeten macht. \nKnorr. Gutes, einfach lecker.Zutaten & AllergeneZutaten: St\xc3\xa4rke, Palm\xc3\xb6l, Maltodextrin, 12% EIGELBPULVER, jodiertes Speisesalz, MILCHEIWEISS, Hefeextrakt, Glukosesirup, Zucker, Zitronensaftpulver, MILCHZUCKER, WEIZENMEHL, Kochsalzersatz\xc2\xb2, Speisesalz, Wei\xc3\x9fweinextrakt, nat\xc3\xbcrliches Aroma, Kurkuma. Kann Sellerie, Senf, andere glutenhaltige Getreide, Soja enthalten. \xc2\xb2gewonnen aus nat\xc3\xbcrlichen Kaliummineralien.Allergenhinweise: Enth\xc3\xa4lt: Milchzucker (Laktose). Weizen und Weizenerzeugnisse (glutenhaltiges Getreide).N\xc3\xa4hrwerteDurchschnittliche N\xc3\xa4hrwerteZubereitet pro 100 mlEnergie1.784 kJEnergie427 kcalFett44 gFett, davon ges\xc3\xa4ttigte Fetts\xc3\xa4uren28 gKohlenhydrate7 gKohlenhydrate, davon Zucker1,3 gBallaststoffe< 0,5 gEiwei\xc3\x9f1,6 gSalz0,95 gArtikeldetailsMarke: KnorrEigenschaften: VegetarischUrsprungsland: DeutschlandSorte: KlassischKontaktKontaktname: Unilever DeutschlandKontaktadresse: Postfach 570 550, 22774 HamburgMaximale Bestellmenge: 15 St\xc3\xbcckF\xc3\xbcr die vorstehenden Angaben wird keine Haftung \xc3\xbcbernommen. Bitte pr\xc3\xbcfen Sie im Einzelfall die Angaben auf der jeweiligen Produktverpackung, nur diese sind verbindlich.Das Produktdesign kann von der Abbildung abweichen.'",Im Franzosengewann 3,Rewe,Kochen & Backen,2023-07-09,"Gültig ab morgen bis Samstag, 15.07.2023"
Pfanni Kartoffel Püree,https://img.rewe-static.de/REWE28_2023/0184764/20324257-50_digital-image.png?impolicy=s-offers&imwidth=200&output-format=image/webp,,https://shop.rewe.de/productList?search=2832136,,"das Lockere , je 240-g-Pckg , (1 kg = 4.13)",Aktion,"0,99 €","b'ProduktbeschreibungArtikelnummer 184764- 3 x 3 Portionen Pfanni Kartoffelp\xc3\xbcree der Klassiker besonders locker im praktischen Portionsbeutel. \n - Besonders lockeres P\xc3\xbcree mit Vollmilch und Rama. \n - Schnelle und einfache Zubereitung. \n - Aus 100% deutschen, nachhaltig angebauten, Kartoffeln. \n - Ideal zu Fisch, Fleisch und Gem\xc3\xbcse. Ein P\xc3\xbcree, das auf der Zunge zergeht. So fein sind die Flocken, die f\xc3\xbcr dieses P\xc3\xbcree verwendet werden. Da ist schon die Zubereitung ein wahres Gedicht: Flocken in hei\xc3\x9fes Wasser rieseln lassen, Milch zugeben, umr\xc3\xbchren und ein St\xc3\xbcck Rama auf der cremig-lockeren Decke zerflie\xc3\x9fen lassen. Fast zu sch\xc3\xb6n, um wahr zu sein!\nDie Pfanni Kartoffelp\xc3\xbcrees gelingen immer ausgezeichnet und schmecken wie handgemacht. Dies liegt insbesondere an den deutschen Kartoffeln, die von unseren Vertragsbauern nachhaltig angebaut und schonend zu P\xc3\xbcree verarbeitet werden. Das ist Qualit\xc3\xa4t die man schmeckt!\nDas Kartoffelp\xc3\xbcree \xe2\x80\x9eDAS LOCKERE\xe2\x80\x9c zeichnet sich durch seine zarten Kartoffelflocken aus, die mit Hilfe von 150 ml Vollmilch und etwas Rama zu einem cremigen Kartoffelp\xc3\xbcree verschmelzen. Das lockere P\xc3\xbcree ist bei den Kleinen besonders beliebt, l\xc3\xa4sst aber auch die Gro\xc3\x9fen in Kindheitserinnerungen schwelgen. \nEinfache und schnelle Zubereitung: 1.Aufkochen: 350 ml Wasser mit einem halben Teel\xc3\xb6ffel Salz (2 g) und 10 g Rama aufkochen. 2. Abk\xc3\xbchlen: Topf vom Herd nehmen und 150 ml kalte Vollmilch dazugeben. 3.Anr\xc3\xbchren: Die P\xc3\xbcreeflocken mit einem Kochl\xc3\xb6ffel kurz einr\xc3\xbchren. 4.Anrichten: Das P\xc3\xbcree 1 \xe2\x80\x93 2 Minuten ruhen lassen und vor dem Servieren noch kurz umr\xc3\xbchren. Guten Appetit!\nUnser Beitrag f\xc3\xbcr Nachhaltigkeit: Pfanni Kartoffeln werden von unseren Vertragsbauern nachhaltig angebaut und f\xc3\xbcr den optimalen N\xc3\xa4hrstoffgehalt und Geschmack nur saisongerecht geerntet. 100% deutsche Kartoffeln aus nachhaltiger Landwirtschaft \xe2\x80\x93 f\xc3\xbcr den besonders leckeren Pfanni Geschmack.Zutaten & AllergeneZutaten: 99% Kartoffeln\xc2\xb2, Emulgator Mono- und Diglyceride von Speisefetts\xc3\xa4uren, Stabilisator Diphosphat, Aromen, Antioxidationsmittel NATRIUMMETABISULFIT. Kann Spuren von Milch enthalten. \xc2\xb2aus nachhaltigem AnbauN\xc3\xa4hrwerteDurchschnittliche N\xc3\xa4hrwerteZubereitet pro 100 gEnergie257 kJEnergie61 kcalFett1,2 gFett, davon ges\xc3\xa4ttigte Fetts\xc3\xa4uren0,6 gKohlenhydrate10 gKohlenhydrate, davon Zucker1,7 gBallaststoffe1,4 gEiwei\xc3\x9f2,1 gSalz0,4 gHinweiseAufbewahrungs- und Verwendungshinweis: Nach \xc3\x96ffnung ist der Packungsinhalt im wieder verschlossenen Beutel k\xc3\xbchl und trocken mindestens 3 Wochen haltbar.Information: Unter Schutzatmosph\xc3\xa4re verpackt.ArtikeldetailsMarke: PfanniUrsprungsland: DeutschlandKontaktKontaktname: Unilever DeutschlandKontaktadresse: Postfach 570 307, 22772 HamburgMaximale Bestellmenge: 15 St\xc3\xbcckF\xc3\xbcr die vorstehenden Angaben wird keine Haftung \xc3\xbcbernommen. Bitte pr\xc3\xbcfen Sie im Einzelfall die Angaben auf der jeweiligen Produktverpackung, nur diese sind verbindlich.Das Produktdesign kann von der Abbildung abweichen.'",Im Franzosengewann 3,Rewe,Kochen & Backen,2023-07-09,"Gültig ab morgen bis Samstag, 15.07.2023"
Pfanni Kartoffel Püree,https://img.rewe-static.de/REWE28_2023/8004013/1775000-84_digital-image.png?impolicy=s-offers&imwidth=200&output-format=image/webp,,https://shop.rewe.de/productList?search=2832136,,"das Komplette , je 283,5-g-Pckg , (1 kg = 3.49)",Aktion,"0,99 €","b'ProduktbeschreibungArtikelnummer 8004013- 3 x 3 Portionen Pfanni Kartoffelp\xc3\xbcree mit entrahmter Milch Komplett im praktischen Portionsbeutel. \n - Kartoffelp\xc3\xbcree mit entrahmter Milch einfach mit Wasser mischen \xe2\x80\x93 fertig ist der Genuss! \n - Schnelle und einfache Zubereitung. \n - Aus 100% deutschen, nachhaltig angebauten, Kartoffeln. \n - Ideal zu Fisch, Fleisch und Gem\xc3\xbcse. Das Kartoffel P\xc3\xbcree Das Komplette mit entrahmter Milch zeichnet sich durch seine schnelle Zubereitung aus. Einfach T\xc3\xbcte aufrei\xc3\x9fen und die feinen Kartoffelflocken in hei\xc3\x9fes Wasser einr\xc3\xbchren. Die Milch ist da schon drin \xe2\x80\x93 und der gute Geschmack sowieso. Das Kartoffelp\xc3\xbcree mit entrahmter Milch ist bei den Kleinen besonders beliebt, l\xc3\xa4sst aber auch die Gro\xc3\x9fen in Kindheitserinnerungen schwelgen. Denn wer mag den allseits beliebten Kartoffelbrei nicht? Es ist ein zeitloses Kartoffelgericht, das einfach jedem schmeckt \xe2\x80\x93 egal wann.                                                     \n\nDie Pfanni Kartoffelp\xc3\xbcrees gelingen immer ausgezeichnet und schmecken wie handgemacht. Dies liegt insbesondere daran, dass jede einzelne Kartoffel f\xc3\xbcr dieses Kartoffelp\xc3\xbcree aus Deutschland kommt und nachhaltig angebaut ist. Das ist Qualit\xc3\xa4t, die man schmeckt!  \n                                                                                                                                                                                                                                                                                                             \nBesonders genial ist die einfache und schnelle Zubereitung, mit der man in Windeseile ein leckeres Kartoffelp\xc3\xbcree zaubern kann: 1. Aufkochen: 400 ml Wasser aufkochen. 2. Abk\xc3\xbchlen: Den Topf vom Herd nehmen und 100 ml kaltes Wasser einr\xc3\xbchren. 3. Anr\xc3\xbchren: Die P\xc3\xbcreeflocken mit einem Kochl\xc3\xb6ffel einr\xc3\xbchren. 4. Anrichten: Nach 1 - 2 Minuten noch mal durchr\xc3\xbchren und servieren. Guten Appetit!\n                                                                                                                                                                                                                                                                                                  Unser Beitrag f\xc3\xbcr Nachhaltigkeit: Pfanni Kartoffeln werden von unseren Vertragsbauern nachhaltig angebaut und f\xc3\xbcr den optimalen N\xc3\xa4hrstoffgehalt und Geschmack nur saisongerecht geerntet. 100% deutsche Kartoffeln aus nachhaltiger Landwirtschaft \xe2\x80\x93 f\xc3\xbcr den besonders leckeren Pfanni Geschmack.Zutaten & AllergeneZutaten: 85% Kartoffeln\xc2\xb2, Palm\xc3\xb6l, 4,3% MAGERMILCHPULVER, Speisesalz, Glukosesirup, Emulgator Mono- und Diglyceride von Speisefetts\xc3\xa4uren, MILCHEIWEISS, Aromen. \xc2\xb2aus nachhaltigem AnbauN\xc3\xa4hrwerteDurchschnittliche N\xc3\xa4hrwerteZubereitet pro 100 gEnergie238 kJEnergie57 kcalFett1 gFett, davon ges\xc3\xa4ttigte Fetts\xc3\xa4uren0,6 gKohlenhydrate11 gKohlenhydrate, davon Zucker0,8 gBallaststoffe1,4 gEiwei\xc3\x9f1,5 gSalz0,53 gHinweiseAufbewahrungs- und Verwendungshinweis: Nach \xc3\x96ffnung ist der Packungsinhalt im wieder verschlossenen Beutel k\xc3\xbchl und trocken mindestens 3 Wochen haltbar.Information: Unter Schutzatmosph\xc3\xa4re verpackt.ArtikeldetailsMarke: PfanniEigenschaften: VegetarischUrsprungsland: DeutschlandKontaktKontaktname: Unilever DeutschlandKontaktadresse: Postfach 570 307, 22772 HamburgMaximale Bestellmenge: 15 St\xc3\xbcckF\xc3\xbcr die vorstehenden Angaben wird keine Haftung \xc3\xbcbernommen. Bitte pr\xc3\xbcfen Sie im Einzelfall die Angaben auf der jeweiligen Produktverpackung, nur diese sind verbindlich.Das Produktdesign kann von der Abbildung abweichen.'",Im Franzosengewann 3,Rewe,Kochen & Backen,2023-07-09,"Gültig ab morgen bis Samstag, 15.07.2023"
Knorr Tomaten Ketchup,https://img.rewe-static.de/REWE28_2023/2360602/23631618-17_digital-image.png?impolicy=s-offers&imwidth=200&output-format=image/webp,,https://shop.rewe.de/productList?search=2832136,,"je 430-ml-Fl , (1 l = 3.47)",Aktion,"1,49 €","b'ProduktbeschreibungArtikelnummer 2360602\xe2\x80\xa2 Knorr Tomaten Ketchup mit 100% nat\xc3\xbcrlichen Zutaten \n\xe2\x80\xa2 Ketchup aus nachhaltig angebauten Tomaten \n\xe2\x80\xa2 Ketchup ohne Konservierungsstoffe und ohne Geschmacksverst\xc3\xa4rker \n\xe2\x80\xa2 Das Knorr Tomaten Ketchup ist f\xc3\xbcr Veganer geeignet \n\xe2\x80\xa2 Tomaten-Ketchup ohne Farbstoffe (lt. Gesetz) \n\xe2\x80\xa2 Grillsauce in der praktischen 430 ml Squeeze-Flasche von Knorr f\xc3\xbcr besonders einfaches Dosieren Der Knorr Tomaten Ketchup mit 100% nat\xc3\xbcrlichen Zutaten erh\xc3\xa4lt seinen besonderen fruchtigen Geschmack von sonnengereiften Tomaten und schmeckt als Grillsauce einfach lecker zu Fleisch, W\xc3\xbcrstchen, Pommes Frites, Hotdogs, Reis-, Nudel- sowie Eiergerichten und ist auch f\xc3\xbcr die vegane oder vegetarische Ern\xc3\xa4hrung geeignet. In der praktischen Squeezer-Flasche l\xc3\xa4sst sich der Tomatenketchup auch besonders einfach dosieren und ist besonders lecker. \n\nDank unserer Fix-Produkte, Br\xc3\xbchen, So\xc3\x9fen, Fertiggerichten, Suppen und Salatdressings gelingt jedes Gericht garantiert mit wenigen Handgriffen. Schnell und einfach erhalten so authentische Mahlzeiten ihren typischen Geschmack \xe2\x80\x93 egal, ob abwechslungsreiche vegetarische oder vegane K\xc3\xbcche, herzhafte Fleischgerichte oder leckere Gem\xc3\xbcsevariationen. Dabei ist es die Komposition ausgew\xc3\xa4hlter hochwertiger Zutaten, die jedes Knorr Produkt besonders macht. \n\nKnorr verarbeitet nur sorgf\xc3\xa4ltig schonend getrocknete Zutaten, denn das Trocknen ist eine der \xc3\xa4ltesten Methoden, um Lebensmittel nat\xc3\xbcrlich haltbar zu machen. Da der Geschmack und die N\xc3\xa4hrstoffe der frischen Zutaten weitgehend erhalten bleiben, passen Lebensmittel aus getrockneten Zutaten perfekt in unseren stressigen Alltag. Essen mit Knorr ist unkompliziert und sorgt dar\xc3\xbcber hinaus f\xc3\xbcr ein gutes Gef\xc3\xbchl: \xc3\x9cber 90 Prozent der Zutaten kommen heute schon aus nachhaltigem Anbau. Denn wir bei Knorr glauben, dass die Verwendung nachhaltig angebauter und beschaffter Zutaten einen gro\xc3\x9fen Unterschied f\xc3\xbcr den Geschmack unserer Produkte, das Wohlbefinden der Landwirte und die Zukunft des Planeten macht. Knorr \xe2\x80\x93 Geschmack mit gutem Gef\xc3\xbchl.Zutaten & AllergeneZutaten: 72% Tomatenmark1, Zucker, Branntweinessig, Speisesalz, nat\xc3\xbcrliche Aromen. 1 aus nachhaltig angebauten TomatenN\xc3\xa4hrwerteDurchschnittliche N\xc3\xa4hrwerteUnzubereitet pro 100 mlEnergie399 kJEnergie94 kcalFett0,5 gFett, davon ges\xc3\xa4ttigte Fetts\xc3\xa4uren< 0,1 gKohlenhydrate21 gKohlenhydrate, davon Zucker20 gBallaststoffe0,7 gEiwei\xc3\x9f1,4 gSalz1,9 gHinweiseAufbewahrungs- und Verwendungshinweis: Nach dem \xc3\x96ffnen im K\xc3\xbchlschrank aufbewahren.ArtikeldetailsMarke: KnorrUrsprungsland: PolenSorte: Tomaten-KetchupKontaktKontaktname: Unilever DeutschlandKontaktadresse: Postfach 570 550, 22774 HamburgMaximale Bestellmenge: 15 St\xc3\xbcckF\xc3\xbcr die vorstehenden Angaben wird keine Haftung \xc3\xbcbernommen. Bitte pr\xc3\xbcfen Sie im Einzelfall die Angaben auf der jeweiligen Produktverpackung, nur diese sind verbindlich.Das Produktdesign kann von der Abbildung abweichen.'",Im Franzosengewann 3,Rewe,Kochen & Backen,2023-07-09,"Gültig ab morgen bis Samstag, 15.07.2023"
Barilla Collezione Farfalle,https://img.rewe-static.de/REWE28_2023/7905005/32879874-15_digital-image.png?impolicy=s-offers&imwidth=200&output-format=image/webp,,https://shop.rewe.de/productList?search=2832136,,"je 500-g-Pckg , (1 kg = 3.58)",Aktion,"1,79 €","b'ProduktbeschreibungArtikelnummer 7905005Zutaten & AllergeneZutaten: HARTWEIZENGRIESS, Wasser. Kann Spuren von Sojabohnen enthalten.Allergenhinweise: Enth\xc3\xa4lt: Weizen und Weizenerzeugnisse (glutenhaltiges Getreide). Glutenhaltiges Getreide und glutenhaltige Getreideerzeugnisse. Kann enthalten: Soja und Sojaerzeugnisse.N\xc3\xa4hrwerteDurchschnittliche N\xc3\xa4hrwerteUnzubereitet pro 100 gEnergie1.521 kJEnergie359 kcalFett2 gFett, davon ges\xc3\xa4ttigte Fetts\xc3\xa4uren0,5 gKohlenhydrate71,2 gKohlenhydrate, davon Zucker3,5 gBallaststoffe3 gEiwei\xc3\x9f12,5 gSalz0,013 gHinweiseAufbewahrungs- und Verwendungshinweis: Trocken, vor Licht und W\xc3\xa4rme gesch\xc3\xbctzt lagern.ArtikeldetailsMarke: BarillaUrsprungsland: ItalienKontaktKontaktname: Barilla G. e R. Fratelli S.p.A.Kontaktadresse: Via Mantova 166, Parma - ItalyMaximale Bestellmenge: 15 St\xc3\xbcckF\xc3\xbcr die vorstehenden Angaben wird keine Haftung \xc3\xbcbernommen. Bitte pr\xc3\xbcfen Sie im Einzelfall die Angaben auf der jeweiligen Produktverpackung, nur diese sind verbindlich.Das Produktdesign kann von der Abbildung abweichen.'",Im Franzosengewann 3,Rewe,Kochen & Backen,2023-07-09,"Gültig ab morgen bis Samstag, 15.07.2023"
Ben’s Original Süß-Sauer Sauce,https://img.rewe-static.de/REWE28_2023/2675781/2505550-79_digital-image.png?impolicy=s-offers&imwidth=200&output-format=image/webp,,https://shop.rewe.de/productList?search=2832136,,"versch. Sorten , je 400-g-Glas , (1 kg = 3.73)",Aktion,"1,49 €","b""ProduktbeschreibungArtikelnummer 2675781BEN'S ORIGINAL\xe2\x84\xa2 S\xc3\xbc\xc3\x9f-Sauer: Eine Sauce, die nur sorgf\xc3\xa4ltig ausgew\xc3\xa4hlte Zutaten und keine k\xc3\xbcnstlichen Farb-, Konservierungs- und Aromastoffe enth\xc3\xa4lt.Zutaten & AllergeneZutaten: Wasser, Tomaten (13%), Zucker, Zwiebeln (10%), Ananas (9.3%), Karotten (8.2%), Branntweinessig, Modifizierte Maisst\xc3\xa4rke, Gr\xc3\xbcner Paprika (2.6%), Roter Paprika (2.6%), Salz, Farbstoff (Paprikaextrakt), Gew\xc3\xbcrze.Allergenhinweise: Enth\xc3\xa4lt: Keine deklarationspflichtigen Allergene enthalten.N\xc3\xa4hrwerteDurchschnittliche N\xc3\xa4hrwerteUnzubereitet pro 100 gEnergie310 kJEnergie73 kcalFett< 0,5 gFett, davon ges\xc3\xa4ttigte Fetts\xc3\xa4uren< 0,1 gKohlenhydrate17 gKohlenhydrate, davon Zucker13 gBallaststoffe0,8 gEiwei\xc3\x9f< 0,5 gSalz0,42 gHinweiseAufbewahrungs- und Verwendungshinweis: Nach dem \xc3\x96ffnen im K\xc3\xbchlschrank 3 Tage haltbar.ArtikeldetailsMarke: Ben's OriginalUrsprungsland: NiederlandeSorte: Extra AnanasKontaktKontaktname: Mars GmbHKontaktadresse: Postfach 1280, 27281 Verden (Aller)Maximale Bestellmenge: 15 St\xc3\xbcckF\xc3\xbcr die vorstehenden Angaben wird keine Haftung \xc3\xbcbernommen. Bitte pr\xc3\xbcfen Sie im Einzelfall die Angaben auf der jeweiligen Produktverpackung, nur diese sind verbindlich.Das Produktdesign kann von der Abbildung abweichen.""",Im Franzosengewann 3,Rewe,Kochen & Backen,2023-07-09,"Gültig ab morgen bis Samstag, 15.07.2023"
REWE Beste Wahl Balsamico Creme,https://img.rewe-static.de/REWE28_2023/0888363/23928271-32_digital-image.png?impolicy=s-offers&imwidth=200&output-format=image/webp,,https://shop.rewe.de/productList?search=2832136,,"je 250-ml-Fl , (1 l = 7.16)",Aktion,"1,79 €","b'ProduktbeschreibungArtikelnummer 888363Ihr au\xc3\x9fergew\xc3\xb6hnlicher Geschmack ist ideal zur Verfeinerung von Salaten, Gem\xc3\xbcse und Fleisch geeinigt.\n\nHergestellt f\xc3\xbcr: REWE Markt GmbH, D-50603 K\xc3\xb6ln. Zutaten & AllergeneZutaten: Traubenmostkonzentrat, Aceto Balsamico di Modena IGP 39% (Traubenmostkonzentrat, Weinessig, Farbstoff Ammonsulfit-Zuckerkul\xc3\xb6r, Antioxidationsmittel KALIUMMETABISULFIT), Weinessig, Verdickungsmittel (Guarkernmehl, Xanthan). Zusatzstoffe: E 150d, E 224, E 412, E 415Allergenhinweise: Schwefeldioxid und Sulfite in einer Konzentration von mehr als 10 mg/kg oder 10 mg/l, als SO2 angegebenN\xc3\xa4hrwerteDurchschnittliche N\xc3\xa4hrwertepro 100 mlEnergie938 kJEnergie220 kcalFett0 gFett, davon ges\xc3\xa4ttigte Fetts\xc3\xa4uren0 gKohlenhydrate52,5 gKohlenhydrate, davon Zucker43,5 gEiwei\xc3\x9f0,5 gSalz1,14 gHinweiseAufbewahrungshinweise: Nach dem \xc3\x96ffnen im K\xc3\xbchlschrank aufbewahren.Verwendungshinweise: Trocken lagern. Vor W\xc3\xa4rme sch\xc3\xbctzen.ArtikeldetailsMarke: REWE Beste WahlUrsprungsland: ItalienKontaktKontaktname: Drogheria e Alimentari Deutschland GmbHKontaktadresse: H\xc3\xbcttenstrasse 87, 87600 Kaufbeuren, DeutschlandMaximale Bestellmenge: 15 St\xc3\xbcckF\xc3\xbcr die vorstehenden Angaben wird keine Haftung \xc3\xbcbernommen. Bitte pr\xc3\xbcfen Sie im Einzelfall die Angaben auf der jeweiligen Produktverpackung, nur diese sind verbindlich.Das Produktdesign kann von der Abbildung abweichen.'",Im Franzosengewann 3,Rewe,Kochen & Backen,2023-07-09,"Gültig ab morgen bis Samstag, 15.07.2023"
Knorr Schlemmersauce,https://img.rewe-static.de/REWE28_2023/4584171/9206200-73_digital-image.png?impolicy=s-offers&imwidth=200&output-format=image/webp,,https://shop.rewe.de/productList?search=2832136,,"versch. Sorten , je 250-ml-Fl , (1 l = 3.96)",Aktion,"0,99 €","b'ProduktbeschreibungArtikelnummer 4584171- feine Knoblauchsauce \n - mit Zwiebelst\xc3\xbcckchen und Joghurt verfeinert \n - ideale Erg\xc3\xa4nzung zu Scampi, Salaten und verschiedenen Grillgerichten \n - ohne k\xc3\xbcnstliche Farbstoffe \n - ohne Geschmacksverst\xc3\xa4rker und Konservierungsstoffe \n \n Die herrlich cremige Knorr Knoblauch Sauce ist mit Zwiebelst\xc3\xbcckchen und Joghurt verfeinert und geh\xc3\xb6rt f\xc3\xbcr Liebhaber der herzhaften Knolle zu einem geselligen Grillabend dazu. Diese Sauce ist die ideale Erg\xc3\xa4nzung zu Scampi, Salaten, Folienkartoffeln, Maiskolben und verschiedenen Grillgerichten. Die Knorr Grillsauce in der Glasflasche passt au\xc3\x9ferdem als Dip hervorragend zu Fondue oder Raclette. Zubereitung: Vor Gebrauch sch\xc3\xbctteln. Knorr Grillsaucen sind Deutschlands beliebteste Grillsaucen (auf Basis verkaufter Saucen): Ganz gleich, ob zu saftigen Steaks, W\xc3\xbcrstchen, Fisch oder Gem\xc3\xbcse \xe2\x80\x93 mit den unterschiedlichsten Varianten von Knoblauch bis Curry hat Knorr die passende Grillsauce immer servierfertig und griffbereit. Die abwechslungsreichen Grillsaucen in der charakteristischen Knorr-Glasflasche schmecken der ganzen Familie. Auch die Knorr Grillsaucen im praktischen Squeezer bieten au\xc3\x9fergew\xc3\xb6hnliche Geschmacksrichtungen und sind ein besonderer Genuss bei jeder Grillparty. In der praktischen und leichten Kopfsteherflasche aus Kunststoff sind die Grillsaucen besonders gut und sauber zu dosieren und somit ideal f\xc3\xbcr unterwegs und sofort einsetzbar. So einfach bringt man Abwechslung auf\xe2\x80\x98s Grillgut! Kennen Sie schon die vielen weiteren Produkte von Knorr? Dank unserer Fix-Produkte, Br\xc3\xbchen, Saucen, Fertiggerichten, Suppen und Salatdressings gelingt jedes Gericht garantiert mit wenigen Handgriffen. Schnell und einfach erhalten so authentische Mahlzeiten ihren typischen Geschmack \xe2\x80\x93 egal, ob abwechslungsreiche vegetarische oder vegane K\xc3\xbcche, herzhafte Fleischgerichte oder leckere Gem\xc3\xbcsevariationen. Dabei ist es die Komposition ausgew\xc3\xa4hlter hochwertiger Zutaten, die jedes Knorr Produkt besonders macht. Knorr verarbeitet nur sorgf\xc3\xa4ltig schonend getrocknete Zutaten, denn das Trocknen ist eine der \xc3\xa4ltesten Methoden, um Lebensmittel nat\xc3\xbcrlich haltbar zu machen. Da der Geschmack und die N\xc3\xa4hrstoffe der frischen Zutaten weitgehend erhalten bleiben, passen Lebensmittel aus getrockneten Zutaten perfekt in unseren stressigen Alltag. Essen mit Knorr ist unkompliziert und sorgt dar\xc3\xbcber hinaus f\xc3\xbcr ein gutes Gef\xc3\xbchl: \xc3\x9cber 90 Prozent der Zutaten kommen heute schon aus nachhaltigem Anbau. Denn wir bei Knorr glauben, dass die Verwendung nachhaltig angebauter und beschaffter Zutaten einen gro\xc3\x9fen Unterschied f\xc3\xbcr den Geschmack unserer Produkte, das WohlbeFinden der Landwirte und die Zukunft des Planeten macht. Knorr \xe2\x80\x93 Geschmack mit gutem Gef\xc3\xbchl.... mehr anzeigenDie cremige Knorr Knoblauch Sauce mit mildem Geschmack schmeckt ausgezeichnet zu Scampi, Salaten und verschiedenen Grillgerichten. Eine herrlich cremige Knoblauch Sauce von Knorr, verfeinert mit Zwiebelst\xc3\xbcckchen und Joghurt. Mit dieser leckeren W\xc3\xbcrzsauce kann die Grillparty beginnen. Der Knorr Grillsaucen-Klassiker in der Glasflasche ist ein unverzichtbarer Begleiter in der Grillsaison. \n\nKnorr Saucen inspirieren sowohl Kochk\xc3\xbcnstler als auch alle, die gerne Neues entdecken und in die Welt der exotischen Gen\xc3\xbcsse eintauchen m\xc3\xb6chten. Das Sortiment an Knorr Grillsaucen bietet etwas f\xc3\xbcr jeden Geschmack und jede Gelegenheit. Etwa eine Grillparty mit Familie und Freuden \xe2\x80\x93 doch ohne Grillsaucen keine richtige Grillparty. \n\nDie Knorr Saucen sind ideal f\xc3\xbcr allerlei gebratene oder gegrillte Fleischsorten, verschiedene Fische oder diverse Meeresfr\xc3\xbcchte. Die Devise lautet: selbst ausprobieren und jedes Gericht zu einem kulinarischen Fest mit guter Stimmung verwandeln. Millionen zufriedener Verbraucher vertrauen bereits auf Knorr und greifen immer \xc3\xb6fter nach dem Produkt. Die handliche Flasche der Grillsauce ist leicht dosierbar und daher perfekt f\xc3\xbcr unterwegs. Dank gesunder Zutaten und einer hohen Qualit\xc3\xa4t werden Knorr Saucen zunehmend auch f\xc3\xbcr die abwechslungsreiche vegetarische und vegane K\xc3\xbcche empfohlen. \n\nAufbewahrungs- und Verwendungshinweise: Vor Gebrauch sch\xc3\xbctteln. Nach dem \xc3\x96ffnen im K\xc3\xbchlschrank aufbewahren. \n\nSind schon die vielen weiteren Produkte von Knorr bekannt? Dank der Fix-Produkte, So\xc3\x9fen, Fertiggerichte, Suppen, Salatdressings, Br\xc3\xbchen und Bouillons gelingt jedes Gericht garantiert mit wenigen Handgriffen. Schnell und einfach erhalten authentische Mahlzeiten so ihren typischen Geschmack \xe2\x80\x93 egal, ob abwechslungsreiche vegetarische oder vegane K\xc3\xbcche, herzhafte Fleischgerichte oder leckere Gem\xc3\xbcsevariationen. Dabei ist es die Komposition ausgew\xc3\xa4hlter hochwertiger Zutaten, die jedes Knorr Produkt besonders macht. Knorr verarbeitet nur sorgf\xc3\xa4ltig schonend getrocknete Zutaten, denn das Trocknen ist eine der \xc3\xa4ltesten Methoden, um Lebensmittel nat\xc3\xbcrlich haltbar zu machen. Da der Geschmack und die Hauptn\xc3\xa4hrstoffe der frischen Zutaten weitgehend erhalten bleiben, passen Lebensmittel aus getrockneten Zutaten perfekt in unseren stressigen Alltag. Essen mit Knorr ist unkompliziert und sorgt dar\xc3\xbcber hinaus f\xc3\xbcr ein gutes Gef\xc3\xbchl: 95 Prozent unserer Gem\xc3\xbcse und Kr\xc3\xa4uter stammen heute schon aus nachhaltigem Anbau. Denn wir bei Knorr glauben, dass die Verwendung nachhaltig angebauter und beschaffter Zutaten einen gro\xc3\x9fen Unterschied f\xc3\xbcr den Geschmack unserer Produkte, das Wohlbefinden der Landwirte und die Zukunft des Planeten macht. Knorr. Gutes, nat\xc3\xbcrlich lecker!Zutaten & AllergeneZutaten: Trinkwasser, Raps\xc3\xb6l, MAGERMILCHJOGHURT, Zucker, modifizierte St\xc3\xa4rke, Branntweinessig, Zwiebeln, SELLERIE, EIGELB, Speisesalz, 1,2 % Knoblauch, Gew\xc3\xbcrze (mit SENFSAAT), Zitronensaftkonzentrat, Aromen, Petersilie.N\xc3\xa4hrwerteDurchschnittliche N\xc3\xa4hrwerteUnzubereitet pro 100 mlEnergie1.044 kJEnergie249 kcalFett21 gFett, davon ges\xc3\xa4ttigte Fetts\xc3\xa4uren1,9 gKohlenhydrate12 gKohlenhydrate, davon Zucker9,1 gBallaststoffe< 0,5 gEiwei\xc3\x9f1 gSalz1,6 gHinweiseAufbewahrungs- und Verwendungshinweis: Nach dem \xc3\x96ffnen im K\xc3\xbchlschrank aufbewahren.ArtikeldetailsMarke: KnorrUrsprungsland: DeutschlandKontaktKontaktname: Unilever DeutschlandKontaktadresse: Postfach 570 550, 22774 HamburgMaximale Bestellmenge: 15 St\xc3\xbcckF\xc3\xbcr die vorstehenden Angaben wird keine Haftung \xc3\xbcbernommen. Bitte pr\xc3\xbcfen Sie im Einzelfall die Angaben auf der jeweiligen Produktverpackung, nur diese sind verbindlich.Das Produktdesign kann von der Abbildung abweichen.'",Im Franzosengewann 3,Rewe,Kochen & Backen,2023-07-09,"Gültig ab morgen bis Samstag, 15.07.2023"
Hela Gewürzketchup Curry,https://img.rewe-static.de/REWE28_2023/4908848/630290-90_digital-image.png?impolicy=s-offers&imwidth=200&output-format=image/webp,,https://shop.rewe.de/productList?search=2832136,,"versch. Sorten , je 800-ml-Fl , (1 l = 2.86)",Aktion,"2,29 €","b'ProduktbeschreibungArtikelnummer 4908848Mit der originalen Hela W\xc3\xbcrzung\r\nUnser scharf-s\xc3\xbc\xc3\x9flicher Gew\xc3\xbcrz Ketchup Curry scharf ist die ideale Erg\xc3\xa4nzung f\xc3\xbcr all unsere Fans, die es gern etwas pikanter m\xc3\xb6gen.Zutaten & AllergeneZutaten: Tomatensaft, Zucker, Dextrose, Kochsalz, Curry (SENFMEHL, Pfeffer, Paprika, Chili, Nelken, Gew\xc3\xbcrze), Branntweinessig, modifizierte Maisst\xc3\xa4rke, S\xc3\xa4uerungsmittel: Citronens\xc3\xa4ure, Verdickungsmittel: (Guarkernmehl, Johannisbrotkernmehl), Kr\xc3\xa4uter (enth\xc3\xa4lt SELLERIE), S\xc3\xa4ureregulator: Natriumlactat, Geschmacksverst\xc3\xa4rker: Mononatriumglutamat.Allergenhinweise: Enth\xc3\xa4lt: Senf- und Senferzeugnisse. Sellerie und Sellerieerzeugnisse.N\xc3\xa4hrwerteDurchschnittliche N\xc3\xa4hrwerteUnzubereitet pro 100 gEnergie573 kJEnergie137 kcalFett0,3 gFett, davon ges\xc3\xa4ttigte Fetts\xc3\xa4uren0,1 gKohlenhydrate30,8 gKohlenhydrate, davon Zucker29,4 gEiwei\xc3\x9f0,8 gSalz2,2 gHinweiseAufbewahrungs- und Verwendungshinweis: Nach erster \xc3\x96ffnung bitte im K\xc3\xbchlschrank lagern und kurzfristig verzehren!ArtikeldetailsMarke: HelaUrsprungsland: DeutschlandPackungsgr\xc3\xb6\xc3\x9fe: 800mlKontaktKontaktname: Hela Gew\xc3\xbcrzwerk Hermann Laue GmbHKontaktadresse: D-22923 AhrensburgMaximale Bestellmenge: 15 St\xc3\xbcckF\xc3\xbcr die vorstehenden Angaben wird keine Haftung \xc3\xbcbernommen. Bitte pr\xc3\xbcfen Sie im Einzelfall die Angaben auf der jeweiligen Produktverpackung, nur diese sind verbindlich.Das Produktdesign kann von der Abbildung abweichen.'",Im Franzosengewann 3,Rewe,Kochen & Backen,2023-07-09,"Gültig ab morgen bis Samstag, 15.07.2023"
Barilla Spaghetti Al Bronzo,https://img.rewe-static.de/REWE28_2023/8745035/37803714-8_digital-image.png?impolicy=s-offers&imwidth=200&output-format=image/webp,,https://shop.rewe.de/productList?search=2832136,,"je 400-g-Pckg , (1 kg = 4.48)",Aktion,"1,79 €","b'ProduktbeschreibungArtikelnummer 8745035Zutaten & AllergeneZutaten: HARTWEIZENGRIESS, Wasser. Kann Spuren von Sojabohnen und Senf enthalten.Allergenhinweise: Enth\xc3\xa4lt: Weizen und Weizenerzeugnisse (glutenhaltiges Getreide). Glutenhaltiges Getreide und glutenhaltige Getreideerzeugnisse. Kann enthalten: Soja und Sojaerzeugnisse. Senf- und Senferzeugnisse.N\xc3\xa4hrwerteDurchschnittliche N\xc3\xa4hrwerteUnzubereitet pro 100 gEnergie1.521 kJEnergie359 kcalFett2 gFett, davon ges\xc3\xa4ttigte Fetts\xc3\xa4uren0,4 gKohlenhydrate69,7 gKohlenhydrate, davon Zucker3,5 gBallaststoffe3 gEiwei\xc3\x9f14 gSalz0,013 gHinweiseAufbewahrungs- und Verwendungshinweis: Trocken, vor Licht und W\xc3\xa4rme gesch\xc3\xbctzt lagern.ArtikeldetailsMarke: BarillaUrsprungsland: ItalienKontaktKontaktname: Barilla G. e R. Fratelli S.p.A.Kontaktadresse: Via Mantova 166, Parma - ItalyMaximale Bestellmenge: 15 St\xc3\xbcckF\xc3\xbcr die vorstehenden Angaben wird keine Haftung \xc3\xbcbernommen. Bitte pr\xc3\xbcfen Sie im Einzelfall die Angaben auf der jeweiligen Produktverpackung, nur diese sind verbindlich.Das Produktdesign kann von der Abbildung abweichen.'",Im Franzosengewann 3,Rewe,Kochen & Backen,2023-07-09,"Gültig ab morgen bis Samstag, 15.07.2023"
REWE Beste Wahl Bolognese Pasta Sauce,https://img.rewe-static.de/REWE28_2023/7123786/27851232-24_digital-image.png?impolicy=s-offers&imwidth=200&output-format=image/webp,,https://shop.rewe.de/productList?search=2832136,,"je 380-ml-Glas , (1 l = 4.18)",Aktion,"1,59 €","b'ProduktbeschreibungArtikelnummer 7123786Zutaten & AllergeneZutaten: Passierte Tomaten 61%, Rindfleisch 28%, Gem\xc3\xbcse 6% (Karotten, Zwiebeln, Knoblauch), Zucker, Salz, S\xc3\xa4uerungsmittel Milchs\xc3\xa4ure, Sonnenblumen\xc3\xb6l, Kr\xc3\xa4uter, Gew\xc3\xbcrze.    Zusatzstoffe: E 270N\xc3\xa4hrwerteDurchschnittliche N\xc3\xa4hrwertepro 100 mlEnergie392 kJEnergie94 kcalFett4,6 gFett, davon ges\xc3\xa4ttigte Fetts\xc3\xa4uren2,3 gKohlenhydrate6,1 gKohlenhydrate, davon Zucker5 gEiwei\xc3\x9f5,9 gSalz1,4 gHinweiseAufbewahrungshinweise: Nach dem \xc3\x96ffnen im K\xc3\xbchlschrank aufbewahren und innerhalb von 3-4 Tagen verbrauchen.Verwendungshinweise: Trocken lagern. Vor W\xc3\xa4rme sch\xc3\xbctzen.ArtikeldetailsMarke: REWE Beste WahlUrsprungsland: ItalienKontaktKontaktname: LA DORIA S.P.A.Kontaktadresse: Via Nazionale, 320, Angri, 84012, ItalienMaximale Bestellmenge: 15 St\xc3\xbcckF\xc3\xbcr die vorstehenden Angaben wird keine Haftung \xc3\xbcbernommen. Bitte pr\xc3\xbcfen Sie im Einzelfall die Angaben auf der jeweiligen Produktverpackung, nur diese sind verbindlich.Das Produktdesign kann von der Abbildung abweichen.'",Im Franzosengewann 3,Rewe,Kochen & Backen,2023-07-09,"Gültig ab morgen bis Samstag, 15.07.2023"
Fabbri Amarenakirschen,https://img.rewe-static.de/REWE28_2023/3797015/1603730-43_digital-image.png?impolicy=s-offers&imwidth=200&output-format=image/webp,,https://shop.rewe.de/productList?search=2832136,,"Frucht in Sirup , je 230-g-Glas , (1 kg = 39.90) , 100-g-Abtropfgew.",Aktion,"3,99 €","b'ProduktbeschreibungArtikelnummer 3797015Zutaten & AllergeneZutaten: Zucker, Sauerkirschen (43%), Glukose Sirup, Wasser, Sauerkirschen saft (4%), S\xc3\xa4uerungsmittel Zitronens\xc3\xa4ure, Aromen, Farbstoff Anthocyane aus Pflanzenextrakt.N\xc3\xa4hrwerteDurchschnittliche N\xc3\xa4hrwerteUnzubereitet pro 100 gEnergie1.160 kJEnergie273 kcalFett0 gFett, davon ges\xc3\xa4ttigte Fetts\xc3\xa4uren0 gKohlenhydrate67 gKohlenhydrate, davon Zucker61 gEiwei\xc3\x9f0 gSalz0,03 gArtikeldetailsMarke: FabbriNettof\xc3\xbcllmenge: 230 GUrsprungsland: ItalienAbtropfgewicht: 100 gKontaktKontaktname: G. Fabbri Deutschland GmbHKontaktadresse: Witneystr. 1 - 82008 UnterhachingMaximale Bestellmenge: 15 St\xc3\xbcckF\xc3\xbcr die vorstehenden Angaben wird keine Haftung \xc3\xbcbernommen. Bitte pr\xc3\xbcfen Sie im Einzelfall die Angaben auf der jeweiligen Produktverpackung, nur diese sind verbindlich.Das Produktdesign kann von der Abbildung abweichen.'",Im Franzosengewann 3,Rewe,Kochen & Backen,2023-07-09,"Gültig ab morgen bis Samstag, 15.07.2023"
Saupiquet Thunfisch,https://img.rewe-static.de/REWE28_2023/2071371/2519210-44_digital-image.png?impolicy=s-offers&imwidth=200&output-format=image/webp,,https://shop.rewe.de/productList?search=2832136,,"Naturale ohne Öl oder in Sonnenblumenöl , je 185-g-Dose , (1 kg = 17.79) , 140-g-Abtropfgew.",Aktion,"2,49 €","b'ProduktbeschreibungArtikelnummer 2071371Zutaten & AllergeneZutaten: THUNFISCH (Skipjack, Katsuwonus pelamis), Wasser, Salz.Allergenhinweise: Enth\xc3\xa4lt: Fisch und Fischerzeugnisse.N\xc3\xa4hrwerteDurchschnittliche N\xc3\xa4hrwerteUnzubereitet pro 100 gEnergie410 kJEnergie97 kcalFett0,5 gFett, davon ges\xc3\xa4ttigte Fetts\xc3\xa4uren0,2 gKohlenhydrate0 gKohlenhydrate, davon Zucker0 gBallaststoffe0 gEiwei\xc3\x9f23 gSalz1,3 gHinweiseAufbewahrungs- und Verwendungshinweis: Mindestens haltbar bis: siehe VerpackungsaufdruckArtikeldetailsMarke: SaupiquetNettof\xc3\xbcllmenge: 185 GUrsprungsland: EcuadorAbtropfgewicht: 140 gSorte: Naturale ohne \xc3\x96lKontaktKontaktname: Saupiquet D GmbHKontaktadresse: Postfach 9307, 47750 KrefeldMaximale Bestellmenge: 15 St\xc3\xbcckF\xc3\xbcr die vorstehenden Angaben wird keine Haftung \xc3\xbcbernommen. Bitte pr\xc3\xbcfen Sie im Einzelfall die Angaben auf der jeweiligen Produktverpackung, nur diese sind verbindlich.Das Produktdesign kann von der Abbildung abweichen.'",Im Franzosengewann 3,Rewe,Kochen & Backen,2023-07-09,"Gültig ab morgen bis Samstag, 15.07.2023"
Oryza Reisspezialität,https://img.rewe-static.de/REWE28_2023/2600315/1231150-46_digital-image.png?impolicy=s-offers&imwidth=200&output-format=image/webp,,https://shop.rewe.de/productList?search=2832136,,"Himalaya Basmati , je 500-g-Btl , (1 kg = 3.58)",Aktion,"1,79 €","b'ProduktbeschreibungArtikelnummer 2600315Zutaten & AllergeneZutaten: Basmati ReisAllergenhinweise: Enth\xc3\xa4lt: Keine deklarationspflichtigen Allergene enthalten.N\xc3\xa4hrwerteDurchschnittliche N\xc3\xa4hrwerteUnzubereitet pro 100 gEnergie1.469 kJEnergie351 kcalFett1 gFett, davon ges\xc3\xa4ttigte Fetts\xc3\xa4uren0,3 gKohlenhydrate75 gKohlenhydrate, davon Zucker0,5 gBallaststoffe3,6 gEiwei\xc3\x9f8,8 gSalz0,01 gHinweiseAufbewahrungs- und Verwendungshinweis: Produkt vor W\xc3\xa4rme sch\xc3\xbctzen und trocken lagern.ArtikeldetailsMarke: OryzaUrsprungsland: BelgienKontaktKontaktname: Euryza GmbHKontaktadresse: Paul-Dessau-Str. 5, 22761 HamburgMaximale Bestellmenge: 15 St\xc3\xbcckF\xc3\xbcr die vorstehenden Angaben wird keine Haftung \xc3\xbcbernommen. Bitte pr\xc3\xbcfen Sie im Einzelfall die Angaben auf der jeweiligen Produktverpackung, nur diese sind verbindlich.Das Produktdesign kann von der Abbildung abweichen.'",Im Franzosengewann 3,Rewe,Kochen & Backen,2023-07-09,"Gültig ab morgen bis Samstag, 15.07.2023"
Funny-Frisch Ofen Chips,https://img.rewe-static.de/REWE28_2023/7778468/36482196-7_digital-image.png?impolicy=s-offers&imwidth=200&output-format=image/webp,,https://shop.rewe.de/productList?search=2832136,,"versch. Sorten , je 125-g-Btl , (1 kg = 10.32)",Aktion,"1,29 €","b'ProduktbeschreibungArtikelnummer 7778468Zutaten & AllergeneZutaten: Kartoffelpulver (61%), St\xc3\xa4rke, pflanzliche \xc3\x96le (Sonnenblume, Raps in ver\xc3\xa4nderlichen Gewichtsanteilen), Zucker, Speisesalz, Emulgator (Lecithine), Paprikapulver, Hefeextrakt, nat\xc3\xbcrliches Aroma, Tomatenpulver, Balsamicoessigpulver (Traubenmostkonzentrat, Weinessig), Zwiebelpulver, Aprikosenpulver, S\xc3\xa4ureregulator (Calciumphosphate), GERSTENMALZESSIGPULVER, Backtriebmittel (Natriumhydrogencarbonat), Chilipulver, Knoblauchpulver, f\xc3\xa4rbendes Lebensmittel (schwarzer Tee-Extrakt), S\xc3\xa4uerungsmittel (\xc3\x84pfels\xc3\xa4ure), Farbstoff (Paprikaextrakt), Kr\xc3\xa4uter, Gew\xc3\xbcrze, GERSTENMALZESSIGEXTRAKT, Branntweinessigpulver. Kann Spuren von SESAM, MILCH und WEIZEN enthalten.N\xc3\xa4hrwerteDurchschnittliche N\xc3\xa4hrwerteUnzubereitet pro 100 gEnergie1.709 kJEnergie405 kcalFett9,2 gFett, davon ges\xc3\xa4ttigte Fetts\xc3\xa4uren1,2 gFett, davon einfach unges\xc3\xa4ttigte Fetts\xc3\xa4uren0 gFett, davon mehrfach unges\xc3\xa4ttigte Fetts\xc3\xa4uren0 gKohlenhydrate72 gKohlenhydrate, davon Zucker7,3 gBallaststoffe4,4 gEiwei\xc3\x9f6,1 gSalz1,6 gArtikeldetailsMarke: Funny-frischUrsprungsland: DeutschlandKontaktKontaktname: Intersnack Deutschland SEKontaktadresse: Erna-Scheffler-Str. 3, DE-51103 K\xc3\xb6lnF\xc3\xbcr die vorstehenden Angaben wird keine Haftung \xc3\xbcbernommen. Bitte pr\xc3\xbcfen Sie im Einzelfall die Angaben auf der jeweiligen Produktverpackung, nur diese sind verbindlich.Das Produktdesign kann von der Abbildung abweichen.'",Im Franzosengewann 3,Rewe,Süßes & Salziges,2023-07-09,"Gültig ab morgen bis Samstag, 15.07.2023"
Dickmann’s Super Dickmann’s,https://img.rewe-static.de/REWE28_2023/4205960/1363350-48_digital-image.png?impolicy=s-offers&imwidth=200&output-format=image/webp,,https://shop.rewe.de/productList?search=2832136,,"je 250-g-Pckg , (1 kg = 5.96)",Aktion,"1,49 €","b'ProduktbeschreibungArtikelnummer 4205960Mit Super Dickmann\xe2\x80\x99s geht der Spa\xc3\x9f los: knackige Schokolade, lockerer Schaum. Spa\xc3\x9f und Genuss f\xc3\xbcr dich und deine Lieblingsmenschen! G\xc3\xb6nn\xe2\x80\x98s dir und teil den Spa\xc3\x9f! Die original Super Dickmann\xe2\x80\x99s sind au\xc3\x9fen schokoladig-knackig, innen fluffig und dazu unverwechselbar durch das \xe2\x80\x9eD\xe2\x80\x9c auf der Knusper-Waffel. Ob gemeinsam mit der Familie, unterwegs mit Freunden oder als Mitbringsel zum Geburtstag \xe2\x80\x93 sie lassen sich zu jeder Gelegenheit genie\xc3\x9fen.Zutaten & AllergeneZutaten: Glukose-Fruktose-Sirup, Schokolade 24% (Zucker, Kakaobutter, Kakaomasse, magerer Kakao, VOLLMILCHPULVER, Emulgator Lecithine (SOJA), Vanilleextrakt), Waffel (WEIZENMEHL, Zucker, SAHNEPULVER, Palmfett, Emulgator Lecithine (SOJA), nat\xc3\xbcrliches Aroma, Backtriebmittel Natriumhydrogencarbonat, Salz), Feuchthaltemittel Sorbitsirup, H\xc3\x9cHNEREI-TROCKENEIWEISS*, nat\xc3\xbcrliches Aroma. KANN AUCH ANTEILE VON HASELNUSS, MANDEL UND ANDEREN N\xc3\x9cSSEN ENTHALTEN. * aus BodenhaltungAllergenhinweise: Enth\xc3\xa4lt: Eier und Eierzeugnisse. Milch und Milcherzeugnisse (einschlie\xc3\x9flich Lactose). Sonstige glutenhaltige Getreide oder Hybridst\xc3\xa4mme davon. Soja und Sojaerzeugnisse. Weizen und Weizenerzeugnisse (glutenhaltiges Getreide). Kann enthalten: N\xc3\xbcsse und Nusserzeugnisse. Mandeln und Mandelerzeugnisse. Kaschunuss und Kaschunusserzeugnisse. Haselnuss und Haselnusserzeugnisse. Pecannuss und Pecannusserzeugnisse. Queenslandnuss und Queenslandnusserzeugnisse. Paranuss und Paranusserzeugnisse. Pistazie und Pistazienerzeugnisse. Walnuss und Walnusserzeugnisse.N\xc3\xa4hrwerteDurchschnittliche N\xc3\xa4hrwerteUnzubereitet pro 100 gEnergie1.573 kJEnergie373 kcalFett10,1 gFett, davon ges\xc3\xa4ttigte Fetts\xc3\xa4uren5,9 gKohlenhydrate67,5 gKohlenhydrate, davon Zucker53 gEiwei\xc3\x9f2,9 gSalz0,08 gHinweiseAufbewahrungs- und Verwendungshinweis: Vor W\xc3\xa4rme sch\xc3\xbctzen!ArtikeldetailsMarke: StorckUrsprungsland: DeutschlandPackungsgr\xc3\xb6\xc3\x9fe: 12 St\xc3\xbcck, 336gKontaktKontaktname: AUGUST STORCK KGKontaktadresse: Waldstr. 27, D-13403 BerlinF\xc3\xbcr die vorstehenden Angaben wird keine Haftung \xc3\xbcbernommen. Bitte pr\xc3\xbcfen Sie im Einzelfall die Angaben auf der jeweiligen Produktverpackung, nur diese sind verbindlich.Das Produktdesign kann von der Abbildung abweichen.'",Im Franzosengewann 3,Rewe,Süßes & Salziges,2023-07-09,"Gültig ab morgen bis Samstag, 15.07.2023"
Mars Snickers,https://img.rewe-static.de/REWE28_2023/1303474/40115911-6_digital-image.png?impolicy=s-offers&imwidth=200&output-format=image/webp,,https://shop.rewe.de/productList?search=2832136,,"je 5 x 50-g-Riegel-Pckg , (1 kg = 6.76)",Aktion,"1,69 €","b'ProduktbeschreibungArtikelnummer 13034745 Riegel einzeln verpackt. SNICKERS - und der Hunger ist gegessen! Das unschlagbare Original aus Vollmilchschokolade, ausgew\xc3\xa4hlten Erdn\xc3\xbcsse von bester Qualit\xc3\xa4t und zartem Karamell! Ideal zum Snacken und Genie\xc3\x9fen! Das unschlagbare Original mit dem unverwechselbaren Geschmack. Unter der knackigen Schale aus Vollmilchschokolade machen ausgew\xc3\xa4hlte Erdn\xc3\xbcsse, leckere Candy-Creme und zartes Karamell SNICKERS\xc2\xae zu einem echten Meisterwerk und dem beliebtesten Schokoladenriegel der Welt.Zutaten & AllergeneZutaten: Zucker, Glukosesirup, ERDN\xc3\x9cSSE, MAGERMILCHPULVER, Kakaobutter, Kakaomasse, Sonnenblumen\xc3\xb6l, Butterreinfett (MILCH), MILCHZUCKER, Molkepermeat (aus MILCH), Palmfett, Salz, Emulgator (SOJALECITHIN), H\xc3\x9cHNEREI-TROCKENEIWEISS. (Kann enthalten: HASELN\xc3\x9cSSE).Allergenhinweise: ERDN\xc3\x9cSSE, MAGERMILCHPULVER, MILCH, MILCHZUCKER, SOJALECITHIN, H\xc3\x9cHNEREI-TROCKENEIWEISS.Enth\xc3\xa4lt: Erdn\xc3\xbcsse und Erdnusserzeugnisse. Milch und Milcherzeugnisse (einschlie\xc3\x9flich Lactose). Milchzucker (Laktose). Soja und Sojaerzeugnisse. Eier und Eierzeugnisse. Kann enthalten: Haselnuss und Haselnusserzeugnisse. N\xc3\xbcsse und Nusserzeugnisse.N\xc3\xa4hrwerteDurchschnittliche N\xc3\xa4hrwerteUnzubereitet pro 100 gEnergie2.044 kJEnergie488 kcalFett23 gFett, davon ges\xc3\xa4ttigte Fetts\xc3\xa4uren7,8 gKohlenhydrate60 gKohlenhydrate, davon Zucker52 gEiwei\xc3\x9f8,7 gSalz0,64 gArtikeldetailsMarke: SnickersUrsprungsland: NiederlandeSorte: SnickersKontaktKontaktname: Mars GmbHKontaktadresse: Postfach 1414, D-82004 UnterhachingMaximale Bestellmenge: 15 St\xc3\xbcckF\xc3\xbcr die vorstehenden Angaben wird keine Haftung \xc3\xbcbernommen. Bitte pr\xc3\xbcfen Sie im Einzelfall die Angaben auf der jeweiligen Produktverpackung, nur diese sind verbindlich.Das Produktdesign kann von der Abbildung abweichen.'",Im Franzosengewann 3,Rewe,Süßes & Salziges,2023-07-09,"Gültig ab morgen bis Samstag, 15.07.2023"
Kägi Fret Mini,https://img.rewe-static.de/REWE28_2023/8348250/34556711-6_digital-image.png?impolicy=s-offers&imwidth=200&output-format=image/webp,,https://shop.rewe.de/productList?search=2832136,,"versch. Sorten , je 128-g-Pckg , (1 kg = 15.55)",Aktion,"1,99 €","b'ProduktbeschreibungArtikelnummer 8348250Zutaten & AllergeneZutaten: Zucker, Palmfett (nachhaltig; zertifiziert), WEIZENMEHL, VOLLMILCHPULVER, Kakaobutter*, Kakaomasse*, Kakaopulver*, HASELN\xc3\x9cSSE, gemahlene WEIZENFASERN, EIGELBPULVER, Emulgator: Lecithine (SOJA), Kochsalz, Backtriebmittel: Natriumhydrogencarbonat, Vanilleextrakt. * Rainforest Alliance Certified. Find out more at ra.orgN\xc3\xa4hrwerteDurchschnittliche N\xc3\xa4hrwerteUnzubereitet pro 100 gEnergie2.334 kJEnergie560 kcalFett35 gFett, davon ges\xc3\xa4ttigte Fetts\xc3\xa4uren25 gKohlenhydrate57 gKohlenhydrate, davon Zucker38 gEiwei\xc3\x9f6,5 gSalz0,25 gArtikeldetailsMarke: K\xc3\xa4giUrsprungsland: SchweizKontaktKontaktname: K\xc3\xa4gi S\xc3\xb6hne GmbHKontaktadresse: Richtergasse 7/HP/Top 1 A-1070 WienF\xc3\xbcr die vorstehenden Angaben wird keine Haftung \xc3\xbcbernommen. Bitte pr\xc3\xbcfen Sie im Einzelfall die Angaben auf der jeweiligen Produktverpackung, nur diese sind verbindlich.Das Produktdesign kann von der Abbildung abweichen.'",Im Franzosengewann 3,Rewe,Süßes & Salziges,2023-07-09,"Gültig ab morgen bis Samstag, 15.07.2023"
Milka Tender,https://img.rewe-static.de/REWE28_2023/3075923/1234890-36_digital-image.png?impolicy=s-offers&imwidth=200&output-format=image/webp,,https://shop.rewe.de/productList?search=2832136,,"Milch , je 5 x 37-g-Pckg , (1 kg = 9.14)",Aktion,"1,69 €","b'ProduktbeschreibungArtikelnummer 3075923Tender ist der k\xc3\xb6stlich-lockere Kuchensnack von Milka: Feine Biskuit-Rolle gef\xc3\xbcllt mit leckerer Milchcr\xc3\xa8me, umh\xc3\xbcllt von zarter Milka Alpenmilch Schokolade. Einfach lecker! Zutaten & AllergeneZutaten: Zucker, WEIZENMEHL, EIER, Feuchthaltemittel (Sorbit, Glycerin), pflanzliche Fette (Palm, Palmkern), MAGERMILCHPULVER, Kakaobutter, Glukose-Fruktose-Sirup, Glukosesirup, Kakaomasse, Molkenpulver (aus MILCH), WEIZENST\xc3\x84RKE, BUTTEREINFETT, VOLLMILCHPULVER, WEIZENKLEIE, Emulgatoren (SOJALECITHINE, E475, E471, E476), Alkohol, Raps\xc3\xb6l, Backtriebmittel (Diphosphate, Natriumcarbonate), Speisesalz, Aromen (enth\xc3\xa4lt MILCH), Verdickungsmittel (Xanthan), Hefepulver. KANN ENTHALTEN: N\xc3\x9cSSE.Allergenhinweise: WEIZENMEHL, EIER, MAGERMILCHPULVER, MILCH, WEIZENST\xc3\x84RKE, BUTTEREINFETT, VOLLMILCHPULVER, WEIZENKLEIE, SOJALECITHINEEnth\xc3\xa4lt: Milch und Milcherzeugnisse (einschlie\xc3\x9flich Lactose). Soja und Sojaerzeugnisse. Weizen und Weizenerzeugnisse (glutenhaltiges Getreide). Eier und Eierzeugnisse. Glutenhaltiges Getreide und glutenhaltige Getreideerzeugnisse. Kann enthalten: N\xc3\xbcsse und Nusserzeugnisse.N\xc3\xa4hrwerteDurchschnittliche N\xc3\xa4hrwerteUnzubereitet pro 100 gEnergie1.705 kJEnergie407 kcalFett18 gFett, davon ges\xc3\xa4ttigte Fetts\xc3\xa4uren9,9 gKohlenhydrate56 gKohlenhydrate, davon Zucker34 gBallaststoffe1,2 gEiwei\xc3\x9f6 gSalz0,47 gHinweiseAufbewahrungs- und Verwendungshinweis: Trocken lagern und vor W\xc3\xa4rme sch\xc3\xbctzen.Information: Die Milchcremef\xc3\xbcllung enth\xc3\xa4lt 11 % Magermilchpulver und 6 % Vollmilchpulver.ArtikeldetailsMarke: MilkaUrsprungsland: FrankreichSorte: MilchKontaktKontaktname: Mondelez Deutschland GmbHKontaktadresse: D-28078 Bremen.Maximale Bestellmenge: 15 St\xc3\xbcckF\xc3\xbcr die vorstehenden Angaben wird keine Haftung \xc3\xbcbernommen. Bitte pr\xc3\xbcfen Sie im Einzelfall die Angaben auf der jeweiligen Produktverpackung, nur diese sind verbindlich.Das Produktdesign kann von der Abbildung abweichen.'",Im Franzosengewann 3,Rewe,Süßes & Salziges,2023-07-09,"Gültig ab morgen bis Samstag, 15.07.2023"
Milka Cake & Choc,https://img.rewe-static.de/REWE28_2023/1483700/20715624-26_digital-image.png?impolicy=s-offers&imwidth=200&output-format=image/webp,,https://shop.rewe.de/productList?search=2832136,,"je 175-g-Pckg , (1 kg = 9.66)",Aktion,"1,69 €","b'ProduktbeschreibungArtikelnummer 1483700Die perfekte Kombination aus fluffigem Teig und einem Kern aus fl\xc3\xbcssiger, zartschmelzender Milka Alpenmilch Schokolade! Einzeln verpackt. Einfach k\xc3\xb6stlich! Zutaten & AllergeneZutaten: WEIZENMEHL, Zucker, Glukose-Fruktose-Sirup, Raps\xc3\xb6l, EIER, Stabilisator (Glycerin), Kakaomasse, VOLLMILCHPULVER, Kakaobutter, MAGERMILCHPULVER, WEIZENST\xc3\x84RKE, Backtriebmittel (Diphosphate, Kaliumcarbonate), fettarmes Kakaopulver, S\xc3\xbc\xc3\x9fmolkenpulver (aus MILCH), Speisesalz, Emulgatoren (SOJALECITHINE, E472b, E475), Aromen (Enth\xc3\xa4lt MILCH), Glukosesirup, Verdickungsmittel (Xanthan). KANN N\xc3\x9cSSE ENTHALTEN.Allergenhinweise: WEIZENMEHL, EIER, VOLLMILCHPULVER, MAGERMILCHPULVER, WEIZENST\xc3\x84RKE, MILCH, SOJALECITHINE.Enth\xc3\xa4lt: Weizen und Weizenerzeugnisse (glutenhaltiges Getreide). Glutenhaltiges Getreide und glutenhaltige Getreideerzeugnisse. Eier und Eierzeugnisse. Milch und Milcherzeugnisse (einschlie\xc3\x9flich Lactose). Soja und Sojaerzeugnisse. Kann enthalten: N\xc3\xbcsse und Nusserzeugnisse.N\xc3\xa4hrwerteDurchschnittliche N\xc3\xa4hrwerteUnzubereitet pro 100 gEnergie1.799 kJEnergie429 kcalFett21 gFett, davon ges\xc3\xa4ttigte Fetts\xc3\xa4uren4,1 gKohlenhydrate56,5 gKohlenhydrate, davon Zucker31 gBallaststoffe1,5 gEiwei\xc3\x9f5,4 gSalz0,6 gHinweiseAufbewahrungs- und Verwendungshinweis: Trocken lagern und vor W\xc3\xa4rme sch\xc3\xbctzen.ArtikeldetailsMarke: MilkaUrsprungsland: FrankreichSorte: Cake & ChocKontaktKontaktname: Mondelez Deutschland GmbHKontaktadresse: D-28078 BremenMaximale Bestellmenge: 15 St\xc3\xbcckF\xc3\xbcr die vorstehenden Angaben wird keine Haftung \xc3\xbcbernommen. Bitte pr\xc3\xbcfen Sie im Einzelfall die Angaben auf der jeweiligen Produktverpackung, nur diese sind verbindlich.Das Produktdesign kann von der Abbildung abweichen.'",Im Franzosengewann 3,Rewe,Süßes & Salziges,2023-07-09,"Gültig ab morgen bis Samstag, 15.07.2023"
Hitschler Hitschies,https://img.rewe-static.de/REWE28_2023/8002544/31009580-12_digital-image.png?impolicy=s-offers&imwidth=200&output-format=image/webp,,https://shop.rewe.de/productList?search=2832136,,"versch. Sorten , je 210-g-Btl , (1 kg = 7.10)",Aktion,"1,49 €","b'ProduktbeschreibungArtikelnummer 8002544Zutaten & AllergeneZutaten: Zucker, Glukosesirup, Palmfett, 5% Fruchtsaft aus Fruchtsaftkonzentrat: (Apfel, Pfirsich, Zitrone, Erdbeere, Himbeere); Gelatine*, Stabilisator: Gummi Arabicum; modifizierte St\xc3\xa4rke, S\xc3\xa4uerungsmittel: Milchs\xc3\xa4ure, Citronens\xc3\xa4ure; Aromen, Emulgator: Lecithine; Farbstoffe: Echtes Karmin, Kurkumin, Brillantblau FCF, Pflanzenkohle; \xc3\x9cberzugsmittel: Carnaubawachs, Schellack, Bienenwachs wei\xc3\x9f und gelb. *RindergelatineN\xc3\xa4hrwerteDurchschnittliche N\xc3\xa4hrwerteUnzubereitet pro 100 gEnergie1.692 kJEnergie400 kcalFett5,4 gFett, davon ges\xc3\xa4ttigte Fetts\xc3\xa4uren3 gKohlenhydrate86 gKohlenhydrate, davon Zucker67 gEiwei\xc3\x9f1,4 gSalz0,07 gHinweiseAufbewahrungs- und Verwendungshinweis: W\xc3\xa4rmegesch\xc3\xbctzt und trocken lagern.ArtikeldetailsMarke: HitschlerUrsprungsland: DeutschlandKontaktKontaktname: hitschler International GmbH & Co. KGKontaktadresse: 50855 K\xc3\xb6lnF\xc3\xbcr die vorstehenden Angaben wird keine Haftung \xc3\xbcbernommen. Bitte pr\xc3\xbcfen Sie im Einzelfall die Angaben auf der jeweiligen Produktverpackung, nur diese sind verbindlich.Das Produktdesign kann von der Abbildung abweichen.'",Im Franzosengewann 3,Rewe,Süßes & Salziges,2023-07-09,"Gültig ab morgen bis Samstag, 15.07.2023"
Dickmann’s Schoko Strolche,https://img.rewe-static.de/REWE28_2023/5469872/1363360-27_digital-image.png?impolicy=s-offers&imwidth=200&output-format=image/webp,,https://shop.rewe.de/productList?search=2832136,,"je 200-g-Pckg , (1 kg = 7.45)",Aktion,"1,49 €","b'ProduktbeschreibungArtikelnummer 5469872Mit Dickmann\xe2\x80\x99s geht der Spa\xc3\x9f los: au\xc3\x9fen knackig, innen fluffig. In unserem mini Dickmann\xe2\x80\x98s Schoko Trio ist f\xc3\xbcr Jeden etwas dabei: Eine bunte Mischung kleiner Schaumk\xc3\xbcsse mit wei\xc3\x9fer Schokolade, Vollmilchschokolade und dunkler Schokolade. So kann sich jeder seine Lieblingssorte einfach rauspicken. Das bringt jede Menge Abwechslung und Spa\xc3\x9f: Ob f\xc3\xbcr den kleinen Snack zwischendurch, f\xc3\xbcr kleine und gro\xc3\x9fe Freunde, f\xc3\xbcr die ganze Familie oder zum Anbieten f\xc3\xbcr Bekannte und Kollegen.Zutaten & AllergeneZutaten: Glukose-Fruktose-Sirup, Schokolade (Zucker, Kakaomasse, Kakaobutter, Emulgator Lecithine (SOJA), Vanilleextrakt), Vollmilchschokolade (Zucker, VOLLMILCHPULVER, Kakaobutter, Kakaomasse, MOLKENERZEUGNIS, Emulgator Lecithine (SOJA), Vanilleextrakt), wei\xc3\x9fe Schokolade (Zucker, Kakaobutter, VOLLMILCHPULVER, SAHNEPULVER, MAGERMILCHPULVER, MILCHZUCKER, BUTTERMILCHPULVER, Emulgator Lecithine (SOJA), Salz, Vanilleextrakt), Waffel (WEIZENMEHL, Zucker, WEIZENST\xc3\x84RKE, Emulgator Lecithine (SOJA), Palmfett, SAHNEPULVER, Salz, Backtriebmittel Natriumhydrogencarbonat, nat\xc3\xbcrliches Aroma), Feuchthaltemittel Sorbitsirup, H\xc3\x9cHNEREI-TROCKENEIWEISS*, nat\xc3\xbcrliches Aroma. KANN AUCH ANTEILE VON HASELNUSS, MANDEL, ERDNUSS UND ANDEREN N\xc3\x9cSSEN ENTHALTEN. * aus BodenhaltungAllergenhinweise: Enth\xc3\xa4lt: Eier und Eierzeugnisse. Milch und Milcherzeugnisse (einschlie\xc3\x9flich Lactose). Sonstige glutenhaltige Getreide oder Hybridst\xc3\xa4mme davon. Soja und Sojaerzeugnisse. Weizen und Weizenerzeugnisse (glutenhaltiges Getreide). Kann enthalten: N\xc3\xbcsse und Nusserzeugnisse. Erdn\xc3\xbcsse und Erdnusserzeugnisse. Mandeln und Mandelerzeugnisse. Kaschunuss und Kaschunusserzeugnisse. Haselnuss und Haselnusserzeugnisse. Pecannuss und Pecannusserzeugnisse. Queenslandnuss und Queenslandnusserzeugnisse. Paranuss und Paranusserzeugnisse. Pistazie und Pistazienerzeugnisse. Walnuss und Walnusserzeugnisse.N\xc3\xa4hrwerteDurchschnittliche N\xc3\xa4hrwerteUnzubereitet pro 100 gEnergie1.769 kJEnergie421 kcalFett16 gFett, davon ges\xc3\xa4ttigte Fetts\xc3\xa4uren9,8 gKohlenhydrate64,2 gKohlenhydrate, davon Zucker50,1 gEiwei\xc3\x9f4,6 gSalz0,14 gHinweiseAufbewahrungs- und Verwendungshinweis: Vor W\xc3\xa4rme sch\xc3\xbctzenArtikeldetailsMarke: StorckUrsprungsland: DeutschlandKontaktKontaktname: AUGUST STORCK KGKontaktadresse: Waldstr. 27, D-13403 BerlinF\xc3\xbcr die vorstehenden Angaben wird keine Haftung \xc3\xbcbernommen. Bitte pr\xc3\xbcfen Sie im Einzelfall die Angaben auf der jeweiligen Produktverpackung, nur diese sind verbindlich.Das Produktdesign kann von der Abbildung abweichen.'",Im Franzosengewann 3,Rewe,Süßes & Salziges,2023-07-09,"Gültig ab morgen bis Samstag, 15.07.2023"
Amor di Pane Grissini,https://img.rewe-static.de/REWE28_2023/2888425/34137359-6_digital-image.png?impolicy=s-offers&imwidth=200&output-format=image/webp,,https://shop.rewe.de/productList?search=2832136,,"versch. Sorten , je 125-g-Pckg , (1 kg = 6.16)",Aktion,"0,77 €","b'ProduktbeschreibungArtikelnummer 2888425Zutaten & AllergeneZutaten: WEIZENMEHL, extra natives Oliven\xc3\xb6l (5%), Hefe, Salz (1,6%), gem\xc3\xa4lztes WEIZENMEHL, Antioxidationsmittel: Rosmarinextrakt. Kann Spuren von SESAM, SOJA, MILCH UND IHRE DERIVATE und SCHALENFR\xc3\x9cCHTE enthalten.N\xc3\xa4hrwerteDurchschnittliche N\xc3\xa4hrwerteUnzubereitet pro 100 gEnergie1.777 kJEnergie421 kcalFett9,5 gFett, davon ges\xc3\xa4ttigte Fetts\xc3\xa4uren1,5 gKohlenhydrate71,2 gKohlenhydrate, davon Zucker1,8 gBallaststoffe3,1 gEiwei\xc3\x9f11,2 gSalz2,2 gHinweiseAufbewahrungs- und Verwendungshinweis: K\xc3\xbchl und trocken lagern, vor Hitze sch\xc3\xbctzen.ArtikeldetailsUrsprungsland: ItalienKontaktKontaktname: Hosta - Werk f\xc3\xbcr Schokolade-Spezialit\xc3\xa4ten GmbH & Co. KGKontaktadresse: Greutstra\xc3\x9fe 9, 74597 Stimpfach-RandenweilerMaximale Bestellmenge: 15 St\xc3\xbcckF\xc3\xbcr die vorstehenden Angaben wird keine Haftung \xc3\xbcbernommen. Bitte pr\xc3\xbcfen Sie im Einzelfall die Angaben auf der jeweiligen Produktverpackung, nur diese sind verbindlich.Das Produktdesign kann von der Abbildung abweichen.'",Im Franzosengewann 3,Rewe,Süßes & Salziges,2023-07-09,"Gültig ab morgen bis Samstag, 15.07.2023"
Milka Schokolade,https://img.rewe-static.de/REWE28_2023/0196479/3851190-69_digital-image.png?impolicy=s-offers&imwidth=200&output-format=image/webp,,https://shop.rewe.de/productList?search=2832136,,"Alpenmilch oder Noisette , je 100-g-Tafel , (1 kg = 7.90)",Knaller,"0,79 €","b'ProduktbeschreibungArtikelnummer 196479Milkas Alpenmilch Schokoladentafel ist der Klassiker f\xc3\xbcr alle Schokoladen-Fans. Der leckere, zartschmelzende Schokoladengenuss aus 100% Alpenmilch darf in keinem Haushalt fehlen. Zutaten & AllergeneZutaten: Zucker, Kakaobutter, Kakaomasse, MAGERMILCHPULVER, S\xc3\xbcssmolkenpulver (aus MILCH), BUTTERREINFETT, Emulgator (SOJALECITHINE), HASELNUSSMASSE, Aroma. KANN ANDERE N\xc3\x9cSSE UND WEIZEN ENTHALTEN.Allergenhinweise: MAGERMILCHPULVER, MILCH, BUTTERREINFETT, SOJALECITHINE, HASELNUSSMASSEEnth\xc3\xa4lt: Soja und Sojaerzeugnisse. Haselnuss und Haselnusserzeugnisse. Milch und Milcherzeugnisse (einschlie\xc3\x9flich Lactose). N\xc3\xbcsse und Nusserzeugnisse. Kann enthalten: Weizen und Weizenerzeugnisse (glutenhaltiges Getreide). Glutenhaltiges Getreide und glutenhaltige Getreideerzeugnisse.N\xc3\xa4hrwerteDurchschnittliche N\xc3\xa4hrwerteUnzubereitet pro 100 gEnergie2.251 kJEnergie539 kcalFett31 gFett, davon ges\xc3\xa4ttigte Fetts\xc3\xa4uren19 gKohlenhydrate57 gKohlenhydrate, davon Zucker55 gBallaststoffe2,3 gEiwei\xc3\x9f6,5 gSalz0,28 gHinweiseAufbewahrungs- und Verwendungshinweis: Trocken lagern und vor W\xc3\xa4rme sch\xc3\xbctzen.Information: Kakao: 33% mindestens.ArtikeldetailsMarke: MilkaUrsprungsland: DeutschlandSorte: AlpenmilchKontaktKontaktname: Mondelez Deutschland GmbHKontaktadresse: D-28078 BremenMaximale Bestellmenge: 15 St\xc3\xbcckF\xc3\xbcr die vorstehenden Angaben wird keine Haftung \xc3\xbcbernommen. Bitte pr\xc3\xbcfen Sie im Einzelfall die Angaben auf der jeweiligen Produktverpackung, nur diese sind verbindlich.Das Produktdesign kann von der Abbildung abweichen.'",Im Franzosengewann 3,Rewe,Süßes & Salziges,2023-07-09,"Gültig ab morgen bis Samstag, 15.07.2023"
Storck Toffifee,https://img.rewe-static.de/REWE28_2023/0205605/21816375-32_digital-image.png?impolicy=s-offers&imwidth=200&output-format=image/webp,,https://shop.rewe.de/productList?search=2832136,,"je 125-g-Pckg , (1 kg = 7.92)",Aktion,"0,99 €","b'ProduktbeschreibungArtikelnummer 205605So viel Gutes steckt in Toffifee: Eine knackige Haselnuss in Karamell mit Nougatcreme und einem Klecks kr\xc3\xa4ftiger Schokolade - eine Kombination, die f\xc3\xbcr jeden Geschmack genau das Richtige bietet. Es steckt viel Spa\xc3\x9f in Toffifee! Egal ob jung oder \xc3\xa4lter, gro\xc3\x9f oder klein, Mama oder Papa, gro\xc3\x9fer Bruder, kleine Schwester - in Toffifee steckt, was allen schmeckt: Leckeres Karamell, knackig ger\xc3\xb6stete Haselnuss, zarte Nougatcreme sowie eine kr\xc3\xa4ftige Schokoladenschicht als T\xc3\xbcpfelchen auf dem \xe2\x80\x9eMmhh\xe2\x80\x9c.  Mit Toffifee kommt der Spa\xc3\x9f in jedes zu Hause.Zutaten & AllergeneZutaten: Zucker, pflanzliche Fette (Palm, Shea), HASELN\xc3\x9cSSE, Glukosesirup, MAGERMILCHPULVER, Feuchthaltemittel Sorbitsirup, Kakaomasse, kondensierte MAGERMILCH, kondensierte S\xc3\x9cSSMOLKE, MILCHZUCKER, magerer Kakao, Kakaobutter, BUTTERREINFETT, Rohrzuckersirup, MOLKENERZEUGNIS, Emulgator Lecithine (SOJA), Salz, Aromen. KANN AUCH MANDEL, ERDNUSS UND ANDERE N\xc3\x9cSSE ENTHALTEN.Allergenhinweise: Enth\xc3\xa4lt: Milch und Milcherzeugnisse (einschlie\xc3\x9flich Lactose). N\xc3\xbcsse und Nusserzeugnisse. Soja und Sojaerzeugnisse. Haselnuss und Haselnusserzeugnisse. Kann enthalten: Erdn\xc3\xbcsse und Erdnusserzeugnisse. Mandeln und Mandelerzeugnisse. Kaschunuss und Kaschunusserzeugnisse. Pecannuss und Pecannusserzeugnisse. Macadamianuss und Macadamianusserzeugnisse. Paranuss und Paranusserzeugnisse. Pistazie und Pistazienerzeugnisse. Walnuss und Walnusserzeugnisse.N\xc3\xa4hrwerteDurchschnittliche N\xc3\xa4hrwerteUnzubereitet pro 100 gEnergie2.177 kJEnergie521 kcalFett29 gFett, davon ges\xc3\xa4ttigte Fetts\xc3\xa4uren12,7 gKohlenhydrate58,9 gKohlenhydrate, davon Zucker48,8 gEiwei\xc3\x9f6 gSalz0,27 gHinweiseAufbewahrungs- und Verwendungshinweis: Vor W\xc3\xa4rme sch\xc3\xbctzen!ArtikeldetailsMarke: ToffifeeUrsprungsland: DeutschlandPackungsgr\xc3\xb6\xc3\x9fe: 125gKontaktKontaktname: AUGUST STORCK KGKontaktadresse: Waldstr. 27, D-13403 BerlinMaximale Bestellmenge: 15 St\xc3\xbcckF\xc3\xbcr die vorstehenden Angaben wird keine Haftung \xc3\xbcbernommen. Bitte pr\xc3\xbcfen Sie im Einzelfall die Angaben auf der jeweiligen Produktverpackung, nur diese sind verbindlich.Das Produktdesign kann von der Abbildung abweichen.'",Im Franzosengewann 3,Rewe,Süßes & Salziges,2023-07-09,"Gültig ab morgen bis Samstag, 15.07.2023"
Belli Cantuccini,https://img.rewe-static.de/REWE28_2023/0218662/22322908-38_digital-image.png?impolicy=s-offers&imwidth=200&output-format=image/webp,,https://shop.rewe.de/productList?search=2832136,,"je 250-g-Pckg , (1 kg = 10.36)",Aktion,"2,59 €","b""ProduktbeschreibungArtikelnummer 218662Mit 25% Mandelanteil. Zutaten & AllergeneZutaten: WEIZENMEHL, Zucker, MANDELN (25%), pasteurisierte VOLLEIER, pasteurisiertes H\xc3\x9cHNEREIGELB, BUTTER, Bl\xc3\xbctenhonig, Salz. Backtriebmittel: Ammoniumhydrogencarbonat, Dinatriumdiphosphat, Natriumhydrogencarbonat, Aromen. Kann Spuren von anderen SCHALENFR\xc3\x9cCHTEN und SOJA enthalten.Allergenhinweise: Enth\xc3\xa4lt: Weizen und Weizenerzeugnisse (glutenhaltiges Getreide). Mandeln und Mandelerzeugnisse. Eier und Eierzeugnisse. Milch und Milcherzeugnisse (einschlie\xc3\x9flich Lactose). Kann enthalten: Soja und Sojaerzeugnisse. N\xc3\xbcsse und Nusserzeugnisse.N\xc3\xa4hrwerteDurchschnittliche N\xc3\xa4hrwerteUnzubereitet pro 100 gEnergie1.774 kJEnergie424 kcalFett16 gFett, davon ges\xc3\xa4ttigte Fetts\xc3\xa4uren3 gKohlenhydrate60 gKohlenhydrate, davon Zucker32 gEiwei\xc3\x9f10 gSalz0,06 gHinweiseAufbewahrungs- und Verwendungshinweis: K\xc3\xbchl und trocken lagern.ArtikeldetailsUrsprungsland: ItalienKontaktKontaktname: Biscottificio Belli srlKontaktadresse: Via dell'Albereto, 26/28/30, I-50041 Calenzano - FirenzeMaximale Bestellmenge: 15 St\xc3\xbcckF\xc3\xbcr die vorstehenden Angaben wird keine Haftung \xc3\xbcbernommen. Bitte pr\xc3\xbcfen Sie im Einzelfall die Angaben auf der jeweiligen Produktverpackung, nur diese sind verbindlich.Das Produktdesign kann von der Abbildung abweichen.""",Im Franzosengewann 3,Rewe,Süßes & Salziges,2023-07-09,"Gültig ab morgen bis Samstag, 15.07.2023"
Mitsuba Japanese Peanut Crunch & Crispies,https://img.rewe-static.de/REWE28_2023/8348948/31504369-13_digital-image.png?impolicy=s-offers&imwidth=200&output-format=image/webp,,https://shop.rewe.de/productList?search=2832136,,"je 100-g-Btl , (1 kg = 14.90)",Aktion,"1,49 €","b'ProduktbeschreibungArtikelnummer 8348948Zutaten & AllergeneZutaten: 53% Reis, WEIZENMEHL, Zucker, 8% ERDN\xc3\x9cSSE, modifizierte Maisst\xc3\xa4rke, 5% Sojaso\xc3\x9fe (Wasser, SOJABOHNEN, WEIZEN, Salz), SESAM, Glukosesirup, 0,7% Meeresalgen, Maltodextrin, Hefeextrakt, Salz, St\xc3\xa4rke (Tapioka, Kartoffel), Farbstoff (Zuckerkul\xc3\xb6r, Paprikaextrakt, E141).Allergenhinweise: Enth\xc3\xa4lt: Weizen und Weizenerzeugnisse (glutenhaltiges Getreide). Erdn\xc3\xbcsse und Erdnusserzeugnisse. Soja und Sojaerzeugnisse.N\xc3\xa4hrwerteDurchschnittliche N\xc3\xa4hrwerteUnzubereitet pro 100 gEnergie1.661 kJEnergie393 kcalFett5,2 gFett, davon ges\xc3\xa4ttigte Fetts\xc3\xa4uren1,1 gKohlenhydrate76 gKohlenhydrate, davon Zucker13,2 gBallaststoffe4,1 gEiwei\xc3\x9f8,6 gSalz1,3 gHinweiseAufbewahrungs- und Verwendungshinweis: Mindestens haltbar bis Ende: siehe VerpackungsaufdruckArtikeldetailsMarke: MitsubaEigenschaften: *Neu*KontaktKontaktname: Menken Orlando B.V.,Kontaktadresse: Kerketuinenweg 35, NL-2544 CV, Den Haag, The NetherlandsMaximale Bestellmenge: 15 St\xc3\xbcckF\xc3\xbcr die vorstehenden Angaben wird keine Haftung \xc3\xbcbernommen. Bitte pr\xc3\xbcfen Sie im Einzelfall die Angaben auf der jeweiligen Produktverpackung, nur diese sind verbindlich.Das Produktdesign kann von der Abbildung abweichen.'",Im Franzosengewann 3,Rewe,Süßes & Salziges,2023-07-09,"Gültig ab morgen bis Samstag, 15.07.2023"
Mitsuba Thai Chilli Crispies,https://img.rewe-static.de/REWE28_2023/8349986/30311577-9_digital-image.png?impolicy=s-offers&imwidth=200&output-format=image/webp,,https://shop.rewe.de/productList?search=2832136,,"je 85-g-Pckg , (1 kg = 17.53)",Aktion,"1,49 €","b""ProduktbeschreibungArtikelnummer 8349986You've found the real Asian flavour experience with Mitsuba! Our range of extraordinary savoury snacks inspired by the spices & herbs you can discover across Asia. Each pack is full of flavours and satisfying crunchy textures. Discover real Asian flavours. With a Crunch! Inspired by Kyoto Wasabi flavoured. MSG free. Palm oil free. Inspired by Phuket. Sweet chilli flavoured.Zutaten & AllergeneZutaten: 45% Jasminreis, Sonnenblumenol, Zucker, Tapiokast\xc3\xa4rke,Sojaso\xc3\x9fe (Wasser, SOJABOHNEN, WEIZEN, Salz,) Salz, Knoblauchpulver, 0,3% Chillipulver, Farbstoff(Paprikaextrakt), S\xc3\xbc\xc3\x9fholzpulver, S\xc3\xa4ureregulator(Citronens\xc3\xa4ure). Kann ERDN\xc3\x9cSSEN, SCHALENFR\xc3\x9cCHTE & SESAM enthalten.Allergenhinweise: Enth\xc3\xa4lt: Soja und Sojaerzeugnisse. Weizen und Weizenerzeugnisse (glutenhaltiges Getreide). Glutenhaltiges Getreide und glutenhaltige Getreideerzeugnisse. Kann enthalten: Erdn\xc3\xbcsse und Erdnusserzeugnisse. N\xc3\xbcsse und Nusserzeugnisse. Sesamsamen und Sesamsamenerzeugnisse.N\xc3\xa4hrwerteDurchschnittliche N\xc3\xa4hrwerteUnzubereitet pro 100 gEnergie2.254 kJEnergie540 kcalFett32,3 gFett, davon ges\xc3\xa4ttigte Fetts\xc3\xa4uren2,8 gKohlenhydrate58,1 gKohlenhydrate, davon Zucker14,5 gBallaststoffe1,3 gEiwei\xc3\x9f3,6 gSalz2,4 gHinweiseAufbewahrungs- und Verwendungshinweis: K\xc3\xbchl, trocken und lichtgesch\xc3\xbctzt lagern.Information: Unter Schutzatmosph\xc3\xa4re verpackt.ArtikeldetailsMarke: MitsubaUrsprungsland: NiederlandeKontaktKontaktname: MitsubaKontaktadresse: P.O. Box 43464, 2504 AL The Hague, NLF\xc3\xbcr die vorstehenden Angaben wird keine Haftung \xc3\xbcbernommen. Bitte pr\xc3\xbcfen Sie im Einzelfall die Angaben auf der jeweiligen Produktverpackung, nur diese sind verbindlich.Das Produktdesign kann von der Abbildung abweichen.""",Im Franzosengewann 3,Rewe,Süßes & Salziges,2023-07-09,"Gültig ab morgen bis Samstag, 15.07.2023"
Alwa Mineralwasser,https://img.rewe-static.de/REWE28_2023/7271554/27910389-9_digital-image.png?impolicy=s-offers&imwidth=200&output-format=image/webp,,https://shop.rewe.de/productList?search=2832136,,"versch. Sorten , je 12 x 0,75-l-Fl.-Kasten , (1 l = 0.44) , zzgl. 3.30 Pfand",Knaller,"3,99 €","b'ProduktbeschreibungArtikelnummer 7271554Zutaten & AllergeneZutaten: Mineralwasser, Kohlens\xc3\xa4ure.N\xc3\xa4hrwerteDurchschnittliche N\xc3\xa4hrwerteUnzubereitet pro 1 lCalcium520 mgMagnesium65 mgHinweiseInformation: Quellort: Sersheim; Quellname: alwaAnalysenauszug Mineralien - in mg/L:Natrium 17Kalium 5,4Calcium 520Magnesium 65Chlorid 29Sulfat 1170Hydrogencarbonat 415Analyse des Institut Dr. L\xc3\xb6rcher und Partner mbB, Ludwigsburg, best\xc3\xa4tigt durch laufende Kontrollen.ArtikeldetailsMarke: AlwaNettof\xc3\xbcllmenge: 0,75 LEigenschaften: RegionalPackungsgr\xc3\xb6\xc3\x9fe: 0,75lKontaktKontaktname: alwa Mineralbrunnen GmbHKontaktadresse: 74372 SersheimF\xc3\xbcr die vorstehenden Angaben wird keine Haftung \xc3\xbcbernommen. Bitte pr\xc3\xbcfen Sie im Einzelfall die Angaben auf der jeweiligen Produktverpackung, nur diese sind verbindlich.Das Produktdesign kann von der Abbildung abweichen.'",Im Franzosengewann 3,Rewe,Alkoholfreie Getränke,2023-07-09,"Gültig ab morgen bis Samstag, 15.07.2023"
Eiszeit Quell,https://img.rewe-static.de/REWE28_2023/2100223/3798720-22_digital-image.png?impolicy=s-offers&imwidth=200&output-format=image/webp,,https://shop.rewe.de/productList?search=2832136,,"versch. Sorten , je 9 x 1-l-Fl.-Kasten , (1 l = 0.67) , zzgl. 3.75 Pfand",Knaller,"5,99 €","ProduktbeschreibungArtikelnummer 2100223NährwerteDurchschnittliche NährwerteUnzubereitet pro 1 lKalium3,8 mgChlorid3,2 mgCalcium135 mgMagnesium35 mgFluorid0,6 mgBikarbonat354 mgNatrium6,9 mgSulfat 4+200 mgHinweiseAufbewahrungs- und Verwendungshinweis: Vor Sonnenlicht und Wärme schützenInformation: Kieselsäure 14,8mg/l Quellort:Reutlingen Quellname:Eiszeitquell Analyseinstitut des Chemischen Instituts FreseniusArtikeldetailsMarke: EiszeitquellNettofüllmenge: 1 LPackungsgröße: 1,0lx9KontaktKontaktname: Romina Mineralbrunnen GmbHKontaktadresse: 72768 ReutlingenMaximale Bestellmenge: 15 StückFür die vorstehenden Angaben wird keine Haftung übernommen. Bitte prüfen Sie im Einzelfall die Angaben auf der jeweiligen Produktverpackung, nur diese sind verbindlich.Das Produktdesign kann von der Abbildung abweichen.",Im Franzosengewann 3,Rewe,Alkoholfreie Getränke,2023-07-09,"Gültig ab morgen bis Samstag, 15.07.2023"
Orangina Limonade Original,https://img.rewe-static.de/REWE28_2023/8157671/28274487-6_digital-image.png?impolicy=s-offers&imwidth=200&output-format=image/webp,,https://shop.rewe.de/productList?search=2832136,,"je 0,5-l-Fl , (1 l = 1.98) , zzgl. 0.25 Pfand",Aktion,"0,99 €","b'ProduktbeschreibungArtikelnummer 8157671Zutaten & AllergeneZutaten: Wasser, Mehrfruchtsaft aus Fruchtsaftkonzentraten (Orange 10%, Zitrone, Mandarine, Grapefruit), Zucker , 2 % Fruchtfleisch (Orange, Mandarine) , Kohlens\xc3\xa4ure, Orangenschalenextrakt, nat\xc3\xbcrliches Orangenaroma.N\xc3\xa4hrwerteDurchschnittliche N\xc3\xa4hrwerteUnzubereitet pro 100 mlEnergie183 kJEnergie43 kcalFett0 gFett, davon ges\xc3\xa4ttigte Fetts\xc3\xa4uren0 gKohlenhydrate10 gKohlenhydrate, davon Zucker10 gBallaststoffe0 gEiwei\xc3\x9f0 gSalz0 gHinweiseAufbewahrungs- und Verwendungshinweis: Bitte k\xc3\xbchl und dunkel lagernArtikeldetailsMarke: OranginaNettof\xc3\xbcllmenge: 0,5 LUrsprungsland: DeutschlandKontaktKontaktname: Schweppes Deutschland GmbHKontaktadresse: Hagener Stra\xc3\x9fe 261, 57223 KreuztalF\xc3\xbcr die vorstehenden Angaben wird keine Haftung \xc3\xbcbernommen. Bitte pr\xc3\xbcfen Sie im Einzelfall die Angaben auf der jeweiligen Produktverpackung, nur diese sind verbindlich.Das Produktdesign kann von der Abbildung abweichen.'",Im Franzosengewann 3,Rewe,Alkoholfreie Getränke,2023-07-09,"Gültig ab morgen bis Samstag, 15.07.2023"
Bionade,https://img.rewe-static.de/REWE28_2023/0674450/25360165-8_digital-image.png?impolicy=s-offers&imwidth=200&output-format=image/webp,,https://shop.rewe.de/productList?search=2832136,,"versch. Sorten , je 12 x 0,33-l-Fl.-Kasten , (1 l = 2.02) , zzgl. 2.46 Pfand",Aktion,"7,99 €","b'ProduktbeschreibungArtikelnummer 674450Zutaten & AllergeneZutaten: Wasser, Zucker*, GERSTENmalz*, Holunderbeerensaft (1,7%) aus Holunderbeerensaftkonzentrat*, Kohlens\xc3\xa4ure, nat\xc3\xbcrliches Apfelsaft-, Orangen-, Blutorangen-Aroma*, S\xc3\xa4ureregulatoren Calcium- u.Magnesiumcarbonat, *Kontrolliert biologischer Anbau.N\xc3\xa4hrwerteDurchschnittliche N\xc3\xa4hrwerteUnzubereitet pro 100 mlEnergie95 kJEnergie22 kcalFett< 0,5 gFett, davon ges\xc3\xa4ttigte Fetts\xc3\xa4uren< 0,1 gKohlenhydrate5 gKohlenhydrate, davon Zucker5 gEiwei\xc3\x9f< 0,5 gSalz< 0,01 gArtikeldetailsMarkeBionadeNettof\xc3\xbcllmenge0,33 LEigenschaftenBio\xc3\x96kologische HerkunftEU/Nicht-EU Landwirtschaft\xc3\x96ko KontrollstelleDE-\xc3\x96KO-012Packungsgr\xc3\xb6\xc3\x9fe0,33lx12KontaktKontaktname: Bionade GmbHKontaktadresse: 97645 Ostheim vor der Rh\xc3\xb6nMaximale Bestellmenge: 15 St\xc3\xbcckF\xc3\xbcr die vorstehenden Angaben wird keine Haftung \xc3\xbcbernommen. Bitte pr\xc3\xbcfen Sie im Einzelfall die Angaben auf der jeweiligen Produktverpackung, nur diese sind verbindlich.Das Produktdesign kann von der Abbildung abweichen.'",Im Franzosengewann 3,Rewe,Alkoholfreie Getränke,2023-07-09,"Gültig ab morgen bis Samstag, 15.07.2023"
Volvic Bio Teegetränk,https://img.rewe-static.de/REWE28_2023/8279796/29189621-10_digital-image.png?impolicy=s-offers&imwidth=200&output-format=image/webp,,https://shop.rewe.de/productList?search=2832136,,"versch. Sorten , je 0,75-l-Fl , (1 l = 1.72) , zzgl. 0.25 Pfand",Aktion,"1,29 €","b'ProduktbeschreibungArtikelnummer 8279796Volvic Bio Tee - Ein einzigartiges Geschmackserlebnis aus besten Zutaten in Bio-Qualit\xc3\xa4t.\nF\xc3\xbcr Tee-Liebhaber und Bio-Fans gibt es Volvic jetzt in drei au\xc3\x9fergew\xc3\xb6hnlichen\nKompositionen inspiriert von den m\xc3\xa4chtigsten Vulkanen der Welt.\nBegeistert von der einzigartigen Erhabenheit des Piton de la Fournaise im exotischen\nInselparadies La Reunion, haben wir unseren Hibiskus Tee mit Litschi Maracuja-Geschmack kreiert.\nVolvic Bio Tee ist leckerer Eistee aus besten Zutaten in Bio-Qualit\xc3\xa4t \xe2\x80\x93 nat\xc3\xbcrlich, zuckerreduziert und mit wenig Kalorien.\nVolvic Bio Tee\n- Einzigartig nat\xc3\xbcrlicher Geschmack in den Sorten Hibiskus Tee, Rooibos Tee, Wei\xc3\x9fer Tee\n- Zuckerreduziert, mit wenig Kalorien\n- Nat\xc3\xbcrliche Zutaten in Bio-Qualit\xc3\xa4t\n- 100% nat\xc3\xbcrliche Aromen... mehr anzeigenZutaten & AllergeneZutaten: Nat\xc3\xbcrliches Mineralwasser Volvic (95%), Bio-Zucker, Bio-Zitronensaft aus Zitronensaftkonzentrat (1,6%), Bio-Hibiskus-Aufguss (0,09%), nat\xc3\xbcrliches Litschi-Passionsfrucht-Aroma, nat\xc3\xbcrliches Passionsfrucht-Aroma, f\xc3\xa4rbendes Bio-Konzentrat aus Holunderbeere, Apfel und schwarzer Johannisbeere.Allergenhinweise: Enth\xc3\xa4lt: Keine deklarationspflichtigen Allergene enthalten.N\xc3\xa4hrwerteDurchschnittliche N\xc3\xa4hrwerteUnzubereitet pro 100 mlEnergie56 kJEnergie13 kcalFett0 gFett, davon ges\xc3\xa4ttigte Fetts\xc3\xa4uren0 gKohlenhydrate3,1 gKohlenhydrate, davon Zucker3,1 gEiwei\xc3\x9f0 gSalz< 0,01 gHinweiseAufbewahrungs- und Verwendungshinweis: Nach dem \xc3\x96ffnen im K\xc3\xbchlschrank aufbewahren und innerhalb von 3 Tagen aufbrauchen. K\xc3\xbchl & trocken lagern sowie vor direkter Sonneneinstrahlung sch\xc3\xbctzen.ArtikeldetailsMarke: VolvicNettof\xc3\xbcllmenge: 0,75 LEigenschaften: BioUrsprungsland: Frankreich\xc3\x96ko Kontrollstelle: FR-BIO-01KontaktKontaktname: Danone Deutschland GmbHKontaktadresse: Postfach 100359, 60003 Frankfurt DeutschlandF\xc3\xbcr die vorstehenden Angaben wird keine Haftung \xc3\xbcbernommen. Bitte pr\xc3\xbcfen Sie im Einzelfall die Angaben auf der jeweiligen Produktverpackung, nur diese sind verbindlich.Das Produktdesign kann von der Abbildung abweichen.'",Im Franzosengewann 3,Rewe,Alkoholfreie Getränke,2023-07-09,"Gültig ab morgen bis Samstag, 15.07.2023"
Vio Flavour Water,https://img.rewe-static.de/REWE28_2023/8874805/37819131-2_digital-image.png?impolicy=s-offers&imwidth=200&output-format=image/webp,,https://shop.rewe.de/productList?search=2832136,,"versch. Sorten , je 1-l-Fl , zzgl. 0.25 Pfand",Aktion,"0,99 €",nan,Im Franzosengewann 3,Rewe,Alkoholfreie Getränke,2023-07-09,"Gültig ab morgen bis Samstag, 15.07.2023"
Sinalco Orangenlimonade,https://img.rewe-static.de/REWE28_2023/0064822/2879460-37_digital-image.png?impolicy=s-offers&imwidth=200&output-format=image/webp,,https://shop.rewe.de/productList?search=2832136,,"je 1,25-l-Fl , (1 l = 0.63) , zzgl. 0.25 Pfand",Aktion,"0,79 €","b'ProduktbeschreibungArtikelnummer 64822Zutaten & AllergeneZutaten: Nat\xc3\xbcrliches Mineralwasser, Zucker, Orangensaft aus Orangensaftkonzentrat (5%), Kohlens\xc3\xa4ure, S\xc3\xa4uerungsmittel Citronens\xc3\xa4ure, Orangenextrakt, f\xc3\xa4rbendes Lebensmittel Karottensaftkonzentrat, Vitamin C, nat\xc3\xbcrliches Orangenaroma mit anderen nat\xc3\xbcrlichen Aromen, S\xc3\xa4ureregulator Trinatriumcitrat, Stabilisator Johannisbrotkernmehl.N\xc3\xa4hrwerteDurchschnittliche N\xc3\xa4hrwerteUnzubereitet pro 100 mlEnergie167 kJEnergie39 kcalFett0 gFett, davon ges\xc3\xa4ttigte Fetts\xc3\xa4uren0 gKohlenhydrate9,5 gKohlenhydrate, davon Zucker9,5 gEiwei\xc3\x9f0 gSalz0,06 gVitamin C12 mgHinweiseAufbewahrungs- und Verwendungshinweis: Vor Sonnenlicht und W\xc3\xa4rme sch\xc3\xbctzenInformation: Fruchtgehalt: 5%ArtikeldetailsMarke: SinalcoNettof\xc3\xbcllmenge: 1,25 LUrsprungsland: DeutschlandPackungsgr\xc3\xb6\xc3\x9fe: 1,25lKontaktKontaktname: Deutsche Sinalco GmbH Markengetr\xc3\xa4nke & co. KG, In Lizenz der Sinalco International GmbH & Co. KGKontaktadresse: D- 47179 DuisburgMaximale Bestellmenge: 15 St\xc3\xbcckF\xc3\xbcr die vorstehenden Angaben wird keine Haftung \xc3\xbcbernommen. Bitte pr\xc3\xbcfen Sie im Einzelfall die Angaben auf der jeweiligen Produktverpackung, nur diese sind verbindlich.Das Produktdesign kann von der Abbildung abweichen.'",Im Franzosengewann 3,Rewe,Alkoholfreie Getränke,2023-07-09,"Gültig ab morgen bis Samstag, 15.07.2023"
Karamalz,https://img.rewe-static.de/REWE28_2023/0146790/22381314-3_digital-image.png?impolicy=s-offers&imwidth=200&output-format=image/webp,,https://shop.rewe.de/productList?search=2832136,,"alkoholfreies Malzgetränk , je 20 x 0,5-l-Fl.-Kasten , (1 l = 1.15) , zzgl. 3.10 Pfand",Aktion,"11,49 €","b'ProduktbeschreibungArtikelnummer 146790Karamalz Classic ist ein alkoholfreies Malzgetr\xc3\xa4nk mit der charakteristischen Karamell-Note, die auch namensgebend f\xc3\xbcr Karamalz ist. Durch die Verwendung bester Zutaten, dem Einsatz des typischen Karamell-Malzes und der richtigen Dosis Kohlens\xc3\xa4ure entsteht der einzigartige Geschmack von Karamalz Classic. Die Mixtur der wertvollen Inhaltsstoffe wie Hopfenextrakt und Gerstenmalz - mit der nat\xc3\xbcrlichen Kraft aus Maltose - liefert seit\xc3\xbcber 50 Jahren lecker-starken Trinkgenuss. Es ist somit das ideale Getr\xc3\xa4nk am Ende eines herausfordernden und spannenden Tages und ein Genuss f\xc3\xbcr die ganze Familie.Zutaten & AllergeneZutaten: Wasser, GERSTENMALZ, Glucose-Fructose Sirup, Kohlens\xc3\xa4ure, Hopfenextrakt.N\xc3\xa4hrwerteDurchschnittliche N\xc3\xa4hrwerteUnzubereitet pro 100 mlEnergie184 kJEnergie44 kcalFett0 gFett, davon ges\xc3\xa4ttigte Fetts\xc3\xa4uren0 gKohlenhydrate10,5 gKohlenhydrate, davon Zucker8 gEiwei\xc3\x9f< 0,4 gSalz< 0,01 gHinweiseAufbewahrungs- und Verwendungshinweis: K\xc3\xbchl und dunkel lagernArtikeldetailsMarke: KaramalzNettof\xc3\xbcllmenge: 0,5 LPackungsgr\xc3\xb6\xc3\x9fe: 0,5lx20KontaktKontaktname: Privatbrauerei Eichbaum GmbH & Co.KGKontaktadresse: K\xc3\xa4fertaler Stra\xc3\x9fe 170, 68167 MannheimMaximale Bestellmenge: 15 St\xc3\xbcckF\xc3\xbcr die vorstehenden Angaben wird keine Haftung \xc3\xbcbernommen. Bitte pr\xc3\xbcfen Sie im Einzelfall die Angaben auf der jeweiligen Produktverpackung, nur diese sind verbindlich.Das Produktdesign kann von der Abbildung abweichen.'",Im Franzosengewann 3,Rewe,Alkoholfreie Getränke,2023-07-09,"Gültig ab morgen bis Samstag, 15.07.2023"
Rauch Eis Tee,https://img.rewe-static.de/REWE28_2023/8028256/30756925-10_digital-image.png?impolicy=s-offers&imwidth=200&output-format=image/webp,,https://shop.rewe.de/productList?search=2832136,,"versch. Sorten , je 1,5-l-Fl , (1 l = 0.86) , zzgl. 0.25 Pfand",Aktion,"1,29 €","b'ProduktbeschreibungArtikelnummer 8028256Zutaten & AllergeneZutaten: Aufguss aus Schwarztee und Hagebutten (Wasser, Schwarztee, Hagebutten), Zucker, 1,5% Zitronensaft aus Zitronensaftkonzentrat, S\xc3\xa4uerungsmittel: Citronens\xc3\xa4ure; S\xc3\xa4ureregulator: Natriumcitrate; Aroma. Tee-Extrakt: mind. 1,5 g/l.N\xc3\xa4hrwerteDurchschnittliche N\xc3\xa4hrwerteUnzubereitet pro 100 mlEnergie118 kJEnergie28 kcalFett< 0,5 gFett, davon ges\xc3\xa4ttigte Fetts\xc3\xa4uren< 0,1 gKohlenhydrate6,7 gKohlenhydrate, davon Zucker6,7 gEiwei\xc3\x9f< 0,5 gSalz0,02 gHinweiseAufbewahrungs- und Verwendungshinweis: Ge\xc3\xb6ffnet gek\xc3\xbchlt 3 Tage haltbar.ArtikeldetailsMarke: RauchNettof\xc3\xbcllmenge: 1,5 LUrsprungsland: \xc3\x96sterreichKontaktKontaktname: Rauch Fruchts\xc3\xa4fte GmbH & Co OGKontaktadresse: Langgasse 1, A-6830 Rankweil, AustriaF\xc3\xbcr die vorstehenden Angaben wird keine Haftung \xc3\xbcbernommen. Bitte pr\xc3\xbcfen Sie im Einzelfall die Angaben auf der jeweiligen Produktverpackung, nur diese sind verbindlich.Das Produktdesign kann von der Abbildung abweichen.'",Im Franzosengewann 3,Rewe,Alkoholfreie Getränke,2023-07-09,"Gültig ab morgen bis Samstag, 15.07.2023"
"Gerolsteiner Schorle, Limo, Tee oder Fruity",https://img.rewe-static.de/REWE28_2023/0913150/35561510-9_digital-image.png?impolicy=s-offers&imwidth=200&output-format=image/webp,,https://shop.rewe.de/productList?search=2832136,,"versch. Sorten , je 0,75-l-Fl , (1 l = 1.32) , zzgl. 0.25 Pfand",Aktion,"0,99 €",nan,Im Franzosengewann 3,Rewe,Alkoholfreie Getränke,2023-07-09,"Gültig ab morgen bis Samstag, 15.07.2023"
Sanpellegrino Limonade,https://img.rewe-static.de/REWE28_2023/7836277/34639276-11_digital-image.png?impolicy=s-offers&imwidth=200&output-format=image/webp,,https://shop.rewe.de/productList?search=2832136,,"versch. Sorten , je 0,33-l-Dose , (1 l = 2.70) , zzgl. 0.25 Pfand",Aktion,"0,89 €","b'ProduktbeschreibungArtikelnummer 7836277Zutaten & AllergeneZutaten: Wasser, Orangensaft aus Orangensaftkonzentrat (16%), Zucker, Kohlens\xc3\xa4ure, Zitronensaftkonzentrat, Orangenextrakt (0,1%), nat\xc3\xbcrliches Orangenaroma.N\xc3\xa4hrwerteDurchschnittliche N\xc3\xa4hrwerteUnzubereitet pro 100 mlEnergie149 kJEnergie35 kcalFett0 gFett, davon ges\xc3\xa4ttigte Fetts\xc3\xa4uren0 gKohlenhydrate8,1 gKohlenhydrate, davon Zucker8,1 gBallaststoffe0,1 gEiwei\xc3\x9f0,1 gSalz0 gHinweiseAufbewahrungs- und Verwendungshinweis: Vor Sonne und Frost sch\xc3\xbctzen und an einem sauberen, trockenen, k\xc3\xbchlen und geruchlosen Ort lagern.ArtikeldetailsMarke: San PellegrinoNettof\xc3\xbcllmenge: 0,33 LUrsprungsland: ItalienKontaktKontaktname: SANPELLEGRINO S.p.A.Kontaktadresse: San PellegrinoTerme (BG)Localit\xc3\xa0 Ruspino24016 - ItalienMaximale Bestellmenge: 15 St\xc3\xbcckF\xc3\xbcr die vorstehenden Angaben wird keine Haftung \xc3\xbcbernommen. Bitte pr\xc3\xbcfen Sie im Einzelfall die Angaben auf der jeweiligen Produktverpackung, nur diese sind verbindlich.Das Produktdesign kann von der Abbildung abweichen.'",Im Franzosengewann 3,Rewe,Alkoholfreie Getränke,2023-07-09,"Gültig ab morgen bis Samstag, 15.07.2023"
Deit oder Spezi,https://img.rewe-static.de/REWE28_2023/0574152/6524320-22_digital-image.png?impolicy=s-offers&imwidth=200&output-format=image/webp,,https://shop.rewe.de/productList?search=2832136,,"versch. Sorten, teilw. koffeinhaltig , je 0,75-l-Fl , (1 l = 1.19) , zzgl. 0.25 Pfand",Aktion,"0,89 €","b'ProduktbeschreibungArtikelnummer 574152DEIT verf\xc3\xbchrt zum Tr\xc3\xa4umen vom S\xc3\xbcden und dem Land, wo die Zitronen bl\xc3\xbchen. Feinherbe Fruchtigkeit, prickelndes Mineralwasser und viele Vitamine \xe2\x80\x93 ganz ohne \xc3\xbcberfl\xc3\xbcssige Kalorien. Die perfekte Mischung f\xc3\xbcr figurbewusste Genie\xc3\x9fer!\nDEIT. Null Zucker, viele Vitamine, voller Fruchtgeschmack!Zutaten & AllergeneZutaten: Nat\xc3\xbcrliches Mineralwasser, Kohlens\xc3\xa4ure, Zitronen- und Orangensaftkonzentrat, konzentrierter Zitronenextrakt, S\xc3\xa4uerungsmittel Citronens\xc3\xa4ure, S\xc3\xbc\xc3\x9fungsmittel Natriumcyclamat, Acesulfam K, Aspartam und Natriumsaccharin, Vitaminmischung (Vitamin C, Vitamin E, Niacin, Pantothenat, Vitamin B6, Fols\xc3\xa4ure, Vitamin B12), nat\xc3\xbcrliches Citrusaroma, Stabilisatoren Guarkernmehl und Pektin.N\xc3\xa4hrwerteDurchschnittliche N\xc3\xa4hrwerteUnzubereitet pro 100 mlEnergie12 kJEnergie3 kcalFett0 gFett, davon ges\xc3\xa4ttigte Fetts\xc3\xa4uren0 gKohlenhydrate0 gKohlenhydrate, davon Zucker0 gEiwei\xc3\x9f0 gSalz0,01 gVitamin E1,8 mgVitamin C8 mgNiacin2,4 mgFols\xc3\xa4ure30 \xc2\xb5gPantothens\xc3\xa4ure0,9 mgVitamin B60,21 mgVitamin B120,25 \xc2\xb5gHinweiseAufbewahrungs- und Verwendungshinweis: Vor W\xc3\xa4rme und Licht sch\xc3\xbctzen.Information: Enth\xc3\xa4lt eine Phenylalaninquelle.ArtikeldetailsMarke: DeitNettof\xc3\xbcllmenge: 0,75 LUrsprungsland: DeutschlandPackungsgr\xc3\xb6\xc3\x9fe: 0,75lKontaktKontaktname: DrinkStar GmbHKontaktadresse: D-83026 RosenheimF\xc3\xbcr die vorstehenden Angaben wird keine Haftung \xc3\xbcbernommen. Bitte pr\xc3\xbcfen Sie im Einzelfall die Angaben auf der jeweiligen Produktverpackung, nur diese sind verbindlich.Das Produktdesign kann von der Abbildung abweichen.'",Im Franzosengewann 3,Rewe,Alkoholfreie Getränke,2023-07-09,"Gültig ab morgen bis Samstag, 15.07.2023"
Rockstar Energy Drink,https://img.rewe-static.de/REWE28_2023/7861466/33881992-10_digital-image.png?impolicy=s-offers&imwidth=200&output-format=image/webp,,https://shop.rewe.de/productList?search=2832136,,"versch. Sorten, koffeinhaltig , je 0,5-l-Dose , (1 l = 1.76) , zzgl. 0.25 Pfand",Aktion,"0,88 €","b'ProduktbeschreibungArtikelnummer 7861466Zutaten & AllergeneZutaten: Wasser, Zucker, S\xc3\xa4uerungsmittel Citronens\xc3\xa4ure, Kohlens\xc3\xa4ure, S\xc3\xa4ureregulator Natriumcitrate, Aroma, Koffein (0,03%), Vitamine (Vitamin C, Nicotins\xc3\xa4ureamid, Vitamin B6), Farbstoffe (Ammoniak-Zuckerkul\xc3\xb6r, Riboflavine), Taurin (0,02%), Inosit (0,01%), Ginseng-Aromaextrakt (0,0004%).N\xc3\xa4hrwerteDurchschnittliche N\xc3\xa4hrwerteUnzubereitet pro 100 mlEnergie221 kJEnergie52 kcalFett0 gFett, davon ges\xc3\xa4ttigte Fetts\xc3\xa4uren0 gKohlenhydrate13 gKohlenhydrate, davon Zucker12 gEiwei\xc3\x9f0 gSalz0,17 gVitamin C16 mgNiacin3,2 mgVitamin B60,28 mgHinweiseAufbewahrungs- und Verwendungshinweis: K\xc3\xbchl und trocken aufbewahren.Information: Erh\xc3\xb6hter Koffeingehalt. F\xc3\xbcr Kinder und schwangere oder stillende Frauen nicht empfohlen (Koffeingehalt:31mg/100ml). Nicht empfohlen f\xc3\xbcr Personen, die empfindlich auf Koffein reagieren. In moderaten Mengen konsumieren. Nicht empfohlen mit Alkohol zu mischen.ArtikeldetailsMarke: RockstarNettof\xc3\xbcllmenge: 0,5 LUrsprungsland: DeutschlandKontaktKontaktname: PepsiCo Deutschland GmbHKontaktadresse: D-63263 Neu-IsenburgMaximale Bestellmenge: 15 St\xc3\xbcckF\xc3\xbcr die vorstehenden Angaben wird keine Haftung \xc3\xbcbernommen. Bitte pr\xc3\xbcfen Sie im Einzelfall die Angaben auf der jeweiligen Produktverpackung, nur diese sind verbindlich.Das Produktdesign kann von der Abbildung abweichen.'",Im Franzosengewann 3,Rewe,Alkoholfreie Getränke,2023-07-09,"Gültig ab morgen bis Samstag, 15.07.2023"
Lipton Ice Tea oder Sparkling,https://img.rewe-static.de/REWE28_2023/8553666/32715823-10_digital-image.png?impolicy=s-offers&imwidth=200&output-format=image/webp,,https://shop.rewe.de/productList?search=2832136,,"versch. Sorten , je 1,5-l-Fl , (1 l = 0.66) , zzgl. 0.25 Pfand",Aktion,"0,99 €","b'ProduktbeschreibungArtikelnummer 8553666Zutaten & AllergeneZutaten: Wasser, Zucker, Fruktose, S\xc3\xa4uerungsmittel (Citronens\xc3\xa4ure), Schwarztee-Extrakt\xe2\x81\xbd\xc2\xb9\xe2\x81\xbe (0,12%), Zitronensaft aus Zitronensaftkonzentrat (0,1%), Aromen, S\xc3\xa4ureregulator Trinatriumcitrat, Antioxidationsmittel Ascorbins\xc3\xa4ure, S\xc3\xbc\xc3\x9fungsmittel Steviolglycoside.\xe2\x81\xbd\xc2\xb9\xe2\x81\xbe Rainforest Alliance Certified.Mehr Informationen unter ra.org.N\xc3\xa4hrwerteDurchschnittliche N\xc3\xa4hrwerteUnzubereitet pro 100 mlEnergie81 kJEnergie19 kcalFett< 0,5 gFett, davon ges\xc3\xa4ttigte Fetts\xc3\xa4uren< 0,1 gKohlenhydrate4,6 gKohlenhydrate, davon Zucker4,5 gEiwei\xc3\x9f< 0,5 gSalz0,03 gHinweiseAufbewahrungs- und Verwendungshinweis: Nach dem \xc3\x96ffnen im K\xc3\xbchlschrank aufbewahren und bald konsumieren.ArtikeldetailsMarke: LiptonNettof\xc3\xbcllmenge: 1,5 LUrsprungsland: DeutschlandKontaktKontaktname: PepsiCo Deutschland GmbHKontaktadresse: D-63263 Neu-IsenburgMaximale Bestellmenge: 15 St\xc3\xbcckF\xc3\xbcr die vorstehenden Angaben wird keine Haftung \xc3\xbcbernommen. Bitte pr\xc3\xbcfen Sie im Einzelfall die Angaben auf der jeweiligen Produktverpackung, nur diese sind verbindlich.Das Produktdesign kann von der Abbildung abweichen.'",Im Franzosengewann 3,Rewe,Alkoholfreie Getränke,2023-07-09,"Gültig ab morgen bis Samstag, 15.07.2023"
Pepsi,https://img.rewe-static.de/REWE28_2023/8541362/32711974-34_digital-image.png?impolicy=s-offers&imwidth=200&output-format=image/webp,,https://shop.rewe.de/productList?search=2832136,,"versch. Sorten, koffeinhaltig , je 1,5-l-Fl , (1 l = 0.66) , zzgl. 0.25 Pfand",Aktion,"0,99 €","b'ProduktbeschreibungArtikelnummer 8541362Zutaten & AllergeneZutaten: Wasser, Zucker, Kohlens\xc3\xa4ure, Farbstoff E 150d, S\xc3\xa4uerungsmittel Phosphors\xc3\xa4ure, Aroma, S\xc3\xbc\xc3\x9fungsmittel (Acesulfam K, Sucralose), Aroma Koffein.N\xc3\xa4hrwerteDurchschnittliche N\xc3\xa4hrwerteUnzubereitet pro 100 mlEnergie120 kJEnergie28 kcalFett0 gFett, davon ges\xc3\xa4ttigte Fetts\xc3\xa4uren0 gKohlenhydrate7 gKohlenhydrate, davon Zucker7 gEiwei\xc3\x9f0 gSalz< 0,01 gHinweiseAufbewahrungs- und Verwendungshinweis: Mindestens haltbar bis: Siehe Flaschenhals.ArtikeldetailsMarke: PepsiNettof\xc3\xbcllmenge: 1,5 LUrsprungsland: DeutschlandKontaktKontaktname: PepsiCo Deutschland GmbHKontaktadresse: D-63263 Neu-IsenburgMaximale Bestellmenge: 15 St\xc3\xbcckF\xc3\xbcr die vorstehenden Angaben wird keine Haftung \xc3\xbcbernommen. Bitte pr\xc3\xbcfen Sie im Einzelfall die Angaben auf der jeweiligen Produktverpackung, nur diese sind verbindlich.Das Produktdesign kann von der Abbildung abweichen.'",Im Franzosengewann 3,Rewe,Alkoholfreie Getränke,2023-07-09,"Gültig ab morgen bis Samstag, 15.07.2023"
S. Pellegrino Mineralwasser,https://img.rewe-static.de/REWE28_2023/0106565/9482880-6_digital-image.png?impolicy=s-offers&imwidth=200&output-format=image/webp,,https://shop.rewe.de/productList?search=2832136,,"je 1-l-Fl , zzgl. 0.25 Pfand",Aktion,"0,79 €","b'ProduktbeschreibungArtikelnummer 106565S.Pellegrino bringt echtes italienisches Lebensgef\xc3\xbchl direkt zu Ihnen nach Hause. Ein feinperliges nat\xc3\xbcrliches Mineralwasser f\xc3\xbcr Genie\xc3\x9fer, das stilvoll erfrischt.\n\nUnnachahmlich prickelnd und frisch, so schmeckt S.Pellegrino. Das liegt an der einzigartigen Balance, die das Mineralwasser besonders feinperlig sprudeln l\xc3\xa4sst. Ausgewogen mineralisiert, ist S.Pellegrino ein ebenso spritziger wie authentischer Genuss.\n\nEin Wasser mit Tradition\n\nS.Pellegrino, das bereits seit 1899 Genie\xc3\x9fer begeistert, entspringt in der nahezu unber\xc3\xbchrten Natur der lombardischen Alpen. Auf seiner langen Reise durch breite Schichten Dolomit- und Gipsgestein erh\xc3\xa4lt das Wasser seine ausgewogene Mineralisierung und seine besondere Reinheit. \n\nImmer ein Genuss\n\nMit seinem nat\xc3\xbcrlichen und lebendigen Temperament ist S.Pellegrino ein Wasser, das einfach \xc3\xbcberall genossen werden kann. Darum gibt es den italienischen Klassiker auch in handlichen 1,0L Pet-Flaschen \xe2\x80\x93 Wie geschaffen f\xc3\xbcr geselliges Beisammensein und genussvolles Miteinander. Besonders praktisch: Im Sixpack haben Sie immer eine Flasche in Reserve.\n\nS.Pellegrino\n- Nat\xc3\xbcrliches feinperliges Mineralwasser\n- Erfrischt einfach herrlich italienisch\n- Ein Wasser f\xc3\xbcr anspruchsvolle Genie\xc3\x9fer\n- Ausgewogen mineralisiert und besonders prickelnd\n- Wassergenuss f\xc3\xbcr jede Gelegenheit in handlichen Pet-Flaschen... mehr anzeigenSeit 1899 ist S.Pellegrino eine Ikone italienischen Stils und eines der bekanntesten nat\xc3\xbcrlichen Mineralwasser der Welt. Dank seiner perfekten Balance aus feinperliger Kohlens\xc3\xa4ure, Mineralisierung und einzigartigem Geschmack \xc3\xbcberzeugt es Sommeliers und Spitzenk\xc3\xb6che. \nSo inspiriert S.Pellegrino dazu, genussvolle Momente auszukosten und sie zu teilen.N\xc3\xa4hrwerteDurchschnittliche N\xc3\xa4hrwerteUnzubereitet pro 1 lChlorid49,4 mgCalcium166 mgMagnesium49,5 mgBikarbonat244 mgNatrium30 mgSulfat 4+401 mgHinweiseAufbewahrungs- und Verwendungshinweis: Vor Sonne und Frost sch\xc3\xbctzen und an einem sauberen, trockenen, k\xc3\xbchlen und geruchlosen Ort lagern.Information: Abdampfr\xc3\xbcckstand bei 180 Grad: 853 mg/LpH-Wert an der Quelle: 7,7Aus der S.PELLEGRINO Quelle in SAN PELLEGRINO TERME (BERGAMO) ITALIENArtikeldetailsMarke: San PellegrinoNettof\xc3\xbcllmenge: 1 LUrsprungsland: ItalienPackungsgr\xc3\xb6\xc3\x9fe: 1,0lKontaktKontaktname: SANPELLEGRINO S.P.A.Kontaktadresse: 24016 SAN PELLEGRINO TERME (BG)LOCALIT\xc3\x80 RUSPINO - ITALIENMaximale Bestellmenge: 15 St\xc3\xbcckF\xc3\xbcr die vorstehenden Angaben wird keine Haftung \xc3\xbcbernommen. Bitte pr\xc3\xbcfen Sie im Einzelfall die Angaben auf der jeweiligen Produktverpackung, nur diese sind verbindlich.Das Produktdesign kann von der Abbildung abweichen.'",Im Franzosengewann 3,Rewe,Alkoholfreie Getränke,2023-07-09,"Gültig ab morgen bis Samstag, 15.07.2023"
Warsteiner Pils,https://img.rewe-static.de/REWE28_2023/4665945/27706345-2_digital-image.png?impolicy=s-offers&imwidth=200&output-format=image/webp,,https://shop.rewe.de/productList?search=2832136,,"je 20 x 0,5-l-Fl.-Kasten , (1 l = 1.10) , zzgl. 3.10 + 0.50 Pfand",Knaller,"10,99 €","b'Bestellung ab 18 Jahren.F\xc3\xbcr dieses Produkt gilt das Jugendschutzgesetz.ProduktbeschreibungArtikelnummer 4665945Mit \xc3\xbcber 260-j\xc3\xa4hriger Brautradition entsteht dieses eiskalt filtrierte internationale Pilsener der Premium-Klasse in der WARSTEINER Privatbrauerei. Der besonders hohe Anspruch an Qualit\xc3\xa4t und Geschmack beginnt bereits bei der Auswahl von besonders weichem Brauwasser, Hopfen aus der Hallertau und feinstem Sommergerstenmalz.Zutaten & AllergeneZutaten: Brauwasser, GERSTENMALZ, Hopfen, HopfenextraktN\xc3\xa4hrwerteDurchschnittliche N\xc3\xa4hrwerteUnzubereitet pro 100 mlEnergie175 kJEnergie42 kcalFett0 gFett, davon ges\xc3\xa4ttigte Fetts\xc3\xa4uren0 gKohlenhydrate3,5 gKohlenhydrate, davon Zucker0 gEiwei\xc3\x9f0,5 gSalz0 gArtikeldetailsMarke: WarsteinerAlkoholgehalt: 4,8 % Vol.Packungsgr\xc3\xb6\xc3\x9fe: 0,5lx20KontaktKontaktname: Warsteiner Brauerei Haus Cramer KGKontaktadresse: 59564 Warstein / DeutschlandMaximale Bestellmenge: 15 St\xc3\xbcckF\xc3\xbcr die vorstehenden Angaben wird keine Haftung \xc3\xbcbernommen. Bitte pr\xc3\xbcfen Sie im Einzelfall die Angaben auf der jeweiligen Produktverpackung, nur diese sind verbindlich.Das Produktdesign kann von der Abbildung abweichen.'",Im Franzosengewann 3,Rewe,Bier,2023-07-09,"Gültig ab morgen bis Samstag, 15.07.2023"
Jever Pilsener,https://img.rewe-static.de/REWE28_2023/5046009/22381826-10_digital-image.png?impolicy=s-offers&imwidth=200&output-format=image/webp,,https://shop.rewe.de/productList?search=2832136,,"versch. Sorten , je 20 x 0,5-l-Fl.-Kasten , (1 l = 1.20) , zzgl. 3.10 Pfand",Aktion,"11,99 €","b'Bestellung ab 18 Jahren.F\xc3\xbcr dieses Produkt gilt das Jugendschutzgesetz.ProduktbeschreibungArtikelnummer 5046009Zutaten & AllergeneZutaten: Wasser, GERSTENmalz, Hopfen.N\xc3\xa4hrwerteDurchschnittliche N\xc3\xa4hrwerteUnzubereitet pro 100 mlEnergie167 kJEnergie40 kcalFett0 gFett, davon ges\xc3\xa4ttigte Fetts\xc3\xa4uren0 gKohlenhydrate2,2 gKohlenhydrate, davon Zucker< 0,5 gEiwei\xc3\x9f< 0,5 gSalz0,02 gArtikeldetailsMarke: JeverAlkoholgehalt: 4,9 % Vol.Packungsgr\xc3\xb6\xc3\x9fe: 0,5lx20KontaktKontaktname: Friesisches Brauhaus zu JeverKontaktadresse: Elisabethufer 18 26441 JeverMaximale Bestellmenge: 15 St\xc3\xbcckF\xc3\xbcr die vorstehenden Angaben wird keine Haftung \xc3\xbcbernommen. Bitte pr\xc3\xbcfen Sie im Einzelfall die Angaben auf der jeweiligen Produktverpackung, nur diese sind verbindlich.Das Produktdesign kann von der Abbildung abweichen.'",Im Franzosengewann 3,Rewe,Bier,2023-07-09,"Gültig ab morgen bis Samstag, 15.07.2023"
Franziskaner Weissbier,https://img.rewe-static.de/REWE28_2023/4669606/22381783-6_digital-image.png?impolicy=s-offers&imwidth=200&output-format=image/webp,,https://shop.rewe.de/productList?search=2832136,,"versch. Sorten , je 20 x 0,5-l-Fl.-Kasten , (1 l = 1.30) , zzgl. 3.10 Pfand",Aktion,"12,99 €","b'Bestellung ab 18 Jahren.F\xc3\xbcr dieses Produkt gilt das Jugendschutzgesetz.ProduktbeschreibungArtikelnummer 4669606Zutaten & AllergeneZutaten: Wasser, WEIZENMALZ, GERSTENMALZ, Hefe, HopfenextraktN\xc3\xa4hrwerteDurchschnittliche N\xc3\xa4hrwerteUnzubereitet pro 100 mlEnergie180 kJEnergie43 kcalFett0,01 gFett, davon ges\xc3\xa4ttigte Fetts\xc3\xa4uren0,01 gKohlenhydrate2,6 gKohlenhydrate, davon Zucker0,2 gBallaststoffe0,4 gEiwei\xc3\x9f0,78 gSalz0,01 gHinweiseInformation: Kein Verzehr in Zusammenhang mita)dem F\xc3\xbchren von Fahrzeugen,b)einer Schwangerschaft,c)Medikamenten-EinnahmeArtikeldetailsMarke: FranziskanerAlkoholgehalt: 5 % Vol.Packungsgr\xc3\xb6\xc3\x9fe: 0,5lx20KontaktKontaktname: Spaten-Franziskaner Br\xc3\xa4u GmbHKontaktadresse: D-80335 M\xc3\xbcnchen, Marsstr. 46Maximale Bestellmenge: 15 St\xc3\xbcckF\xc3\xbcr die vorstehenden Angaben wird keine Haftung \xc3\xbcbernommen. Bitte pr\xc3\xbcfen Sie im Einzelfall die Angaben auf der jeweiligen Produktverpackung, nur diese sind verbindlich.Das Produktdesign kann von der Abbildung abweichen.'",Im Franzosengewann 3,Rewe,Bier,2023-07-09,"Gültig ab morgen bis Samstag, 15.07.2023"
Heller Seggl,https://img.rewe-static.de/REWE28_2023/8101326/28902168-23_digital-image.png?impolicy=s-offers&imwidth=200&output-format=image/webp,,https://shop.rewe.de/productList?search=2832136,,"je 20 x 0,5-l-Fl.-Kasten , (1 l = 1.20) , zzgl. 3.10 Pfand",Aktion,"11,99 €","b'Bestellung ab 18 Jahren.F\xc3\xbcr dieses Produkt gilt das Jugendschutzgesetz.ProduktbeschreibungArtikelnummer 8101326Zutaten & AllergeneZutaten: Wasser, Gerstenmalz, Hopfen.Allergenhinweise: Gersten und Gerstenerzeugnisse (glutenhaltiges Getreide).N\xc3\xa4hrwerteDurchschnittliche N\xc3\xa4hrwerteUnzubereitet pro 100 mlEnergie167 kJEnergie40 kcalFett< 0,1 gFett, davon ges\xc3\xa4ttigte Fetts\xc3\xa4uren< 0,1 gKohlenhydrate2,94 gKohlenhydrate, davon Zucker< 0,2 gEiwei\xc3\x9f0,46 gSalz< 0,01 gArtikeldetailsAlkoholgehalt: 5,1 % Vol.KontaktKontaktname: REWE Markt GmbHKontaktadresse: Im Unteren Wald, 69168 WieslochMaximale Bestellmenge: 15 St\xc3\xbcckF\xc3\xbcr die vorstehenden Angaben wird keine Haftung \xc3\xbcbernommen. Bitte pr\xc3\xbcfen Sie im Einzelfall die Angaben auf der jeweiligen Produktverpackung, nur diese sind verbindlich.Das Produktdesign kann von der Abbildung abweichen.'",Im Franzosengewann 3,Rewe,Bier,2023-07-09,"Gültig ab morgen bis Samstag, 15.07.2023"
Benediktiner Hell,https://img.rewe-static.de/REWE28_2023/3145695/26404048-8_digital-image.png?impolicy=s-offers&imwidth=200&output-format=image/webp,,https://shop.rewe.de/productList?search=2832136,,"je 20 x 0,5-l-Fl.-Kasten , (1 l = 1.50) , zzgl. 3.10 Pfand",Aktion,"14,99 €","b'Bestellung ab 18 Jahren.F\xc3\xbcr dieses Produkt gilt das Jugendschutzgesetz.ProduktbeschreibungArtikelnummer 3145695Zutaten & AllergeneZutaten: Wasser, GERSTENMALZ, HopfenHinweiseAufbewahrungs- und Verwendungshinweis: Bitte k\xc3\xbchl und dunkel lagernArtikeldetailsMarke: BenediktinerAlkoholgehalt: 5 % Vol.KontaktKontaktname: Benediktiner Weissbr\xc3\xa4u GmbHKontaktadresse: 82488 EttalMaximale Bestellmenge: 15 St\xc3\xbcckF\xc3\xbcr die vorstehenden Angaben wird keine Haftung \xc3\xbcbernommen. Bitte pr\xc3\xbcfen Sie im Einzelfall die Angaben auf der jeweiligen Produktverpackung, nur diese sind verbindlich.Das Produktdesign kann von der Abbildung abweichen.'",Im Franzosengewann 3,Rewe,Bier,2023-07-09,"Gültig ab morgen bis Samstag, 15.07.2023"
Veltins Helles Pülleken,https://img.rewe-static.de/REWE28_2023/8423348/30997960-4_digital-image.png?impolicy=s-offers&imwidth=200&output-format=image/webp,,https://shop.rewe.de/productList?search=2832136,,"je 24 x 0,33-l-Fl.-Kasten , (1 l = 1.77) , zzgl. 3.42 Pfand",Aktion,"13,99 €","b'Bestellung ab 18 Jahren.F\xc3\xbcr dieses Produkt gilt das Jugendschutzgesetz.ProduktbeschreibungArtikelnummer 8423348Zutaten & AllergeneZutaten: Wasser, GERSTENMALZ, Hopfen.N\xc3\xa4hrwerteDurchschnittliche N\xc3\xa4hrwerteUnzubereitet pro 100 mlEnergie179 kJEnergie43 kcalHinweiseAufbewahrungs- und Verwendungshinweis: Mindestens haltbar bis: Siehe Verpackungsaufdruck.ArtikeldetailsMarke: P\xc3\xbcllekenAlkoholgehalt: 5,2 % Vol.KontaktKontaktname: Brauerei C. & A. Veltins GmbH & Co. KGKontaktadresse: 59872 Meschede-GrevensteinF\xc3\xbcr die vorstehenden Angaben wird keine Haftung \xc3\xbcbernommen. Bitte pr\xc3\xbcfen Sie im Einzelfall die Angaben auf der jeweiligen Produktverpackung, nur diese sind verbindlich.Das Produktdesign kann von der Abbildung abweichen.'",Im Franzosengewann 3,Rewe,Bier,2023-07-09,"Gültig ab morgen bis Samstag, 15.07.2023"
Karlsberg Mixery,https://img.rewe-static.de/REWE28_2023/0019145/3716360-69_digital-image.png?impolicy=s-offers&imwidth=200&output-format=image/webp,,https://shop.rewe.de/productList?search=2832136,,"versch. Sorten, teilw. koffeinhaltig , je 0,5-l-Dose , (1 l = 1.98) , zzgl. 0.25 Pfand",Aktion,"0,99 €","b'Bestellung ab 18 Jahren.F\xc3\xbcr dieses Produkt gilt das Jugendschutzgesetz.ProduktbeschreibungArtikelnummer 19145Zutaten & AllergeneZutaten: Bier (Wasser, GERSTENMALZ, Hopfenextrakt), Wasser, Zucker, Kohlens\xc3\xa4ure, Farbstoff: E 150 c, S\xc3\xa4uerungsmittel E 338, nat\xc3\xbcrliches Aroma, Aroma KoffeinAllergenhinweise: Enth\xc3\xa4lt: Gerste und Gerstenerzeugnisse (glutenhaltiges Getreide).N\xc3\xa4hrwerteDurchschnittliche N\xc3\xa4hrwerteUnzubereitet pro 100 mlEnergie180 kJEnergie43 kcalArtikeldetailsMarke: MixeryUrsprungsland: DeutschlandAlkoholgehalt: 3,1 % Vol.Packungsgr\xc3\xb6\xc3\x9fe: 0,5l DoseKontaktKontaktname: Karlsberg BrauereiKontaktadresse: Karlsbergstra\xc3\x9fe 62, 66424 HomburgF\xc3\xbcr die vorstehenden Angaben wird keine Haftung \xc3\xbcbernommen. Bitte pr\xc3\xbcfen Sie im Einzelfall die Angaben auf der jeweiligen Produktverpackung, nur diese sind verbindlich.Das Produktdesign kann von der Abbildung abweichen.'",Im Franzosengewann 3,Rewe,Bier,2023-07-09,"Gültig ab morgen bis Samstag, 15.07.2023"
Astra,https://img.rewe-static.de/REWE28_2023/0190044/3268680-38_digital-image.png?impolicy=s-offers&imwidth=200&output-format=image/webp,,https://shop.rewe.de/productList?search=2832136,,"versch. Sorten , je 6 x 0,33-l-Fl.-Sixpack , (1 l = 2.17) , zzgl. 0.48 Pfand",Aktion,"4,29 €","b'Bestellung ab 18 Jahren.F\xc3\xbcr dieses Produkt gilt das Jugendschutzgesetz.ProduktbeschreibungArtikelnummer 190044Zutaten & AllergeneZutaten: Wasser, GERSTENMALZ, HopfenArtikeldetailsMarke: AstraAlkoholgehalt: 4,9 % Vol.Packungsgr\xc3\xb6\xc3\x9fe: 6x0,33lKontaktKontaktname: Bavaria-St.Pauli GmbHKontaktadresse: 22755 HamburgF\xc3\xbcr die vorstehenden Angaben wird keine Haftung \xc3\xbcbernommen. Bitte pr\xc3\xbcfen Sie im Einzelfall die Angaben auf der jeweiligen Produktverpackung, nur diese sind verbindlich.Das Produktdesign kann von der Abbildung abweichen.'",Im Franzosengewann 3,Rewe,Bier,2023-07-09,"Gültig ab morgen bis Samstag, 15.07.2023"
Heineken Beer,https://img.rewe-static.de/REWE28_2023/1443690/30786658-10_digital-image.png?impolicy=s-offers&imwidth=200&output-format=image/webp,,https://shop.rewe.de/productList?search=2832136,,"je 28 x 0,25/20 x 0,4-l-Fl.-Kasten , (1 l = 2.14/1.87) , zzgl. 3.74/3.10 Pfand",Aktion,"14,99 €","b'Bestellung ab 18 Jahren.F\xc3\xbcr dieses Produkt gilt das Jugendschutzgesetz.ProduktbeschreibungArtikelnummer 1443690Heineken\xc2\xae ist ein gold-gelbes Lager mit 100 % nat\xc3\xbcrlichen Zutaten und einem kleinen, feinen Extra: A-Hefe. Heinekens einzigartige A-Hefe sorgt f\xc3\xbcr volles Aroma und feine Fruchtnoten. Der Abgang ist mild und leicht bitter.\nOffizieller Partner von der EURO 2020, UEFA Champions League, James Bond, Rugby, Formel 1 und Formel-e Zutaten & AllergeneZutaten: Wasser, GERSTENMALZ, Hopfenextrakt.N\xc3\xa4hrwerteDurchschnittliche N\xc3\xa4hrwerteUnzubereitet pro 100 mlEnergie176 kJEnergie42 kcalFett0 gFett, davon ges\xc3\xa4ttigte Fetts\xc3\xa4uren0 gKohlenhydrate3,2 gKohlenhydrate, davon Zucker< 0 gBallaststoffe0 gEiwei\xc3\x9f0 gSalz< 0,01 gArtikeldetailsMarke: HeinekenAlkoholgehalt: 5 % Vol.Packungsgr\xc3\xb6\xc3\x9fe: 0,25lx28KontaktKontaktname: Heineken Deutschland GmbHKontaktadresse: Ehrenbergstr. 19, 10245 BerlinMaximale Bestellmenge: 15 St\xc3\xbcckF\xc3\xbcr die vorstehenden Angaben wird keine Haftung \xc3\xbcbernommen. Bitte pr\xc3\xbcfen Sie im Einzelfall die Angaben auf der jeweiligen Produktverpackung, nur diese sind verbindlich.Das Produktdesign kann von der Abbildung abweichen.'",Im Franzosengewann 3,Rewe,Bier,2023-07-09,"Gültig ab morgen bis Samstag, 15.07.2023"
CyberZ Beer Mix,https://img.rewe-static.de/REWE28_2023/8897146/39521337-9_digital-image.png?impolicy=s-offers&imwidth=200&output-format=image/webp,,https://shop.rewe.de/productList?search=2832136,,"versch. Sorten , je 4 x 0,33-l-Fl.-Pckg , (1 l = 3.78) , zzgl. 0.32 Pfand",Aktion,"4,99 €","b'Bestellung ab 18 Jahren.F\xc3\xbcr dieses Produkt gilt das Jugendschutzgesetz.ProduktbeschreibungArtikelnummer 8897146Times for Limez. CYBERZ vereint Bier mit s\xc3\xbc\xc3\x9f-sauren Caipi-Limetten-\nFlavour. Ein neuer frischer Mix ohne\xc2\xa0Kompromisse.\nTurn up your Flavour \xe2\x80\x93 und starte mit aufregenden 5,9% vol. in Deine\nPartymood und einen Abend ganz nach deinem Geschmack.Zutaten & AllergeneZutaten: 85% Bier (Wasser, GERSTENmalz, Hopfen, Hopfenextrakt), 15% Erfrischungsgetr\xc3\xa4nk mit Caipirinha-Geschmack (Wasser, Zucker, Limettensaft* (1,5%), Orangensaft* (1,5%), Zitronensaft* (1,0%), S\xc3\xa4uerungsmittel Citronens\xc3\xa4ure, nat\xc3\xbcrliches Limettenaroma mit anderen nat\xc3\xbcrlichen Aromen, Kohlens\xc3\xa4ure, Stabilisator Johannisbrotkernmehl). *aus FruchtsaftkonzentratenN\xc3\xa4hrwerteDurchschnittliche N\xc3\xa4hrwerteUnzubereitet pro 100 mlEnergie267 kJEnergie64 kcalFett0 gFett, davon ges\xc3\xa4ttigte Fetts\xc3\xa4uren0 gKohlenhydrate7,1 gKohlenhydrate, davon Zucker5,3 gEiwei\xc3\x9f< 0,5 gSalz< 0,01 gArtikeldetailsEigenschaften: *Neu*Alkoholgehalt: 5,9 % Vol.KontaktKontaktname: Gesellschaft f. Importbiere u. Bierspezialit\xc3\xa4ten mbHKontaktadresse: Darmst\xc3\xa4dter Landstr. 185 60598 Frankfurt am MainMaximale Bestellmenge: 15 St\xc3\xbcckF\xc3\xbcr die vorstehenden Angaben wird keine Haftung \xc3\xbcbernommen. Bitte pr\xc3\xbcfen Sie im Einzelfall die Angaben auf der jeweiligen Produktverpackung, nur diese sind verbindlich.Das Produktdesign kann von der Abbildung abweichen.'",Im Franzosengewann 3,Rewe,Bier,2023-07-09,"Gültig ab morgen bis Samstag, 15.07.2023"
Veltins Pilsener,https://img.rewe-static.de/REWE28_2023/0017005/2245920-31_digital-image.png?impolicy=s-offers&imwidth=200&output-format=image/webp,,https://shop.rewe.de/productList?search=2832136,,"je 0,5-l-Dose , (1 l = 1.58) , zzgl. 0.25 Pfand",Aktion,"0,79 €","b'Bestellung ab 18 Jahren.F\xc3\xbcr dieses Produkt gilt das Jugendschutzgesetz.ProduktbeschreibungArtikelnummer 17005Zutaten & AllergeneZutaten: Wasser, GERSTENMALZ, HopfenAllergenhinweise: Enth\xc3\xa4lt: Gerste und Gerstenerzeugnisse (glutenhaltiges Getreide).N\xc3\xa4hrwerteDurchschnittliche N\xc3\xa4hrwerteUnzubereitet pro 100 mlEnergie167 kJEnergie40 kcalFett< 0,1 gFett, davon ges\xc3\xa4ttigte Fetts\xc3\xa4uren< 0,1 gKohlenhydrate2,9 gKohlenhydrate, davon Zucker1,4 gEiwei\xc3\x9f0,63 gSalz< 0,01 gArtikeldetailsMarke: VeltinsUrsprungsland: DeutschlandAlkoholgehalt: 4,8 % Vol.Packungsgr\xc3\xb6\xc3\x9fe: 0,5lKontaktKontaktname: Brauerei C.&A. Veltins GmbH & Co. KGKontaktadresse: D-59872 Meschede-GrevensteinMaximale Bestellmenge: 15 St\xc3\xbcckF\xc3\xbcr die vorstehenden Angaben wird keine Haftung \xc3\xbcbernommen. Bitte pr\xc3\xbcfen Sie im Einzelfall die Angaben auf der jeweiligen Produktverpackung, nur diese sind verbindlich.Das Produktdesign kann von der Abbildung abweichen.'",Im Franzosengewann 3,Rewe,Bier,2023-07-09,"Gültig ab morgen bis Samstag, 15.07.2023"
Corona Mexican Beer,https://img.rewe-static.de/REWE28_2023/1306571/19881660-30_digital-image.png?impolicy=s-offers&imwidth=200&output-format=image/webp,,https://shop.rewe.de/productList?search=2832136,,"je 6 x 0,355-l-Fl.-Sixpack , (1 l = 3.05) , zzgl. 0.48 Pfand",Aktion,"6,49 €","b'Bestellung ab 18 Jahren.F\xc3\xbcr dieses Produkt gilt das Jugendschutzgesetz.ProduktbeschreibungArtikelnummer 1306571Zutaten & AllergeneZutaten: Wasser, Gerstenmalz, Mais, HopfenN\xc3\xa4hrwerteDurchschnittliche N\xc3\xa4hrwerteUnzubereitet pro 100 mlEnergie176 kJEnergie42 kcalFett0 gFett, davon ges\xc3\xa4ttigte Fetts\xc3\xa4uren0 gKohlenhydrate4 gKohlenhydrate, davon Zucker0,15 gBallaststoffe0,3 gEiwei\xc3\x9f0,3 gSalz0,005 gHinweiseInformation: Kein Verzehr in Zusammenhang mita)dem F\xc3\xbchren von Fahrzeugen,b)einer Schwangerschaft,c)Medikamenten-EinnahmeArtikeldetailsMarke: CoronaAlkoholgehalt: 4,5 % Vol.Packungsgr\xc3\xb6\xc3\x9fe: 0,35lx6KontaktKontaktname: Anheuser-Busch !nBev Deutschland GmbH & Co.KGKontaktadresse: Am Deich 18/19, 28199 BremenMaximale Bestellmenge: 15 St\xc3\xbcckF\xc3\xbcr die vorstehenden Angaben wird keine Haftung \xc3\xbcbernommen. Bitte pr\xc3\xbcfen Sie im Einzelfall die Angaben auf der jeweiligen Produktverpackung, nur diese sind verbindlich.Das Produktdesign kann von der Abbildung abweichen.'",Im Franzosengewann 3,Rewe,Bier,2023-07-09,"Gültig ab morgen bis Samstag, 15.07.2023"
Grauer Burgunder vom Kalkstein QBA,https://img.rewe-static.de/REWE28_2023/2453174/23877569-32_digital-image.png?impolicy=s-offers&imwidth=200&output-format=image/webp,,https://shop.rewe.de/productList?search=2832136,,"trocken , je 0,75-l-Fl , (1 l = 5.32)",Knaller,"3,99 €","b'Bestellung ab 18 Jahren.F\xc3\xbcr dieses Produkt gilt das Jugendschutzgesetz.ProduktbeschreibungArtikelnummer 2453174Ausdrucksstarker,k\xc3\xb6rperreicher Weisswein mit viel Schmelz, Frische und Frucht. Ausgewogen und gehaltvoll. \nEmpfehlung: zu hellem Fleisch, gebratenem Fisch, Gefl\xc3\xbcgel, Pasta, Salat \nTrinktemperatur: 8-12\xc2\xb0C Zutaten & AllergeneZutaten: Nicht deklariert: Wei\xc3\x9fwein 97%, Traubenmost, Packgas Kohlendioxid, Antioxidationsmittel (Ascorbins\xc3\xa4ure, Schwefeldioxid), Stabilisator Metaweins\xc3\xa4ure Zusatzstoffe: E 220Allergenhinweise: Schwefeldioxid und Sulfite in einer Konzentration von mehr als 10 mg/kg oder 10 mg/l, als SO2 angegebenN\xc3\xa4hrwerteDurchschnittliche N\xc3\xa4hrwertepro 100 mlEnergie319 kJEnergie77 kcalFett0 gFett, davon ges\xc3\xa4ttigte Fetts\xc3\xa4uren0 gKohlenhydrate0,8 gKohlenhydrate, davon Zucker0,7 gEiwei\xc3\x9f0 gSalz0,02 gArtikeldetailsUrsprungsland: DeutschlandAlkoholgehalt: 12,5 % Vol.Schmeckt zu: Vorspeisen & Salat, Fisch & Meeresfr\xc3\xbcchten, Gefl\xc3\xbcgel, PastaKontaktKontaktname: Reh Kendermann GmbHKontaktadresse: 55411 Bingen, DeutschlandMaximale Bestellmenge: 15 St\xc3\xbcckF\xc3\xbcr die vorstehenden Angaben wird keine Haftung \xc3\xbcbernommen. Bitte pr\xc3\xbcfen Sie im Einzelfall die Angaben auf der jeweiligen Produktverpackung, nur diese sind verbindlich.Das Produktdesign kann von der Abbildung abweichen.'",Im Franzosengewann 3,Rewe,Wein & Spirituosen,2023-07-09,"Gültig ab morgen bis Samstag, 15.07.2023"
Mezzacorona Pinot Grigio DOC,https://img.rewe-static.de/REWE28_2023/0274069/35288910-5_digital-image.png?impolicy=s-offers&imwidth=200&output-format=image/webp,,https://shop.rewe.de/productList?search=2832136,,"trocken , je 0,75-l-Fl , (1 l = 5.32)",Aktion,"3,99 €","b'Bestellung ab 18 Jahren.F\xc3\xbcr dieses Produkt gilt das Jugendschutzgesetz.ProduktbeschreibungArtikelnummer 274069Ein fruchtig und frische Bukett mit\neinem dichten Aroma.\n\nEmpfehlung: zu Vorspeisen, Salaten,\nFisch, Meeresfr\xc3\xbcchten, Schwein, Gefl\xc3\xbcgel\nTrinktemperatur: 8-10\xc2\xb0C Zutaten & AllergeneZutaten: Nicht deklariert:Wei\xc3\x9fwein, rektifiziertes Traubenmostkonzentrat, S\xc3\xa4uerungsmittel (Weins\xc3\xa4ure, Citronens\xc3\xa4ure), Antioxidationsmittel (Schwefeldioxid). Zusatzstoffe: E 220Allergenhinweise: Schwefeldioxid und Sulfite in einer Konzentration von mehr als 10 mg/kg oder 10 mg/l, als SO2 angegebenN\xc3\xa4hrwerteDurchschnittliche N\xc3\xa4hrwertepro 100 mlEnergie302 kJEnergie73 kcalFett0 gFett, davon ges\xc3\xa4ttigte Fetts\xc3\xa4uren0 gKohlenhydrate< 0,5 gKohlenhydrate, davon Zucker< 0,5 gEiwei\xc3\x9f0 gSalz0,02 gArtikeldetailsUrsprungsland: ItalienAlkoholgehalt: 12,5 % Vol.Schmeckt zu: Vorspeisen & Salat, Fisch & Meeresfr\xc3\xbcchten, Gefl\xc3\xbcgel, SchweinKontaktKontaktname: Nosio SpaKontaktadresse: Mezzocorona, , ItalienMaximale Bestellmenge: 15 St\xc3\xbcckF\xc3\xbcr die vorstehenden Angaben wird keine Haftung \xc3\xbcbernommen. Bitte pr\xc3\xbcfen Sie im Einzelfall die Angaben auf der jeweiligen Produktverpackung, nur diese sind verbindlich.Das Produktdesign kann von der Abbildung abweichen.'",Im Franzosengewann 3,Rewe,Wein & Spirituosen,2023-07-09,"Gültig ab morgen bis Samstag, 15.07.2023"
Berentzen Fruchtige,https://img.rewe-static.de/REWE28_2023/0366072/860700-34_digital-image.png?impolicy=s-offers&imwidth=200&output-format=image/webp,,https://shop.rewe.de/productList?search=2832136,,"Apfelkorn, 18% Vol. , je 0,7-l-Fl , (1 l = 7.13)",Aktion,"4,99 €","b'Bestellung ab 18 Jahren.F\xc3\xbcr dieses Produkt gilt das Jugendschutzgesetz.ProduktbeschreibungArtikelnummer 366072HinweiseAufbewahrungs- und Verwendungshinweis: k\xc3\xbchl lagern, vor Sonnenlicht sch\xc3\xbctzenArtikeldetailsMarke: BerentzenUrsprungsland: DeutschlandAlkoholgehalt: 18 % Vol.Geschmacksrichtung: ApfelKontaktKontaktname: Berentzen-Gruppe AktiengesellschaftKontaktadresse: D-49740 Hasel\xc3\xbcnneMaximale Bestellmenge: 15 St\xc3\xbcckF\xc3\xbcr die vorstehenden Angaben wird keine Haftung \xc3\xbcbernommen. Bitte pr\xc3\xbcfen Sie im Einzelfall die Angaben auf der jeweiligen Produktverpackung, nur diese sind verbindlich.Das Produktdesign kann von der Abbildung abweichen.'",Im Franzosengewann 3,Rewe,Wein & Spirituosen,2023-07-09,"Gültig ab morgen bis Samstag, 15.07.2023"
Süss & Fruchtig Riesling QbA,https://img.rewe-static.de/REWE28_2023/0617358/3723580-26_digital-image.png?impolicy=s-offers&imwidth=200&output-format=image/webp,,https://shop.rewe.de/productList?search=2832136,,"je 0,75-l-Fl , (1 l = 4.65)",Aktion,"3,49 €","b'Bestellung ab 18 Jahren.F\xc3\xbcr dieses Produkt gilt das Jugendschutzgesetz.ProduktbeschreibungArtikelnummer 617358- Fruchtig, mit ausgewogenem S\xc3\xa4urespiel, prickelnd und erfrischend.\n- Empfehlung: Als Aperitif, zum Grillen.\n- Trinktemperatur: 8 - 10\xc2\xb0C. Zutaten & AllergeneZutaten: Enth\xc3\xa4lt SulfiteAllergenhinweise: Enth\xc3\xa4lt: Schwefeldioxid und Sulfite.ArtikeldetailsMarke: Weingut KlundtUrsprungsland: DeutschlandAlkoholgehalt: 9,5 % Vol.Schmeckt zu: Gefl\xc3\xbcgel, Gegrilltem, Vorspeisen & Salat, Asiatischen SpeisenKontaktKontaktname: W\xc3\xbcrttembergische Weing\xc3\xa4rtner ZentralgenossenschaftKontaktadresse: Raiffeisenstra\xc3\x9fe 2, 71696 M\xc3\xb6glingenMaximale Bestellmenge: 15 St\xc3\xbcckF\xc3\xbcr die vorstehenden Angaben wird keine Haftung \xc3\xbcbernommen. Bitte pr\xc3\xbcfen Sie im Einzelfall die Angaben auf der jeweiligen Produktverpackung, nur diese sind verbindlich.Das Produktdesign kann von der Abbildung abweichen.'",Im Franzosengewann 3,Rewe,Wein & Spirituosen,2023-07-09,"Gültig ab morgen bis Samstag, 15.07.2023"
Mariacron Weinbrand,https://img.rewe-static.de/REWE28_2023/0128546/3384090-30_digital-image.png?impolicy=s-offers&imwidth=200&output-format=image/webp,,https://shop.rewe.de/productList?search=2832136,,"36% Vol. , je 0,7-l-Fl , (1 l = 8.56)",Aktion,"5,99 €","b'Bestellung ab 18 Jahren.F\xc3\xbcr dieses Produkt gilt das Jugendschutzgesetz.ProduktbeschreibungArtikelnummer 128546Der Weinbrand-Kenner sch\xc3\xa4tzt die harmonische Verbindung eines reifen weinigen Buketts und eines charaktervoll milden Geschmacks.Zutaten & AllergeneAllergenhinweise: Kann enthalten: Walnuss und Walnusserzeugnisse.ArtikeldetailsMarke: MariacronUrsprungsland: DeutschlandAlkoholgehalt: 36 % Vol.KontaktKontaktname: Nordbrand Nordhausen GmbHKontaktadresse: 99734 Nordhausen/HarzMaximale Bestellmenge: 15 St\xc3\xbcckF\xc3\xbcr die vorstehenden Angaben wird keine Haftung \xc3\xbcbernommen. Bitte pr\xc3\xbcfen Sie im Einzelfall die Angaben auf der jeweiligen Produktverpackung, nur diese sind verbindlich.Das Produktdesign kann von der Abbildung abweichen.'",Im Franzosengewann 3,Rewe,Wein & Spirituosen,2023-07-09,"Gültig ab morgen bis Samstag, 15.07.2023"
Pitu Caipirinha,https://img.rewe-static.de/REWE28_2023/8276061/29039537-11_digital-image.png?impolicy=s-offers&imwidth=200&output-format=image/webp,,https://shop.rewe.de/productList?search=2832136,,"10% Vol. , je 0,33-l-Dose , (1 l = 6.03) , zzgl. 0.25 Pfand",Aktion,"1,99 €","b'Bestellung ab 18 Jahren.F\xc3\xbcr dieses Produkt gilt das Jugendschutzgesetz.ProduktbeschreibungArtikelnummer 8276061Zutaten & AllergeneAllergenhinweise: Enth\xc3\xa4lt: Keine deklarationspflichtigen Allergene enthalten.ArtikeldetailsMarke: Pit\xc3\xbaUrsprungsland: DeutschlandAlkoholgehalt: 10 % Vol.KontaktKontaktname: Pit\xc3\xba Importadora-Exportadora GmbHKontaktadresse: D-85435 ErdingF\xc3\xbcr die vorstehenden Angaben wird keine Haftung \xc3\xbcbernommen. Bitte pr\xc3\xbcfen Sie im Einzelfall die Angaben auf der jeweiligen Produktverpackung, nur diese sind verbindlich.Das Produktdesign kann von der Abbildung abweichen.'",Im Franzosengewann 3,Rewe,Wein & Spirituosen,2023-07-09,"Gültig ab morgen bis Samstag, 15.07.2023"
Oberkircher Collection O,https://img.rewe-static.de/REWE28_2023/0818890/21374366-5_digital-image.png?impolicy=s-offers&imwidth=200&output-format=image/webp,,https://shop.rewe.de/productList?search=2832136,,"Riesling oder Rose QbA feinherb , je 0,75-l-Fl , (1 l = 5.99)",Aktion,"4,49 €","b'Bestellung ab 18 Jahren.F\xc3\xbcr dieses Produkt gilt das Jugendschutzgesetz.ProduktbeschreibungArtikelnummer 818890W\xc3\xbcrzige Zitrus- und Kr\xc3\xa4uteraromen.\nEmpfehlung: Zur leichten K\xc3\xbcche.\nTrinktemperatur: 8 - 10\xc2\xb0C Zutaten & AllergeneZutaten: enth\xc3\xa4lt SulfiteAllergenhinweise: Enth\xc3\xa4lt: Schwefeldioxid und Sulfite.ArtikeldetailsMarke: Oberkircher WinzerEigenschaften: *Neu*Ursprungsland: DeutschlandAlkoholgehalt: 11,5 % Vol.Schmeckt zu: Vorspeisen & Salat, Gem\xc3\xbcseKontaktKontaktname: Oberkircher Winzer eGKontaktadresse: 77704 OberkirchMaximale Bestellmenge: 15 St\xc3\xbcckF\xc3\xbcr die vorstehenden Angaben wird keine Haftung \xc3\xbcbernommen. Bitte pr\xc3\xbcfen Sie im Einzelfall die Angaben auf der jeweiligen Produktverpackung, nur diese sind verbindlich.Das Produktdesign kann von der Abbildung abweichen.'",Im Franzosengewann 3,Rewe,Wein & Spirituosen,2023-07-09,"Gültig ab morgen bis Samstag, 15.07.2023"
14 Primitivo di Marina IGT,https://img.rewe-static.de/REWE28_2023/8725382/35802581-9_digital-image.png?impolicy=s-offers&imwidth=200&output-format=image/webp,,https://shop.rewe.de/productList?search=2832136,,"trocken , je 0,75-l-Fl , (1 l = 7.99)",Aktion,"5,99 €","b'Bestellung ab 18 Jahren.F\xc3\xbcr dieses Produkt gilt das Jugendschutzgesetz.ProduktbeschreibungArtikelnummer 8725382Rubinrote Farbe, duftet nach Waldbeeren, Kirschen und Vanille. Langer eleganter Abgang.\n\nEMPFEHLUNG: zu Rind, Lamm, Gem\xc3\xbcse und Grillen\nTRINKTEMPERATUR: 16-18\xc2\xb0C Zutaten & AllergeneZutaten: Enth\xc3\xa4lt SulfiteAllergenhinweise: Enth\xc3\xa4lt: Schwefeldioxid und Sulfite.ArtikeldetailsMarke: Contessa MarinaUrsprungsland: ItalienAlkoholgehalt: 14 % Vol.Schmeckt zu: Rind, Lamm, Gem\xc3\xbcse, GegrilltemKontaktKontaktname: Saffer Wein GmbHKontaktadresse: Martin Kollar Str. 11, 81829 M\xc3\xbcnchenMaximale Bestellmenge: 15 St\xc3\xbcckF\xc3\xbcr die vorstehenden Angaben wird keine Haftung \xc3\xbcbernommen. Bitte pr\xc3\xbcfen Sie im Einzelfall die Angaben auf der jeweiligen Produktverpackung, nur diese sind verbindlich.Das Produktdesign kann von der Abbildung abweichen.'",Im Franzosengewann 3,Rewe,Wein & Spirituosen,2023-07-09,"Gültig ab morgen bis Samstag, 15.07.2023"
Lindemans Bin 65 Chardonnay,https://img.rewe-static.de/REWE28_2023/1474421/10189290-23_digital-image.png?impolicy=s-offers&imwidth=200&output-format=image/webp,,https://shop.rewe.de/productList?search=2832136,,"trocken , je 0,75-l-Fl , (1 l = 6.65)",Aktion,"4,99 €","b""Bestellung ab 18 Jahren.F\xc3\xbcr dieses Produkt gilt das Jugendschutzgesetz.ProduktbeschreibungArtikelnummer 1474421Volumin\xc3\xb6ser Wei\xc3\x9fwein mit intensiven Vanillearomen, dezentem Frucht-S\xc3\xa4ure-Spiel, mit angenehmer L\xc3\xa4nge.\nTrinktemperatur: 8-10\xc2\xb0C.\n\nAlkoholgehalt: 13,5 % Vol.\n\nImporteur:\nTreasury Wine Estates\nHouse 70 London Road Twickenham Zutaten & AllergeneZutaten: Zusatzstoffe: E 220Allergenhinweise: Schwefeldioxid und Sulfite in einer Konzentration von mehr als 10 mg/kg oder 10 mg/l, als SO2 angegebenArtikeldetailsMarke: Lindeman'sUrsprungsland: AustralienSchmeckt zu: Vorspeisen & Salat, Gefl\xc3\xbcgel, Asiatischen Speisen, PastaMaximale Bestellmenge: 15 St\xc3\xbcckF\xc3\xbcr die vorstehenden Angaben wird keine Haftung \xc3\xbcbernommen. Bitte pr\xc3\xbcfen Sie im Einzelfall die Angaben auf der jeweiligen Produktverpackung, nur diese sind verbindlich.Das Produktdesign kann von der Abbildung abweichen.""",Im Franzosengewann 3,Rewe,Wein & Spirituosen,2023-07-09,"Gültig ab morgen bis Samstag, 15.07.2023"
Deidesheimer Riesling QbA,https://img.rewe-static.de/REWE28_2023/0018865/22279472-16_digital-image.png?impolicy=s-offers&imwidth=200&output-format=image/webp,,https://shop.rewe.de/productList?search=2832136,,"trocken , je 1-l-Fl",Aktion,"3,49 €","b'Bestellung ab 18 Jahren.F\xc3\xbcr dieses Produkt gilt das Jugendschutzgesetz.ProduktbeschreibungArtikelnummer 18865- Blassgelb mit leichtem Gr\xc3\xbcnstich.\n- Trinktemperatur: 8 - 12\xc2\xb0C. Zutaten & AllergeneZutaten: Enth\xc3\xa4lt SulfiteAllergenhinweise: Enth\xc3\xa4lt: Schwefeldioxid und Sulfite.ArtikeldetailsMarkeDie WeinmacherEigenschaften*Neu*UrsprungslandDeutschlandAlkoholgehalt12 % Vol.ServiervorschlagEin Genuss zu: Lachslasagne, Gem\xc3\xbcsegratins oder feinen Gefl\xc3\xbcgelgerichten.Schmeckt zuGefl\xc3\xbcgel, Gem\xc3\xbcseKontaktKontaktname: Die Weinmacher GmbHKontaktadresse: 67150 NiederkirchenMaximale Bestellmenge: 15 St\xc3\xbcckF\xc3\xbcr die vorstehenden Angaben wird keine Haftung \xc3\xbcbernommen. Bitte pr\xc3\xbcfen Sie im Einzelfall die Angaben auf der jeweiligen Produktverpackung, nur diese sind verbindlich.Das Produktdesign kann von der Abbildung abweichen.'",Im Franzosengewann 3,Rewe,Wein & Spirituosen,2023-07-09,"Gültig ab morgen bis Samstag, 15.07.2023"
Kessler Sekt,https://img.rewe-static.de/REWE28_2023/4652240/2630880-26_digital-image.png?impolicy=s-offers&imwidth=200&output-format=image/webp,,https://shop.rewe.de/productList?search=2832136,,"versch. Sorten , je 0,75-l-Fl , (1 l = 11.32)",Aktion,"8,49 €","b'Bestellung ab 18 Jahren.F\xc3\xbcr dieses Produkt gilt das Jugendschutzgesetz.ProduktbeschreibungArtikelnummer 4652240Zutaten & AllergeneZutaten: Enth\xc3\xa4lt SULFITEAllergenhinweise: Enth\xc3\xa4lt: Schwefeldioxid und Sulfite.HinweiseInformation: Der Alkoholgehalt kann aus nat\xc3\xbcrlichen und produktionstechnischen Gr\xc3\xbcnden Schwankungen zwischen Chargen unterliegen. Der angegebene Gehalt ist ein OrientierungswertArtikeldetailsUrsprungsland: DeutschlandAlkoholgehalt: 12 % Vol.Serviervorschlag: Passt zu Parmaschinken und MeloneKontaktKontaktname: Kessler Sekt GmbH & Co.KGKontaktadresse: 73728 EsslingenMaximale Bestellmenge: 15 St\xc3\xbcckF\xc3\xbcr die vorstehenden Angaben wird keine Haftung \xc3\xbcbernommen. Bitte pr\xc3\xbcfen Sie im Einzelfall die Angaben auf der jeweiligen Produktverpackung, nur diese sind verbindlich.Das Produktdesign kann von der Abbildung abweichen.'",Im Franzosengewann 3,Rewe,Wein & Spirituosen,2023-07-09,"Gültig ab morgen bis Samstag, 15.07.2023"
Jack Daniel's Tennessee Whiskey,https://img.rewe-static.de/REWE28_2023/4676050/3229750-32_digital-image.png?impolicy=s-offers&imwidth=200&output-format=image/webp,,https://shop.rewe.de/productList?search=2832136,,"40% Vol. oder Honey 35% Vol. , je 0,7-l-Fl , (1 l = 22.84)",Knaller,"15,99 €","b""Bestellung ab 18 Jahren.F\xc3\xbcr dieses Produkt gilt das Jugendschutzgesetz.ProduktbeschreibungArtikelnummer 4676050Tropfen f\xc3\xbcr Tropfen \xe2\x80\x93 eindeutig Jack!\nEs gibt \xc3\xbcber ein Dutzend Theorien, warum Jack Daniel seinen Whiskey \xe2\x80\x9eOld No.7\xe2\x80\x9c genannt hat. Eine davon besagt, dass er den sieben wichtigsten Frauen in seinem Leben ein Denkmal setzen wollte. Den wahren Grund kennt aber nur Jack \xe2\x80\x93 und der l\xc3\xa4sst seine Biografen weiter r\xc3\xa4tseln. \nSeit 1866 wird Old No.7 nach dem unver\xc3\xa4nderten Originalrezept von Jack Daniel hergestellt. Sein rauchigmildes Aroma hat ihn zu einem der bekanntesten Whiskey-Klassiker gemacht. \nOb pur, mit Wasser, mit Cola, mit Ginger oder im Cocktail: Jack ist aus den Bars der Welt nicht mehr wegzudenken. Wer nicht selbst mixen m\xc3\xb6chte, der bedient sich mit Jack Daniel\xe2\x80\x98s Premix Longdrinks: klassisch mit Cola oder erfrischend herb mit Ginger. Jack Daniel\xe2\x80\x98s Old No.7 \xe2\x80\x93 auch in den kleinsten \xe2\x80\x9eWhiskeyf\xc3\xa4ssern der Welt\xe2\x80\x9c immer der perfekte Genuss.... mehr anzeigenSeit 1866 wird Old No. 7 nach unver\xc3\xa4ndertem Originalrezept von Jack Daniel hergestellt. Rauchig mildes Aroma mit einem Mix aus Karamell, Vanille und Holznoten.ArtikeldetailsMarke: Jack Daniel'sUrsprungsland: Vereinigte StaatenAlkoholgehalt: 40 % Vol.KontaktKontaktname: BROWN-FORMAN DEUTSCHLAND GMBHKontaktadresse: Dammtorwall 7, 20354 Hamburg, DeutschlandMaximale Bestellmenge: 15 St\xc3\xbcckF\xc3\xbcr die vorstehenden Angaben wird keine Haftung \xc3\xbcbernommen. Bitte pr\xc3\xbcfen Sie im Einzelfall die Angaben auf der jeweiligen Produktverpackung, nur diese sind verbindlich.Das Produktdesign kann von der Abbildung abweichen.""",Im Franzosengewann 3,Rewe,Wein & Spirituosen,2023-07-09,"Gültig ab morgen bis Samstag, 15.07.2023"
Faber Sekt oder Light Live alkoholfrei,https://img.rewe-static.de/REWE28_2023/0315192/34673571-3_digital-image.png?impolicy=s-offers&imwidth=200&output-format=image/webp,,https://shop.rewe.de/productList?search=2832136,,"versch. Sorten , je 0,75-l-Fl , (1 l = 3.32)",Aktion,"2,49 €","b'Bestellung ab 18 Jahren.F\xc3\xbcr dieses Produkt gilt das Jugendschutzgesetz.ProduktbeschreibungArtikelnummer 315192Bring Faber in dein Leben!Zutaten & AllergeneZutaten: Enth\xc3\xa4lt SULFITEAllergenhinweise: Enth\xc3\xa4lt: Schwefeldioxid und Sulfite.HinweiseAufbewahrungs- und Verwendungshinweis: Stets k\xc3\xbchl und dunkel lagern.ArtikeldetailsMarke: FaberUrsprungsland: DeutschlandAlkoholgehalt: 11 % Vol.Packungsgr\xc3\xb6\xc3\x9fe: 0,75lKontaktKontaktname: Sektkellerei Faber GmbHKontaktadresse: Niederkircher Str. 27, 54294 Trier/DeutschlandMaximale Bestellmenge: 15 St\xc3\xbcckF\xc3\xbcr die vorstehenden Angaben wird keine Haftung \xc3\xbcbernommen. Bitte pr\xc3\xbcfen Sie im Einzelfall die Angaben auf der jeweiligen Produktverpackung, nur diese sind verbindlich.Das Produktdesign kann von der Abbildung abweichen.'",Im Franzosengewann 3,Rewe,Wein & Spirituosen,2023-07-09,"Gültig ab morgen bis Samstag, 15.07.2023"
Mionetto Prosecco Spumante DOC,https://img.rewe-static.de/REWE28_2023/2104631/22280027-24_digital-image.png?impolicy=s-offers&imwidth=200&output-format=image/webp,,https://shop.rewe.de/productList?search=2832136,,"versch. Sorten , je 0,75-l-Fl , (1 l = 9.32)",Aktion,"6,99 €","b""Bestellung ab 18 Jahren.F\xc3\xbcr dieses Produkt gilt das Jugendschutzgesetz.ProduktbeschreibungArtikelnummer 2104631Der Prosecco D.O.C. Treviso Brut der Prestige-Linie \xc3\xbcberrascht selbst ausgesprochene Kenner. \nDieser hochwertige Spumante interpretiert die Kategorie 'Brut' v\xc3\xb6llig neu und z\xc3\xa4hlt geschmacklich zu den modernsten seiner Klasse. \nDer Prosecco D.O.C. Treviso Brut besticht durch seine leuchtend strohgelbe Farbe, intensive Perlage, ein fruchtiges Bukett nach Golden Delicious \xc3\x84pfeln und Birnen \nsowie durch feine Aromen nach Akazienhonig. Mionetto Prosecco D.O.C. Treviso Brut zeichnet sich durch sein elegantes Design aus. Das raffiniert moderne Etikett im 27-Grad-Winkel spiegelt sich in der Halsschleife wider.\n\nAlkoholgehalt: 11% Vol.... mehr anzeigenZutaten & AllergeneZutaten:  Enth\xc3\xa4lt Sulfite Zusatzstoffe: E 220Allergenhinweise: Schwefeldioxid und Sulfite in einer Konzentration von mehr als 10 mg/kg oder 10 mg/l, als SO2 angegebenArtikeldetailsMarke: MionettoUrsprungsland: ItalienKontaktKontaktname: Mionetto SPAKontaktadresse: Valdobbiadene, ItalienMaximale Bestellmenge: 15 St\xc3\xbcckF\xc3\xbcr die vorstehenden Angaben wird keine Haftung \xc3\xbcbernommen. Bitte pr\xc3\xbcfen Sie im Einzelfall die Angaben auf der jeweiligen Produktverpackung, nur diese sind verbindlich.Das Produktdesign kann von der Abbildung abweichen.""",Im Franzosengewann 3,Rewe,Wein & Spirituosen,2023-07-09,"Gültig ab morgen bis Samstag, 15.07.2023"
Cellini Grappa Oro,https://img.rewe-static.de/REWE28_2023/9687947/3673940-23_digital-image.png?impolicy=s-offers&imwidth=200&output-format=image/webp,,https://shop.rewe.de/productList?search=2832136,,"38% Vol. , je 0,7-l-Fl , (1 l = 12.84)",Aktion,"8,99 €","b'Bestellung ab 18 Jahren.F\xc3\xbcr dieses Produkt gilt das Jugendschutzgesetz.ProduktbeschreibungArtikelnummer 9687947Zutaten & AllergeneAllergenhinweise: Enth\xc3\xa4lt: Keine deklarationspflichtigen Allergene enthalten.HinweiseAufbewahrungs- und Verwendungshinweis: Lagerf\xc3\xa4higkeit 2-3 Jahre, bei Zimmertemperatur servierenArtikeldetailsMarke: CelliniUrsprungsland: ItalienAlkoholgehalt: 38 % Vol.KontaktKontaktname: Rolf Herzberger GmbH & Co. KGKontaktadresse: Am Felsbrunnen 8, 66119 Saarbr\xc3\xbcckenMaximale Bestellmenge: 15 St\xc3\xbcckF\xc3\xbcr die vorstehenden Angaben wird keine Haftung \xc3\xbcbernommen. Bitte pr\xc3\xbcfen Sie im Einzelfall die Angaben auf der jeweiligen Produktverpackung, nur diese sind verbindlich.Das Produktdesign kann von der Abbildung abweichen.'",Im Franzosengewann 3,Rewe,Wein & Spirituosen,2023-07-09,"Gültig ab morgen bis Samstag, 15.07.2023"
La Gioiosa Prosecco Frizzante Treviso DOC,https://img.rewe-static.de/REWE28_2023/0321558/7433190-34_digital-image.png?impolicy=s-offers&imwidth=200&output-format=image/webp,,https://shop.rewe.de/productList?search=2832136,,"je 0,75-l-Fl , (1 l = 7.99)",Aktion,"5,99 €","b'Bestellung ab 18 Jahren.F\xc3\xbcr dieses Produkt gilt das Jugendschutzgesetz.ProduktbeschreibungArtikelnummer 321558Alkoholgehalt: 10 % Vol. Zutaten & AllergeneZutaten: Nicht deklariert:Perlwein, Antioxidationsmittel (Ascorbins\xc3\xa4ure, Schwefeldioxid). Zusatzstoffe: E 220Allergenhinweise: Schwefeldioxid und Sulfite in einer Konzentration von mehr als 10 mg/kg oder 10 mg/l, als SO2 angegebenN\xc3\xa4hrwerteDurchschnittliche N\xc3\xa4hrwertepro 100 mlEnergie292 kJEnergie70 kcalFett0 gFett, davon ges\xc3\xa4ttigte Fetts\xc3\xa4uren0 gKohlenhydrate2,9 gKohlenhydrate, davon Zucker1,1 gEiwei\xc3\x9f< 0,1 gSalz< 0,02 gHinweiseVerwendungshinweise: Trocken und k\xc3\xbchl lagern. Vor Licht sch\xc3\xbctzen.ArtikeldetailsMarke: La GioiosaUrsprungsland: ItalienKontaktKontaktname: La Gioiosa S.p.A.Kontaktadresse: Crocetta del Montello, 31035, ItalienMaximale Bestellmenge: 15 St\xc3\xbcckF\xc3\xbcr die vorstehenden Angaben wird keine Haftung \xc3\xbcbernommen. Bitte pr\xc3\xbcfen Sie im Einzelfall die Angaben auf der jeweiligen Produktverpackung, nur diese sind verbindlich.Das Produktdesign kann von der Abbildung abweichen.'",Im Franzosengewann 3,Rewe,Wein & Spirituosen,2023-07-09,"Gültig ab morgen bis Samstag, 15.07.2023"
Persil Discs Colorwaschmittel,https://img.rewe-static.de/REWE28_2023/8910199/38493870-5_digital-image.png?impolicy=s-offers&imwidth=200&output-format=image/webp,,https://shop.rewe.de/productList?search=2832136,,"je 76-WL-Btl , (1 WL = 0.26)",Knaller,"19,99 €",nan,Im Franzosengewann 3,Rewe,Haushalt,2023-07-09,"Gültig ab morgen bis Samstag, 15.07.2023"
Persil Vollwaschmittel Universal Pulver,https://img.rewe-static.de/REWE28_2023/8978010/38493728-8_digital-image.png?impolicy=s-offers&imwidth=200&output-format=image/webp,,https://shop.rewe.de/productList?search=2832136,,"je 90-WL-Pckg , (1 WL = 0.22)",Knaller,"19,99 €","b'Gefahren- / WarnhinweiseAchtungVerursacht schwere Augenreizung.Ist \xc3\xa4rztlicher Rat erforderlich, Verpackung oder Kennzeichnungsetikett bereithalten. Darf nicht in die H\xc3\xa4nde von Kindern gelangen. Schutzhandschuhe/Schutzkleidung/Augenschutz/Gesichtsschutz tragen. BEI KONTAKT MIT DEN AUGEN: Einige Minuten lang behutsam mit Wasser sp\xc3\xbclen. Eventuell vorhandene Kontaktlinsen nach M\xc3\xb6glichkeit entfernen. Weiter sp\xc3\xbclen. Bei anhaltender Augenreizung: \xc3\x84rztlichen Rat einholen/\xc3\xa4rztliche Hilfe hinzuziehen.ProduktbeschreibungArtikelnummer 8978010ArtikeldetailsMarke: PersilUrsprungsland: DeutschlandKontaktKontaktname: Henkel AG & Co. KGaAKontaktadresse: D-40191 D\xc3\xbcsseldorfMaximale Bestellmenge: 15 St\xc3\xbcckF\xc3\xbcr die vorstehenden Angaben wird keine Haftung \xc3\xbcbernommen. Bitte pr\xc3\xbcfen Sie im Einzelfall die Angaben auf der jeweiligen Produktverpackung, nur diese sind verbindlich.Das Produktdesign kann von der Abbildung abweichen.'",Im Franzosengewann 3,Rewe,Haushalt,2023-07-09,"Gültig ab morgen bis Samstag, 15.07.2023"
"Fußmatte
            3",https://img.rewe-static.de/REWE28_2023/7810637/36270545-10_digital-image.png?impolicy=s-offers&imwidth=200&output-format=image/webp,,https://shop.rewe.de/productList?search=2832136,,"ca. 60 x 80 cm 7.99 ca. 80 x 120 cm 14.99 , St",Aktion,"7,99 €",nan,Im Franzosengewann 3,Rewe,Haushalt,2023-07-09,"Gültig ab morgen bis Samstag, 15.07.2023"
"Vivess
            3",https://img.rewe-static.de/REWE28_2023/8879469/40276653-7_digital-image.png?impolicy=s-offers&imwidth=200&output-format=image/webp,,https://shop.rewe.de/productList?search=2832136,,"Reinigungsschwamm 2er-Pack 1.89 Badwunder 1.99 Küchenwunder 5er-Pack 2.29 Küchenschwamm 2in1 2er-Pack 2.49 , Pckg",Aktion,"1,89 €",nan,Im Franzosengewann 3,Rewe,Haushalt,2023-07-09,"Gültig ab morgen bis Samstag, 15.07.2023"
"ADE Körperanalysewaage »BA2007«
            3",https://img.rewe-static.de/REWE28_2023/7737186/38429245-7_digital-image.png?impolicy=s-offers&imwidth=200&output-format=image/webp,,https://shop.rewe.de/productList?search=2832136,,je St,Aktion,"8,99 €",nan,Im Franzosengewann 3,Rewe,Haushalt,2023-07-09,"Gültig ab morgen bis Samstag, 15.07.2023"
"Remington Shea Soft Haartrockner »D4740«
            3",https://img.rewe-static.de/REWE28_2023/8851737/38794212-7_digital-image.png?impolicy=s-offers&imwidth=200&output-format=image/webp,,https://shop.rewe.de/productList?search=2832136,,je St,Aktion,"19,99 €",nan,Im Franzosengewann 3,Rewe,Haushalt,2023-07-09,"Gültig ab morgen bis Samstag, 15.07.2023"
Calgon 4in1 Tabs Wasserenthärter,https://img.rewe-static.de/REWE28_2023/7649810/39136968-7_digital-image.png?impolicy=s-offers&imwidth=200&output-format=image/webp,,https://shop.rewe.de/productList?search=2832136,,"je 50-Tab-Pckg , (1 Tab = 0.17)",Aktion,"8,49 €","b'ProduktbeschreibungArtikelnummer 7649810Calgon 4in1 Power Tabs sch\xc3\xbctzen Ihre Waschmaschine von innen - schwer zug\xc3\xa4ngliche Maschinenteile, die mit Wasser in Kontakt kommen, werden so vor Kalk, Korissionen, Schmutzablagerungen und Ger\xc3\xbcchen bewahrt.ArtikeldetailsMarke: CalgonEigenschaften: *Neu*Ursprungsland: ItalienKontaktKontaktname: RB Hygiene Home Deutschland GmbHKontaktadresse: Darwinstr. 2-4 69115 HeidelbergMaximale Bestellmenge: 15 St\xc3\xbcckF\xc3\xbcr die vorstehenden Angaben wird keine Haftung \xc3\xbcbernommen. Bitte pr\xc3\xbcfen Sie im Einzelfall die Angaben auf der jeweiligen Produktverpackung, nur diese sind verbindlich.Das Produktdesign kann von der Abbildung abweichen.'",Im Franzosengewann 3,Rewe,Haushalt,2023-07-09,"Gültig ab morgen bis Samstag, 15.07.2023"
Weißer Riese Universal Gel Waschmittel,https://img.rewe-static.de/REWE28_2023/8914047/38802583-3_digital-image.png?impolicy=s-offers&imwidth=200&output-format=image/webp,,https://shop.rewe.de/productList?search=2832136,,"je 22-WL-Fl , (1 WL = 0.18)",Aktion,"3,99 €",nan,Im Franzosengewann 3,Rewe,Haushalt,2023-07-09,"Gültig ab morgen bis Samstag, 15.07.2023"
"Kärcher Akku-Fenstersauger »WV 1 Plus«
            3",https://img.rewe-static.de/REWE28_2023/8414526/38280598-6_digital-image.png?impolicy=s-offers&imwidth=200&output-format=image/webp,,https://shop.rewe.de/productList?search=2832136,,je St,Aktion,"39,99 €",nan,Im Franzosengewann 3,Rewe,Haushalt,2023-07-09,"Gültig ab morgen bis Samstag, 15.07.2023"
"Rund um den Haushalt
            3",https://img.rewe-static.de/REWE28_2023/8864512/40276805-6_digital-image.png?impolicy=s-offers&imwidth=200&output-format=image/webp,,https://shop.rewe.de/productList?search=2832136,,"versch. Artikel , je St./Set",Aktion,"1,00 €",nan,Im Franzosengewann 3,Rewe,Haushalt,2023-07-09,"Gültig ab morgen bis Samstag, 15.07.2023"
"Kärcher Zubehör
            3",https://img.rewe-static.de/REWE28_2023/1499528/35187225-7_digital-image.png?impolicy=s-offers&imwidth=200&output-format=image/webp,,https://shop.rewe.de/productList?search=2832136,,"Glasreinigerkonzentrat ca. 500 ml 6.99 (1 l = 13.98) Mikrofaserwischbezug 2er-Pack 9.99 Abziehlippe 2er-Pack 9.99 , Fl./Pckg",Aktion,"6,99 €",nan,Im Franzosengewann 3,Rewe,Haushalt,2023-07-09,"Gültig ab morgen bis Samstag, 15.07.2023"
"Faltbare Helfer
            3",https://img.rewe-static.de/REWE28_2023/7717803/40276895-7_digital-image.png?impolicy=s-offers&imwidth=200&output-format=image/webp,,https://shop.rewe.de/productList?search=2832136,,"Eimer ca. 10 l 3.99 ca. Ø 31,3 cm x 25 cm Geschirrspülschüssel ca. 12 l 5.99 ca. 31,3 x 30,5 x 20 cm Wäschekorb ca. 17 l 7.99 ca. 53,5 x 37,8 x 23,8 cm , St",Aktion,"3,99 €",nan,Im Franzosengewann 3,Rewe,Haushalt,2023-07-09,"Gültig ab morgen bis Samstag, 15.07.2023"
Toppits Zipper Allzweck-Beutel,https://img.rewe-static.de/REWE28_2023/2383024/23889433-20_digital-image.png?impolicy=s-offers&imwidth=200&output-format=image/webp,,https://shop.rewe.de/productList?search=2832136,,"1 Liter , je 12-St.-Pckg",Aktion,"1,79 €","b'ProduktbeschreibungArtikelnummer 2383024Der Zipper von Toppits ist die Allzweckl\xc3\xb6sung im Haushalt. Egal ob zum Frischhalten und Einfrieren von Lebensmitteln oder zum bequemen Transport - der Zipper ist der vielseitige K\xc3\xbcchenhelfer schlechthin. Der patentierte Zipper Rei\xc3\x9fverschluss und der praktische Standboden machen den Zipper zu etwas ganz besonderem. \nInhalt: 12 Beutel. Ma\xc3\x9fe: 20,5cm Breite / 16,2cm L\xc3\xa4nge. Die Toppits\xc2\xae Zipper\xc2\xae Beutel sind die Allrounder f\xc3\xbcr zuhause und unterwegs. Dank ihres Rei\xc3\x9fverschlusses halten sie absolut dicht und schlie\xc3\x9fen mit dem typischen ZZZiip Ger\xc3\xa4usch. Ihre hochwertige Spezialfolie ist besonders rei\xc3\x9ffest und wasserdicht. Die wiederverschlie\xc3\x9fbaren Zipper\xc2\xae  Beutel sind mehrfach und universell einsetzbar - ob zum Einfrieren und Frischhalten von Lebensmitteln oder zum sicheren und bequemen Aufbewahren, Sortieren und Transportieren kleinerer Gegenst\xc3\xa4nde aller Art und d\xc3\xbcrfen sogar in der Sp\xc3\xbclmaschine gereinigt werden.HinweiseInformation: Kein Spielzeug! Von Kindern fernhalten \xe2\x80\x93 Erstickungsgefahr!ArtikeldetailsMarke: ToppitsUrsprungsland: PolenKontaktKontaktname: Cofresco Frischhalteprodukte GmbH & Co. KGKontaktadresse: Ringstrasse 99, 32427 MindenMaximale Bestellmenge: 15 St\xc3\xbcckF\xc3\xbcr die vorstehenden Angaben wird keine Haftung \xc3\xbcbernommen. Bitte pr\xc3\xbcfen Sie im Einzelfall die Angaben auf der jeweiligen Produktverpackung, nur diese sind verbindlich.Das Produktdesign kann von der Abbildung abweichen.'",Im Franzosengewann 3,Rewe,Haushalt,2023-07-09,"Gültig ab morgen bis Samstag, 15.07.2023"
Toppits Zipper Allzweck-Beutel,https://img.rewe-static.de/REWE28_2023/2383028/23889292-18_digital-image.png?impolicy=s-offers&imwidth=200&output-format=image/webp,,https://shop.rewe.de/productList?search=2832136,,"3 Liter , je 8-St.-Pckg",Aktion,"1,79 €","b'ProduktbeschreibungArtikelnummer 2383028Der Zipper von Toppits ist die Allzweckl\xc3\xb6sung im Haushalt. Egal ob zum Frischhalten und Einfrieren von Lebensmitteln oder zum bequemen Transport - der Zipper ist der vielseitige K\xc3\xbcchenhelfer schlechthin. Der patentierte Zipper Rei\xc3\x9fverschluss und der praktische Standboden machen den Zipper zu etwas ganz besonderem. \n\nInhalt: 8 Beutel. Ma\xc3\x9fe: 25,4cm L\xc3\xa4nge / 27cm Breite. Die Toppits\xc2\xae Zipper\xc2\xae Beutel sind die Allrounder f\xc3\xbcr zuhause und unterwegs. Dank ihres Rei\xc3\x9fverschlusses halten sie absolut dicht und schlie\xc3\x9fen mit dem typischen ZZZiip Ger\xc3\xa4usch. Ihre hochwertige Spezialfolie ist besonders rei\xc3\x9ffest und wasserdicht. Die wiederverschlie\xc3\x9fbaren Zipper\xc2\xae  Beutel sind mehrfach und universell einsetzbar - ob zum Einfrieren und Frischhalten von Lebensmitteln oder zum sicheren und bequemen Aufbewahren, Sortieren und Transportieren kleinerer Gegenst\xc3\xa4nde aller Art und d\xc3\xbcrfen sogar in der Sp\xc3\xbclmaschine gereinigt werden.HinweiseInformation: Kein Spielzeug! Von Kindern fernhalten - ErstickungsgefahrArtikeldetailsMarke: ToppitsUrsprungsland: PolenKontaktKontaktname: Cofresco Frischhalteprodukte GmbH & Co. KGKontaktadresse: Ringstrasse 99, 32427 MindenMaximale Bestellmenge: 15 St\xc3\xbcckF\xc3\xbcr die vorstehenden Angaben wird keine Haftung \xc3\xbcbernommen. Bitte pr\xc3\xbcfen Sie im Einzelfall die Angaben auf der jeweiligen Produktverpackung, nur diese sind verbindlich.Das Produktdesign kann von der Abbildung abweichen.'",Im Franzosengewann 3,Rewe,Haushalt,2023-07-09,"Gültig ab morgen bis Samstag, 15.07.2023"
Somat Classic Geschirrreinigertabs,https://img.rewe-static.de/REWE28_2023/8867064/38620868-4_digital-image.png?impolicy=s-offers&imwidth=200&output-format=image/webp,,https://shop.rewe.de/productList?search=2832136,,"je 36-Tab-Pckg , (1 Tab = 0.12)",Aktion,"4,49 €","b'Gefahren- / WarnhinweiseAchtungVerursacht schwere Augenreizung. Ist \xc3\xa4rztlicher Rat erforderlich, Verpackung oder Kennzeichnungsetikett bereithalten. Darf nicht in die H\xc3\xa4nde von Kindern gelangen. Schutzhandschuhe/Schutzkleidung/Augenschutz/Gesichtsschutz tragen. BEI KONTAKT MIT DEN AUGEN: Einige Minuten lang behutsam mit Wasser sp\xc3\xbclen. Eventuell vorhandene Kontaktlinsen nach M\xc3\xb6glichkeit entfernen. Weiter sp\xc3\xbclen. Bei anhaltender Augenreizung: \xc3\x84rztlichen Rat einholen/\xc3\xa4rztliche Hilfe hinzuziehen. ProduktbeschreibungArtikelnummer 8867064ArtikeldetailsMarke: SomatUrsprungsland: DeutschlandKontaktKontaktname: Henkel Wasch- und Reinigungsmittel GmbHKontaktadresse: D-40191 D\xc3\xbcsseldorfMaximale Bestellmenge: 15 St\xc3\xbcckF\xc3\xbcr die vorstehenden Angaben wird keine Haftung \xc3\xbcbernommen. Bitte pr\xc3\xbcfen Sie im Einzelfall die Angaben auf der jeweiligen Produktverpackung, nur diese sind verbindlich.Das Produktdesign kann von der Abbildung abweichen.'",Im Franzosengewann 3,Rewe,Haushalt,2023-07-09,"Gültig ab morgen bis Samstag, 15.07.2023"
Somat Allin1 Geschirrreingertabs,https://img.rewe-static.de/REWE28_2023/8866769/38621807-5_digital-image.png?impolicy=s-offers&imwidth=200&output-format=image/webp,,https://shop.rewe.de/productList?search=2832136,,"je 25-Tab-Pckg , (1 Tab = 0.18)",Aktion,"4,49 €","b'Gefahren- / WarnhinweiseAchtungVerursacht schwere Augenreizung. Ist \xc3\xa4rztlicher Rat erforderlich, Verpackung oder Kennzeichnungsetikett bereithalten. Darf nicht in die H\xc3\xa4nde von Kindern gelangen. Schutzhandschuhe/Schutzkleidung/Augenschutz/Gesichtsschutz tragen. BEI KONTAKT MIT DEN AUGEN: Einige Minuten lang behutsam mit Wasser sp\xc3\xbclen. Eventuell vorhandene Kontaktlinsen nach M\xc3\xb6glichkeit entfernen. Weiter sp\xc3\xbclen. Bei anhaltender Augenreizung: \xc3\x84rztlichen Rat einholen/\xc3\xa4rztliche Hilfe hinzuziehen. ProduktbeschreibungArtikelnummer 8866769ArtikeldetailsMarke: SomatUrsprungsland: DeutschlandKontaktKontaktname: Henkel Wasch- und Reinigungsmittel GmbHKontaktadresse: D-40191 D\xc3\xbcsseldorfMaximale Bestellmenge: 15 St\xc3\xbcckF\xc3\xbcr die vorstehenden Angaben wird keine Haftung \xc3\xbcbernommen. Bitte pr\xc3\xbcfen Sie im Einzelfall die Angaben auf der jeweiligen Produktverpackung, nur diese sind verbindlich.Das Produktdesign kann von der Abbildung abweichen.'",Im Franzosengewann 3,Rewe,Haushalt,2023-07-09,"Gültig ab morgen bis Samstag, 15.07.2023"
Der General Allzweckreiniger,https://img.rewe-static.de/REWE28_2023/2440649/32569301-7_digital-image.png?impolicy=s-offers&imwidth=200&output-format=image/webp,,https://shop.rewe.de/productList?search=2832136,,"Bergfrühling , je 750-ml-Fl , (1 l = 2.12)",Aktion,"1,59 €","b'Gefahren- / WarnhinweiseEnth\xc3\xa4lt POLYETHERPOLYPHOSPHAT. Kann allergische Reaktionen\r\nhervorrufen.ProduktbeschreibungArtikelnummer 2440649\xe2\x80\xa2Repair und Refresh Effekt \xe2\x80\x93 DER GENERAL f\xc3\xbcllt wirksam kleinste Kratzer und Besch\xc3\xa4digungen auf und sorgt f\xc3\xbcr langanhaltenden Glanz und Frische auf den behandelten Oberfl\xc3\xa4chen \n \n\xe2\x80\xa2Ideale Reinigung \xe2\x80\x93 DER GENERAL Universalreiniger beseitigt hartn\xc3\xa4ckigen Schmutz und Fett wie bew\xc3\xa4hrt leicht und gr\xc3\xbcndlich \n \n\xe2\x80\xa2Langanhaltende Frische - Der typisch frische Duft des Bergfr\xc3\xbchlings sorgt f\xc3\xbcr ein langanhaltendes Dufterlebnis, auch noch lange nach dem Putzen \n \n\xe2\x80\xa2Schnelle Trocknung und Strahlender Glanz \xe2\x80\x93 DER GENERAL Universalreiniger trocknet schnell und sorgt f\xc3\xbcr ein streifenfreies Ergebnis ohne R\xc3\xbcckst\xc3\xa4nde, damit kein Nachwischen erforderlich ist. \n \n \nDER GENERAL Universalreiniger Bergfr\xc3\xbchling beseitigt sowohl hartn\xc3\xa4ckigen Schmutz als auch Fett bew\xc3\xa4hrt leicht und gr\xc3\xbcndlich und sorgt f\xc3\xbcr strahlenden Glanz auf allen Oberfl\xc3\xa4chen. Gl\xc3\xa4nzendes Ergebnis auf allen feucht abwischbaren Oberfl\xc3\xa4chen schon nach dem ersten Wisch.Der typisch frische Fr\xc3\xbchlingsduft wie in den Bergen bereitet ein lang anhaltendes Dufterlebnis noch lange nach dem Putzen.... mehr anzeigenArtikeldetailsMarke: Der GeneralUrsprungsland: DeutschlandKontaktKontaktname: Henkel Wasch- und Reinigungsmittel GmbHKontaktadresse: D-40191 D\xc3\xbcsseldorfMaximale Bestellmenge: 15 St\xc3\xbcckF\xc3\xbcr die vorstehenden Angaben wird keine Haftung \xc3\xbcbernommen. Bitte pr\xc3\xbcfen Sie im Einzelfall die Angaben auf der jeweiligen Produktverpackung, nur diese sind verbindlich.Das Produktdesign kann von der Abbildung abweichen.'",Im Franzosengewann 3,Rewe,Haushalt,2023-07-09,"Gültig ab morgen bis Samstag, 15.07.2023"
Perwoll Renew Schwarz Waschmittel,https://img.rewe-static.de/REWE28_2023/7725449/38485168-5_digital-image.png?impolicy=s-offers&imwidth=200&output-format=image/webp,,https://shop.rewe.de/productList?search=2832136,,"je 25-WL-Fl , (1 WL = 0.17)",Aktion,"4,29 €","b'Gefahren- / WarnhinweiseAchtungVerursacht schwere Augenreizung. Kann allergische Hautreaktionen verursachen. Ist \xc3\xa4rztlicher Rat erforderlich, Verpackung oder Kennzeichnungsetikett bereithalten. Darf nicht in die H\xc3\xa4nde von Kindern gelangen. Schutzhandschuhe/Schutzkleidung/Augenschutz/Gesichtsschutz tragen. BEI BER\xc3\x9cHRUNG MIT DER HAUT: Mit viel Wasser waschen. BEI KONTAKT MIT DEN AUGEN: Einige Minuten lang behutsam mit Wasser sp\xc3\xbclen. Eventuell vorhandene Kontaktlinsen nach M\xc3\xb6glichkeit entfernen. Weiter sp\xc3\xbclen. Bei anhaltender Augenreizung: \xc3\x84rztlichen Rat einholen/\xc3\xa4rztliche Hilfe hinzuziehen. Inhalt/Beh\xc3\xa4lter gem\xc3\xa4\xc3\x9f nationalen Vorschriften der Entsorgung zuf\xc3\xbchren.ProduktbeschreibungArtikelnummer 7725449ArtikeldetailsMarke: PerwollUrsprungsland: DeutschlandKontaktKontaktname: Henkel Wasch- und Reinigungsmittel GmbHKontaktadresse: D-40191 D\xc3\xbcsseldorfMaximale Bestellmenge: 15 St\xc3\xbcckF\xc3\xbcr die vorstehenden Angaben wird keine Haftung \xc3\xbcbernommen. Bitte pr\xc3\xbcfen Sie im Einzelfall die Angaben auf der jeweiligen Produktverpackung, nur diese sind verbindlich.Das Produktdesign kann von der Abbildung abweichen.'",Im Franzosengewann 3,Rewe,Haushalt,2023-07-09,"Gültig ab morgen bis Samstag, 15.07.2023"
Spee Power Caps Colorwaschmittel,https://img.rewe-static.de/REWE28_2023/8904688/38802581-5_digital-image.png?impolicy=s-offers&imwidth=200&output-format=image/webp,,https://shop.rewe.de/productList?search=2832136,,"je 18-WL-Pckg , (1 WL = 0.22)",Aktion,"3,99 €","b'Gefahren- / WarnhinweiseAchtungVerursacht Hautreizungen. Verursacht schwere Augenreizung. Sch\xc3\xa4dlich f\xc3\xbcr Wasserorganismen, mit langfristiger Wirkung. Enth\xc3\xa4lt Subtilisin. Kann allergische Reaktionen hervorrufen. Ist \xc3\xa4rztlicher Rat erforderlich, Verpackung oder Kennzeichnungsetikett bereithalten. Darf nicht in die H\xc3\xa4nde von Kindern gelangen. BEI BER\xc3\x9cHRUNG MIT DER HAUT: Mit viel Wasser waschen. BEI KONTAKT MIT DEN AUGEN: Einige Minuten lang behutsam mit Wasser sp\xc3\xbclen. Eventuell vorhandene Kontaktlinsen nach M\xc3\xb6glichkeit entfernen. Weiter sp\xc3\xbclen. Bei anhaltender Augenreizung: \xc3\x84rztlichen Rat einholen/\xc3\xa4rztliche Hilfe hinzuziehen. BEI VERSCHLUCKEN: Mund aussp\xc3\xbclen. KEIN Erbrechen herbeif\xc3\xbchren. Sofort GIFTINFORMATIONSZENTRUM/Arzt anrufen. Inhalt/Beh\xc3\xa4lter gem\xc3\xa4\xc3\x9f nationalen Vorschriften der Entsorgung zuf\xc3\xbchren.ProduktbeschreibungArtikelnummer 8904688ArtikeldetailsMarke: SpeeUrsprungsland: UngarnKontaktKontaktname: Henkel AG & Co. KGaAKontaktadresse: D-40191 D\xc3\xbcsseldorfMaximale Bestellmenge: 15 St\xc3\xbcckF\xc3\xbcr die vorstehenden Angaben wird keine Haftung \xc3\xbcbernommen. Bitte pr\xc3\xbcfen Sie im Einzelfall die Angaben auf der jeweiligen Produktverpackung, nur diese sind verbindlich.Das Produktdesign kann von der Abbildung abweichen.'",Im Franzosengewann 3,Rewe,Haushalt,2023-07-09,"Gültig ab morgen bis Samstag, 15.07.2023"
Love Nature Colorwaschmittel flüssig,https://img.rewe-static.de/REWE28_2023/7778383/36786099-8_digital-image.png?impolicy=s-offers&imwidth=200&output-format=image/webp,,https://shop.rewe.de/productList?search=2832136,,"je 20-WL-Fl , (1 WL = 0.21)",Aktion,"4,29 €","b'Gefahren- / WarnhinweiseGefahrVerursacht Hautreizungen. Verursacht schwere Augensch\xc3\xa4den. Ist \xc3\xa4rztlicher Rat erforderlich, Verpackung oder Kennzeichnungsetikett bereithalten. Darf nicht in die H\xc3\xa4nde von Kindern gelangen. Schutzhandschuhe/Schutzkleidung/Augenschutz/Gesichtsschutz tragen. BEI BER\xc3\x9cHRUNG MIT DER HAUT: Mit viel Wasser waschen. BEI KONTAKT MIT DEN AUGEN: Einige Minuten lang behutsam mit Wasser sp\xc3\xbclen. Eventuell vorhandene Kontaktlinsen nach M\xc3\xb6glichkeit entfernen. Weiter sp\xc3\xbclen. Sofort GIFTINFORMATIONSZENTRUM oder Arzt anrufen. ProduktbeschreibungArtikelnummer 7778383Inhaltsstoffe: 5-15%: anionische Tenside, nichtionische Tenside, Seife. Weitere Inhaltsstoffe: Duftstoffe, Konservierungsmittel (Benzisothiazolinone, Phenoxyethanol), Enzyme (Amylase, Subtilisin, Lipase, Cellulase, Mannanase). ArtikeldetailsMarke: Love NatureUrsprungsland: DeutschlandKontaktKontaktname: Love Nature GmbHKontaktadresse: Niederheider Stra\xc3\x9fe 22. 40589 D\xc3\xbcsseldorfMaximale Bestellmenge: 15 St\xc3\xbcckF\xc3\xbcr die vorstehenden Angaben wird keine Haftung \xc3\xbcbernommen. Bitte pr\xc3\xbcfen Sie im Einzelfall die Angaben auf der jeweiligen Produktverpackung, nur diese sind verbindlich.Das Produktdesign kann von der Abbildung abweichen.'",Im Franzosengewann 3,Rewe,Haushalt,2023-07-09,"Gültig ab morgen bis Samstag, 15.07.2023"
Perwoll Renew Wolle & Feines Waschmittel,https://img.rewe-static.de/REWE28_2023/8867091/38485180-5_digital-image.png?impolicy=s-offers&imwidth=200&output-format=image/webp,,https://shop.rewe.de/productList?search=2832136,,"je 21-WL-Fl , (1 WL = 0.20)",Aktion,"4,29 €","b'Gefahren- / WarnhinweiseAchtungVerursacht schwere Augenreizung. Kann allergische Hautreaktionen verursachen.  Ist \xc3\xa4rztlicher Rat erforderlich, Verpackung oder Kennzeichnungsetikett bereithalten. Darf nicht in die H\xc3\xa4nde von Kindern gelangen. Schutzhandschuhe/Schutzkleidung/Augenschutz/Gesichtsschutz tragen. BEI BER\xc3\x9cHRUNG MIT DER HAUT: Mit viel Wasser waschen. BEI KONTAKT MIT DEN AUGEN: Einige Minuten lang behutsam mit Wasser sp\xc3\xbclen. Eventuell vorhandene Kontaktlinsen nach M\xc3\xb6glichkeit entfernen. Weiter sp\xc3\xbclen. Bei anhaltender Augenreizung: \xc3\x84rztlichen Rat einholen/\xc3\xa4rztliche Hilfe hinzuziehen. Inhalt/Beh\xc3\xa4lter gem\xc3\xa4\xc3\x9f nationalen Vorschriften der Entsorgung zuf\xc3\xbchren.ProduktbeschreibungArtikelnummer 8867091ArtikeldetailsMarke: PerwollUrsprungsland: DeutschlandKontaktKontaktname: Henkel Wasch- und Reinigungsmittel GmbHKontaktadresse: D-40191 D\xc3\xbcsseldorfMaximale Bestellmenge: 15 St\xc3\xbcckF\xc3\xbcr die vorstehenden Angaben wird keine Haftung \xc3\xbcbernommen. Bitte pr\xc3\xbcfen Sie im Einzelfall die Angaben auf der jeweiligen Produktverpackung, nur diese sind verbindlich.Das Produktdesign kann von der Abbildung abweichen.'",Im Franzosengewann 3,Rewe,Haushalt,2023-07-09,"Gültig ab morgen bis Samstag, 15.07.2023"
Pril Geschirrspülmittel,https://img.rewe-static.de/REWE28_2023/7984180/32682384-2_digital-image.png?impolicy=s-offers&imwidth=200&output-format=image/webp,,https://shop.rewe.de/productList?search=2832136,,"Original , je 675-ml-Fl , (1 l = 2.21)",Aktion,"1,49 €","b'Gefahren- / WarnhinweiseAchtungKann allergische Hautreaktionen verursachen. Verursacht schwere Augenreizung. Sch\xc3\xa4dlich f\xc3\xbcr Wasserorganismen, mit langfristiger Wirkung.Ist \xc3\xa4rztlicher Rat erforderlich, Verpackung oder Kennzeichnungsetikett bereithalten. Darf nicht in die H\xc3\xa4nde von Kindern gelangen. BEI KONTAKT MIT DEN AUGEN: Einige Minuten lang behutsam mit Wasser sp\xc3\xbclen. Eventuell vorhandene Kontaktlinsen nach M\xc3\xb6glichkeit entfernen. Weiter sp\xc3\xbclen. Bei anhaltender Augenreizung: \xc3\x84rztlichen Rat einholen/\xc3\xa4rztliche Hilfe hinzuziehen. Inhalt/Beh\xc3\xa4lter gem\xc3\xa4\xc3\x9f nationalen Vorschriften der Entsorgung zuf\xc3\xbchren.ProduktbeschreibungArtikelnummer 7984180Inhaltsstoffe: 5-15%: anionische Tenside, <5%: nichtionische Tenside. Weitere Inhaltsstoffe: Konservierungsmittel (Methylisothiazolinone, Benzisothiazolinone), Duftstoffe (Limonene), Enzyme. ArtikeldetailsMarke: PrilUrsprungsland: DeutschlandKontaktKontaktname: Henkel Wasch- und Reinigungsmittel GmbHKontaktadresse: D-40191 D\xc3\xbcsseldorfMaximale Bestellmenge: 15 St\xc3\xbcckF\xc3\xbcr die vorstehenden Angaben wird keine Haftung \xc3\xbcbernommen. Bitte pr\xc3\xbcfen Sie im Einzelfall die Angaben auf der jeweiligen Produktverpackung, nur diese sind verbindlich.Das Produktdesign kann von der Abbildung abweichen.'",Im Franzosengewann 3,Rewe,Haushalt,2023-07-09,"Gültig ab morgen bis Samstag, 15.07.2023"
WC Frisch Kraft-Aktiv,https://img.rewe-static.de/REWE28_2023/8033644/30582431-9_digital-image.png?impolicy=s-offers&imwidth=200&output-format=image/webp,,https://shop.rewe.de/productList?search=2832136,,"versch. Sorten , je 50-g-Pckg , (1 kg = 33.80)",Aktion,"1,69 €","b'Gefahren- / WarnhinweiseAchtungVerursacht schwere Augenreizung. Verursacht Hautreizungen. Enth\xc3\xa4lt Cineol. Kann allergische Reaktionen hervorrufen. Ist \xc3\xa4rztlicher Rat erforderlich, Verpackung oder Kennzeichnungsetikett bereithalten. Darf nicht in die H\xc3\xa4nde von Kindern gelangen. Schutzhandschuhe/Schutzkleidung/Augenschutz/Gesichtsschutz tragen. BEI BER\xc3\x9cHRUNG MIT DER MAUT: Mit viel Wasser waschen. BEI KONTAKT MIT DEN AUGEN: Einige Minuten lang behutsam mit Wasser sp\xc3\xbclen. Eventuell vorhandene Kontaktlinsen nach M\xc3\xb6glichkeit entfernen. Weiter sp\xc3\xbclen. Bei anhaltender Augenreizung: \xc3\x84rztlichen Rat einholen/\xc3\xa4rztliche Hilfe hinzuziehen. Inhalt/Beh\xc3\xa4lter gem\xc3\xa4\xc3\x9f nationalen Vorschriften der Entsorgung zuf\xc3\xbchren.ProduktbeschreibungArtikelnummer 8033644ArtikeldetailsMarke: WC FrischUrsprungsland: DeutschlandKontaktKontaktname: Henkel Wasch- und Reinigungsmittel GmbHKontaktadresse: D-40191 D\xc3\xbcsseldorfMaximale Bestellmenge: 15 St\xc3\xbcckF\xc3\xbcr die vorstehenden Angaben wird keine Haftung \xc3\xbcbernommen. Bitte pr\xc3\xbcfen Sie im Einzelfall die Angaben auf der jeweiligen Produktverpackung, nur diese sind verbindlich.Das Produktdesign kann von der Abbildung abweichen.'",Im Franzosengewann 3,Rewe,Haushalt,2023-07-09,"Gültig ab morgen bis Samstag, 15.07.2023"
Pril Geschirrspülmittel,https://img.rewe-static.de/REWE28_2023/8430871/30955216-20_digital-image.png?impolicy=s-offers&imwidth=200&output-format=image/webp,,https://shop.rewe.de/productList?search=2832136,,"Sensitive Aloe Vera , je 450-ml-Fl , (1 l = 3.31)",Aktion,"1,49 €","b'Gefahren- / WarnhinweiseAchtungVerursacht schwere Augenreizung.Ist \xc3\xa4rztlicher Rat erforderlich, Verpackung oder Kennzeichnungsetikett bereithalten. Darf nicht in die H\xc3\xa4nde von Kindern gelangen. BEI KONTAKT MIT DEN AUGEN: Einige Minuten lang behutsam mit Wasser sp\xc3\xbclen. Eventuell vorhandene Kontaktlinsen nach M\xc3\xb6glichkeit entfernen. Weiter sp\xc3\xbclen. Bei anhaltender Augenreizung: \xc3\x84rztlichen Rat einholen/\xc3\xa4rztliche Hilfe hinzuziehenProduktbeschreibungArtikelnummer 8430871Inhaltsstoffe: 5-15%: anionische Tenside, <5%: amphotere Tenside. Weitere Inhaltsstoffe: Konservierungsmittel (Benzisothiazolinone, Phenoxyethanol), Duftstoffe. ArtikeldetailsMarke: PrilUrsprungsland: DeutschlandKontaktKontaktname: Henkel Wasch- und Reinigungsmittel GmbHKontaktadresse: D-40191 D\xc3\xbcsseldorfMaximale Bestellmenge: 15 St\xc3\xbcckF\xc3\xbcr die vorstehenden Angaben wird keine Haftung \xc3\xbcbernommen. Bitte pr\xc3\xbcfen Sie im Einzelfall die Angaben auf der jeweiligen Produktverpackung, nur diese sind verbindlich.Das Produktdesign kann von der Abbildung abweichen.'",Im Franzosengewann 3,Rewe,Haushalt,2023-07-09,"Gültig ab morgen bis Samstag, 15.07.2023"
Sil Fleckenspray,https://img.rewe-static.de/REWE28_2023/8522595/32524924-7_digital-image.png?impolicy=s-offers&imwidth=200&output-format=image/webp,,https://shop.rewe.de/productList?search=2832136,,"je 500-ml-Fl , (1 l = 5.18)",Aktion,"2,59 €","b'Gefahren- / WarnhinweiseGefahrVerursacht schwere Augensch\xc3\xa4den.Ist \xc3\xa4rztlicher Rat erforderlich, Verpackung oder Kennzeichnungsetikett bereithalten. Darf nicht in die H\xc3\xa4nde von Kindern gelangen. Schutzhandschuhe/Schutzkleidung/Augenschutz/Gesichtsschutz tragen. Nur im Freien oder in gut bel\xc3\xbcfteten R\xc3\xa4umen verwenden. Einatmen von Staub/Rauch/Gas/Nebel/Dampf/Aerosol vermeiden. BEI KONTAKT MIT DEN AUGEN: Einige Minuten lang behutsam mit Wasser sp\xc3\xbclen. Eventuell vorhandene Kontaktlinsen nach M\xc3\xb6glichkeit entfernen. Weiter sp\xc3\xbclen. Sofort GIFTINFORMATIONSZENTRUM/Arzt anrufen. ProduktbeschreibungArtikelnummer 8522595Inhaltsstoffe: 5-15%: anionische Tenside, <5%: nichtionische Tenside.\nWeitere Inhaltsstoffe: Duftstoffe. ArtikeldetailsMarke: SilUrsprungsland: DeutschlandKontaktKontaktname: Henkel Wasch- und Reinigungsmittel GmbHKontaktadresse: D-40191 D\xc3\xbcsseldorfMaximale Bestellmenge: 15 St\xc3\xbcckF\xc3\xbcr die vorstehenden Angaben wird keine Haftung \xc3\xbcbernommen. Bitte pr\xc3\xbcfen Sie im Einzelfall die Angaben auf der jeweiligen Produktverpackung, nur diese sind verbindlich.Das Produktdesign kann von der Abbildung abweichen.'",Im Franzosengewann 3,Rewe,Haushalt,2023-07-09,"Gültig ab morgen bis Samstag, 15.07.2023"
"Reinigungszubehör
            3",https://img.rewe-static.de/REWE28_2023/7716789/40276765-5_digital-image.png?impolicy=s-offers&imwidth=200&output-format=image/webp,,https://shop.rewe.de/productList?search=2832136,,"aus Bambus Bürste 1.99 Kehrgarnitur 3.99 , St./Set",Tiefpreis,"1,99 €",nan,Im Franzosengewann 3,Rewe,Haushalt,2023-07-09,"Gültig ab morgen bis Samstag, 15.07.2023"
Palmolive Flüssigseife,https://img.rewe-static.de/REWE28_2023/1227889/27384433-26_digital-image.png?impolicy=s-offers&imwidth=200&output-format=image/webp,,https://shop.rewe.de/productList?search=2832136,,"versch. Sorten , je 300-ml-Spender , (1 l = 3.30)",Aktion,"0,99 €","b'ProduktbeschreibungArtikelnummer 1227889Palmolive Hygiene-Plus Sensitive Fl\xc3\xbcssigseife enth\xc3\xa4lt Aloe-Vera-Extrakt und einen nat\xc3\xbcrlichen, antibakteriellen Wirkstoff. Die milde Formel, auch f\xc3\xbcr sensible Haut geeignet, reinigt Ihre H\xc3\xa4nde sanft und hygienisch. Hautvertr\xc3\xa4glichkeit dermatologisch getestet. ArtikeldetailsMarke: PalmoliveUrsprungsland: FrankreichKontaktKontaktname: Colgate Palmolive GABA GmbHKontaktadresse: Beim Strohhause 17 Hamburg 20097Maximale Bestellmenge: 15 St\xc3\xbcckF\xc3\xbcr die vorstehenden Angaben wird keine Haftung \xc3\xbcbernommen. Bitte pr\xc3\xbcfen Sie im Einzelfall die Angaben auf der jeweiligen Produktverpackung, nur diese sind verbindlich.Das Produktdesign kann von der Abbildung abweichen.'",Im Franzosengewann 3,Rewe,Drogerie,2023-07-09,"Gültig ab morgen bis Samstag, 15.07.2023"
Elvital Spülung,https://img.rewe-static.de/REWE28_2023/3233160/26208077-16_digital-image.png?impolicy=s-offers&imwidth=200&output-format=image/webp,,https://shop.rewe.de/productList?search=2832136,,"Color , je 250-ml-Fl , (1 l = 11.96)",Aktion,"2,99 €","b""Gefahren- / WarnhinweiseBei Kontakt mit den Augen diese gr\xc3\xbcndlich aussp\xc3\xbclen.ProduktbeschreibungArtikelnummer 3233160Die Sp\xc3\xbclung ist die ideale Erg\xc3\xa4nzung zum Color-Glanz Shampoo von Elvital. Die Haarfarbe wird gesch\xc3\xbctzt und ihr wird zu l\xc3\xa4ngerer Leuchtkraft verholfen. F\xc3\xbcr mehr Farbintensit\xc3\xa4t und Farbtreue bis zu zehn Wochen.Inhaltsstoffe1217072 B - INGREDIENTS:  AQUA / WATER \xe2\x80\xa2 CETEARYL ALCOHOL \xe2\x80\xa2 BEHENTRIMONIUM CHLORIDE \xe2\x80\xa2 CETYL ESTERS \xe2\x80\xa2 COCOS NUCIFERA OIL / COCONUT OIL \xe2\x80\xa2 SODIUM BENZOATE \xe2\x80\xa2 PHENOXYETHANOL \xe2\x80\xa2 PAEONIA OFFICINALIS FLOWER EXTRACT \xe2\x80\xa2 ETHYLHEXYL SALICYLATE \xe2\x80\xa2 TRIDECETH-6 \xe2\x80\xa2 CHLORHEXIDINE DIGLUCONATE \xe2\x80\xa2 BENZYL ALCOHOL \xe2\x80\xa2 BENZYL SALICYLATE \xe2\x80\xa2 LINALOOL \xe2\x80\xa2 AMODIMETHICONE \xe2\x80\xa2 ISOPROPYL ALCOHOL \xe2\x80\xa2 ALPHA-ISOMETHYL IONONE \xe2\x80\xa2 GERANIOL \xe2\x80\xa2 CITRIC ACID \xe2\x80\xa2 POTASSIUM HYDROXIDE \xe2\x80\xa2 CITRONELLOL \xe2\x80\xa2 CETRIMONIUM CHLORIDE \xe2\x80\xa2 POTASSIUM SORBATE \xe2\x80\xa2 HEXYL CINNAMAL \xe2\x80\xa2 GLYCERIN \xe2\x80\xa2 PARFUM / FRAGRANCE (F.I.L. C259456/1).HinweiseInformation: Bei Kontakt mit den Augen diese gr\xc3\xbcndlich aussp\xc3\xbclen.ArtikeldetailsMarke: L'Or\xc3\xa9al ParisUrsprungsland: Elfenbeink\xc3\xbcsteSorte: Color GlanzLaufzeit nach \xc3\x96ffnen: 12 MonateKontaktKontaktname: L'Or\xc3\xa9al Deutschland GmbHKontaktadresse: TSA 75000 93684 ST OUEN CEDEX FRMaximale Bestellmenge: 15 St\xc3\xbcckF\xc3\xbcr die vorstehenden Angaben wird keine Haftung \xc3\xbcbernommen. Bitte pr\xc3\xbcfen Sie im Einzelfall die Angaben auf der jeweiligen Produktverpackung, nur diese sind verbindlich.Das Produktdesign kann von der Abbildung abweichen.""",Im Franzosengewann 3,Rewe,Drogerie,2023-07-09,"Gültig ab morgen bis Samstag, 15.07.2023"
Elvital Shampoo,https://img.rewe-static.de/REWE28_2023/2789935/25113040-23_digital-image.png?impolicy=s-offers&imwidth=200&output-format=image/webp,,https://shop.rewe.de/productList?search=2832136,,"Color , je 300-ml-Fl , (1 l = 9.97)",Aktion,"2,99 €","b""Gefahren- / WarnhinweiseBei Kontakt mit den Augen diese gr\xc3\xbcndlich aussp\xc3\xbclen.ProduktbeschreibungArtikelnummer 2789935L'Or\xc3\xa9al Paris Elvital Color-Glanz Pflege-Shampoo pflegt coloriertes Haar und erh\xc3\xa4lt die Leuchtkraft der Farbe. Coloriertes, get\xc3\xb6ntes oder gestr\xc3\xa4hntes\xc2\xa0 Haar ist besonders sensibel gegen\xc3\xbcber \xc3\xa4u\xc3\x9feren Einfl\xc3\xbcssen. So f\xc3\xbchren z. B. regelm\xc3\xa4\xc3\x9figes Haare-Waschen oder UV-Strahlen dazu, dass die Farbe verblasst, sich ver\xc3\xa4ndert und schnell an Leuchtkraft und Farbintensit\xc3\xa4t verliert. Das L'Oreal Paris Elvital Color-Glanz Pflege-Shampoo sch\xc3\xbctzt die Sch\xc3\xb6nheit der Haarfarbe mit einer besonderen 3-fach-Wirkung: Intensiver Farbschutz\nSchutz vor UV-bedingtem Ausbleichen\nVerl\xc3\xa4ngerte LeuchtkraftInhaltsstoffe1199588 C - INGREDIENTS:  AQUA / WATER \xe2\x80\xa2 SODIUM LAURETH SULFATE \xe2\x80\xa2 DIMETHICONE \xe2\x80\xa2 COCO-BETAINE \xe2\x80\xa2 SODIUM CHLORIDE \xe2\x80\xa2 GLYCOL DISTEARATE \xe2\x80\xa2 GUAR HYDROXYPROPYLTRIMONIUM CHLORIDE \xe2\x80\xa2 COCAMIDE MIPA \xe2\x80\xa2 COCOS NUCIFERA OIL / COCONUT OIL \xe2\x80\xa2 SODIUM BENZOATE \xe2\x80\xa2 SODIUM HYDROXIDE \xe2\x80\xa2 PAEONIA OFFICINALIS FLOWER EXTRACT \xe2\x80\xa2 ETHYLHEXYL SALICYLATE \xe2\x80\xa2 SALICYLIC ACID \xe2\x80\xa2 FUMARIC ACID \xe2\x80\xa2 BENZYL ALCOHOL \xe2\x80\xa2 BENZYL SALICYLATE \xe2\x80\xa2 LINALOOL \xe2\x80\xa2 ALPHA-ISOMETHYL IONONE \xe2\x80\xa2 CARBOMER \xe2\x80\xa2 GERANIOL \xe2\x80\xa2 CITRIC ACID \xe2\x80\xa2 CITRONELLOL \xe2\x80\xa2 POTASSIUM SORBATE \xe2\x80\xa2 HEXYLENE GLYCOL \xe2\x80\xa2 HEXYL CINNAMAL \xe2\x80\xa2 GLYCERIN \xe2\x80\xa2 PARFUM / FRAGRANCE (F.I.L. C259250/1).HinweiseInformation: Bei Kontakt mit den Augen diese sofort gr\xc3\xbcndlich aussp\xc3\xbclen.ArtikeldetailsMarke: L'Or\xc3\xa9al ParisUrsprungsland: GeorgienSorte: Color GlanzLaufzeit nach \xc3\x96ffnen: 12 MonateKontaktKontaktname: L'Or\xc3\xa9al Deutschland GmbHKontaktadresse: TSA 75000 93684 ST OUEN CEDEX FRMaximale Bestellmenge: 15 St\xc3\xbcckF\xc3\xbcr die vorstehenden Angaben wird keine Haftung \xc3\xbcbernommen. Bitte pr\xc3\xbcfen Sie im Einzelfall die Angaben auf der jeweiligen Produktverpackung, nur diese sind verbindlich.Das Produktdesign kann von der Abbildung abweichen.""",Im Franzosengewann 3,Rewe,Drogerie,2023-07-09,"Gültig ab morgen bis Samstag, 15.07.2023"
Axe Duschgel,https://img.rewe-static.de/REWE28_2023/9157379/27629412-14_digital-image.png?impolicy=s-offers&imwidth=200&output-format=image/webp,,https://shop.rewe.de/productList?search=2832136,,"versch. Sorten , je 250-ml-Fl , (1 l = 8.76)",Aktion,"2,19 €","b'ProduktbeschreibungArtikelnummer 9157379\xe2\x80\xa2 AXE Duschgel Alaska f\xc3\xbcr M\xc3\xa4nner sorgt f\xc3\xbcr eine intensive Pflege \n\xe2\x80\xa2 Verbesserte Formulierung dank 12h Long-Lasting Fragrance f\xc3\xbcr ein langanhaltendes Duft- und Frischegef\xc3\xbchl auf der Haut \n\xe2\x80\xa2 Ein w\xc3\xbcrzig-maskuliner Duft nach Sandelholz und Amber, kombiniert mit fruchtigen Akkorden. \n\xe2\x80\xa2 Duschgel mit Skin Active Technology: Pflanzenbasierte Pr\xc3\xa4biotika, die gute Hautbakterien f\xc3\xb6rdern und geruchsbildende Hautbakterien reduzieren, sorgen f\xc3\xbcr weniger K\xc3\xb6rpergeruch und mehr AXE-Duft \n\xe2\x80\xa2 Das Duschgel ist pH-hautneutral, dermatologisch getestet und enth\xc3\xa4lt 5x mehr Feuchtigkeitsspender \xe2\x80\x93 f\xc3\xbcr die beste AXE-Pflege \n\xe2\x80\xa2 Dieses M\xc3\xa4nnerduschgel kombiniert Nat\xc3\xbcrlichkeit mit einer sportlichen, selbstbewussten Note... mehr anzeigenEin gro\xc3\x9fartiger Tag beginnt mit einer gro\xc3\x9fartigen Dusche und es ist nicht egal, welches Duschgel M\xc3\xa4nner verwenden. Denn Duschgele gibt es viele. Aber nur das AXE Duschgel Alaska verbindet Nat\xc3\xbcrlichkeit mit einer sportlichen, selbstbewussten Note. Das Bodywash verleiht einen w\xc3\xbcrzig-maskulinen Duft nach Sandelholz und Amber, kombiniert mit fruchtigen Akkorden. Ein arktisch-k\xc3\xbchler Duft aus \xc3\x96len von Grapefruit und Bergamotte mit den fruchtigen Noten von Melone und Ananas, der erfrischt und neue Energie gibt.\n\nDoch nicht nur das: Das Duschgel von AXE enth\xc3\xa4lt die neue Skin Active Technology: Das sind pflanzenbasierte Pr\xc3\xa4biotika, die gute Hautbakterien f\xc3\xb6rdern und geruchsbildende Hautbakterien reduzieren. Die Folge: weniger K\xc3\xb6rpergeruch, mehr AXE-Duft. Au\xc3\x9ferdem enth\xc3\xa4lt es 5x mehr Feuchtigkeitsspender \xe2\x80\x93 f\xc3\xbcr die beste AXE-Pflege. Das Dusch Gel ist zudem ph-hautneutral und dermatologisch getestet. \n\nAnwendung: Die trockene Haut unter der Dusche befeuchten, die Bodywash in den H\xc3\xa4nden verteilen. K\xc3\xb6rper einsch\xc3\xa4umen. Gr\xc3\xbcndlich absp\xc3\xbclen. Sauber f\xc3\xbchlen. Gut duften. Das AXE Duschgel mit dem 12h Long-Lasting Fragrance \xe2\x80\x93 f\xc3\xbcr ein verbessertes Dufterlebnis unter der Dusche und ein langanhaltendes Duft- und Frischegef\xc3\xbchl auf der Haut.\n\nAXE steht f\xc3\xbcr Nachhaltigkeit \xe2\x80\x93 die Inhaltsstoffe des Duschgels sind zu 87% nat\xc3\xbcrlichen Ursprungs und die Flasche besteht aus 100% recyceltem Plastik (au\xc3\x9fer dem Deckel). \n\nDas AXE Duschgel Alaska passt perfekt zu allen Produkten aus der AXE Alaska Serie, l\xc3\xa4sst sich aber auch mit allen anderen AXE-D\xc3\xbcften kombinieren, sodass man sich voll auf das konzentrieren kann, worauf man Lust hat. AXE Duschgel Alaska \xe2\x80\x93 mit dem sensationellen Duft, der dazu einl\xc3\xa4dt, das Leben in vollen Z\xc3\xbcgen zu genie\xc3\x9fen. \n\nAXE \xe2\x80\x93 The AXE EffectInhaltsstoffeAqua, Sodium Laureth Sulfate, Parfum, Citric Acid, Cocamide MEA, Glycerin, PPG-12, Sodium Benzoate, Sodium Chloride, Sodium Sulfate, Alpha-Isomethyl Ionone, Benzyl Salicylate, Citronellol, Coumarin, Hexyl Cinnamal, Limolene, Linalool, CI 42090.ArtikeldetailsMarke: AxeUrsprungsland: DeutschlandSorte: AlaskaLaufzeit nach \xc3\x96ffnen: 12 MonateKontaktKontaktname: Unilever RAKontaktadresse: 455, 3013 AL, NLMaximale Bestellmenge: 15 St\xc3\xbcckF\xc3\xbcr die vorstehenden Angaben wird keine Haftung \xc3\xbcbernommen. Bitte pr\xc3\xbcfen Sie im Einzelfall die Angaben auf der jeweiligen Produktverpackung, nur diese sind verbindlich.Das Produktdesign kann von der Abbildung abweichen.'",Im Franzosengewann 3,Rewe,Drogerie,2023-07-09,"Gültig ab morgen bis Samstag, 15.07.2023"
Duschdas Duschgel,https://img.rewe-static.de/REWE28_2023/8911414/38937664-11_digital-image.png?impolicy=s-offers&imwidth=200&output-format=image/webp,,https://shop.rewe.de/productList?search=2832136,,"versch. Sorten , je 225-ml-Fl , (1 l = 4.40)",Aktion,"0,99 €","b'ProduktbeschreibungArtikelnummer 8911414Mit Duschdas 3-in-1 Duschgel & Shampoo Noire mit Fresh-Energy-Duftformel aktiv und vital in einen erlebnisreichen Tag starten. Der anregend-w\xc3\xbcrzige Duft vermittelt ein Gef\xc3\xbchl purer Lebendigkeit und gibt einem die Energie, die man f\xc3\xbcr einen vollgepackten Tag braucht. Die praktische Kombination aus Duschgel und Shampoo ist anwendbar f\xc3\xbcr K\xc3\xb6rper, Gesicht und Haar und sorgt f\xc3\xbcr erfrischende Momente im Alltag. Das Duschdas Duschgel & Shampoo kommt in der praktischen nachf\xc3\xbcllbaren 225 ml Flasche, die aus 100% recyceltem Plastik** (rPET) besteht und wiederum vollst\xc3\xa4ndig recycelt werden kann. Sie ist standsicher, leicht zu \xc3\xb6ffnen und eignet sich f\xc3\xbcr ein- oder mehrmaliges Nachf\xc3\xbcllen. Durch das bew\xc3\xa4hrte Kopfsteher-Format ist das 3-in-1 Duschbad in der Eco-Flasche sofort einsatzbereit und sorgt dar\xc3\xbcber hinaus f\xc3\xbcr ein Duschdas Duscherlebnis bis zum letzten Tropfen. Das erfrischende Duschgel ist leicht dosierbar, l\xc3\xa4sst sich schnell auf dem K\xc3\xb6rper und Haar aufsch\xc3\xa4umen und leicht absp\xc3\xbclen. Es hinterl\xc3\xa4sst ein frisches und sauberes Gef\xc3\xbchl. Das Duschdas Duschgel & Shampoo ist pH-hautneutral und somit besonders sanft zur Haut. Es eignet sich f\xc3\xbcr die t\xc3\xa4gliche Anwendung. Einfach die trockene Haut und das Haar unter der Dusche anfeuchten, das Duschgel auf Haut und Haar verteilen, einmassieren und absp\xc3\xbclen. Vitalisiert, erfrischt oder belebt \xe2\x80\x93 so l\xc3\xa4sst das Duschgel M\xc3\xa4nner mit positiver Stimmung in den Tag starten.\n\nJetzt auch die weiteren Duschgele von Duschdas entdecken. Als erste Duschgelmarke Deutschlands liefert Duschdas zuverl\xc3\xa4ssig gute Qualit\xc3\xa4t, eine gro\xc3\x9fe Auswahl an inspirierenden D\xc3\xbcften und langanhaltende Frische f\xc3\xbcr alle. Und das mit einer gut biologisch abbaubaren Formel in einer nachhaltigen Verpackung. Schn\xc3\xb6rkellos, zeitlos, bodenst\xc3\xa4ndig, starke Ergebnisse im funktionalen Nutzen. Beim Thema Duschen denken die Leute an Duschdas. Duschdas hinterl\xc3\xa4sst ein erfrischendes Gef\xc3\xbchl und wirkt k\xc3\xb6rperlich und geistig revitalisierend. Hol Dir frische Energie \xe2\x80\x93 mit Duschdas. *Gem\xc3\xa4\xc3\x9f OECD-Methoden **Ohne Kappe und EtikettInhaltsstoffeIngredients: Aqua, Sodium Laureth Sulfate, Sodium Chloride, Cocamidopropyl Betaine, Parfum, Glycerin, Sodium Benzoate, Citric Acid, Sodium Lactate, Tetrasodium EDTA, Alpha-Isomethyl Ionone, Coumarin, Geraniol, Hexyl Cinnamal, Limonene, Linalool, CI 17200,CI 19140.ArtikeldetailsMarke: DuschdasUrsprungsland: DeutschlandLaufzeit nach \xc3\x96ffnen: 12 MonateKontaktKontaktname: Unilever RAKontaktadresse: 455, 3013 AL, NLMaximale Bestellmenge: 15 St\xc3\xbcckF\xc3\xbcr die vorstehenden Angaben wird keine Haftung \xc3\xbcbernommen. Bitte pr\xc3\xbcfen Sie im Einzelfall die Angaben auf der jeweiligen Produktverpackung, nur diese sind verbindlich.Das Produktdesign kann von der Abbildung abweichen.'",Im Franzosengewann 3,Rewe,Drogerie,2023-07-09,"Gültig ab morgen bis Samstag, 15.07.2023"
Pampers Baby Dry Windeln Single Pack,https://img.rewe-static.de/REWE28_2023/8688573/35018085-9_digital-image.png?impolicy=s-offers&imwidth=200&output-format=image/webp,,https://shop.rewe.de/productList?search=2832136,,"Maxi Größe 4 , je 30-St.-Pckg",Aktion,"7,99 €",nan,Im Franzosengewann 3,Rewe,Drogerie,2023-07-09,"Gültig ab morgen bis Samstag, 15.07.2023"
Pampers Baby Dry Pants Single Pack,https://img.rewe-static.de/REWE28_2023/7839196/35199201-12_digital-image.png?impolicy=s-offers&imwidth=200&output-format=image/webp,,https://shop.rewe.de/productList?search=2832136,,"Größe 5 , je 24-St.-Pckg",Aktion,"7,99 €",nan,Im Franzosengewann 3,Rewe,Drogerie,2023-07-09,"Gültig ab morgen bis Samstag, 15.07.2023"
Gliss Kur Shampoo,https://img.rewe-static.de/REWE28_2023/7207275/27570160-11_digital-image.png?impolicy=s-offers&imwidth=200&output-format=image/webp,,https://shop.rewe.de/productList?search=2832136,,"versch. Sorten , je 250-ml-Fl , (1 l = 9.96)",Aktion,"2,49 €","b'ProduktbeschreibungArtikelnummer 7207275HABEN SIE STROHIGE HAARE UND SPLISS? T\xc3\xa4gliches K\xc3\xa4mmen & Stylen strapaziert das Haar, wodurch die Haarspitzen strohig werden und Haarbruch entsteht. Damit die Haare gesund & geschmeidig bleiben, brauchen sie eine intensive Pflege. GLISS KUR OIL NUTRITIVE bietet: \xe2\x80\x89TIEFENREPAIR OHNE ZU BESCHWEREN SINNLICHE GESCHMEIDIGKEIT UND GESUND GL\xc3\x84NZENDES HAAR GLISS KUR Formeln mit KERATIN SERUM reparieren vorhandene Sch\xc3\xa4den und verst\xc3\xa4rken die Zellstruktur, um zuk\xc3\xbcnftigen Sch\xc3\xa4den vorzubeugen. OIL NUTRITIVE Abgestimmt auf die Bed\xc3\xbcrfnisse von strohigem, splissanf\xc3\xa4lligem Haar, n\xc3\xa4hrt die OIL NUTRITIVE Linie das Haar mit WERTVOLLEN BEAUTY-\xc3\x96LEN. F\xc3\xbcr ein optimales Pflege-Ergebnis, folgen Sie dem GLISS KUR REPARATUR-SYSTEM: SHAMPOO reinigt  SP\xc3\x9cLUNG entwirrt  KUREN pflegenInhaltsstoffeAqua,Sodium Laureth Sulfate, Cocamidopropyl Betaine, Sodium Chloride, Macadamia Ternifolia Seed Oil, Prunus Armeniaca Kernel Oil, Tocopheryl Acetate, Panthenol, Hydrolyzed Keratin, Cocamide MEA, Disodium Cocoamphodiacetate, Sodium Benzoate, Citric Acid, PEG-7 Glyceryl Cocoate, Polyquaternium-10, Parfum, PEG-40 Hydrogenated Castor Oil, PEG-120 Methyl Glucose Dioleate, Propylene Glycol, Butylphenyl Methylpropional, Linalool, CI 19140, CI 15985, CI 47005ArtikeldetailsMarke: Gliss KurUrsprungsland: DeutschlandLaufzeit nach \xc3\x96ffnen: 12 MonateKontaktKontaktname: Schwarzkopf & Henkel GmbHKontaktadresse: D-40191 D\xc3\xbcsseldorfMaximale Bestellmenge: 15 St\xc3\xbcckF\xc3\xbcr die vorstehenden Angaben wird keine Haftung \xc3\xbcbernommen. Bitte pr\xc3\xbcfen Sie im Einzelfall die Angaben auf der jeweiligen Produktverpackung, nur diese sind verbindlich.Das Produktdesign kann von der Abbildung abweichen.'",Im Franzosengewann 3,Rewe,Drogerie,2023-07-09,"Gültig ab morgen bis Samstag, 15.07.2023"
Blend-a-Med Zahncreme,https://img.rewe-static.de/REWE28_2023/3075942/38993170-2_digital-image.png?impolicy=s-offers&imwidth=200&output-format=image/webp,,https://shop.rewe.de/productList?search=2832136,,"Classic oder Frisch , je 75-ml-Tube , (1 l = 11.87)",Aktion,"0,89 €","b'ProduktbeschreibungArtikelnummer 3075942Die blend-a-med Classic Zahncreme enth\xc3\xa4lt Aktiv-Fluorid f\xc3\xbcr saubere, gesunde und starke Z\xc3\xa4hne. Mit dem klassischen Menthol-Geschmack von blend-a-med. Blend-a-med Rundumschutz Classic Zahnpasta bietet 24 Stunden Schutz, bei zweimal t\xc3\xa4glich putzen. Mit dem klassischem Menthol-Geschmack von blend-a-med.InhaltsstoffeIngredients: Aqua, Hydrated Silica, Sorbitol, Sodium Lauryl Sulfate, Cellulose Gum, Aroma, Trisodium Phosphate, Sodium Fluoride, Carbomer, Cl 77891, Sodium Saccharin, Limonene, Sodium Hydroxide, Eugenol, Polysorbate 80HinweiseInformation: F\xc3\xbcr Kinder bis 6 Jahre: Nur erbsengro\xc3\x9fe Menge Zahnpasta benutzen. Zur Vermeidung \xc3\xbcberm\xc3\xa4\xc3\x9figen Verschluckens Z\xc3\xa4hneputzen nur unter Aufsicht. Bei zus\xc3\xa4tzlicher Aufnahme von Fluorid den Zahnarzt oder Arzt befragen. Enth\xc3\xa4lt Natriumfluorid (1450 ppm Fluorid).ArtikeldetailsMarke: Blend-a-medUrsprungsland: DeutschlandKontaktKontaktname: Procter & GambleKontaktadresse: 65823 Schwalbach/Ts., GermanyMaximale Bestellmenge: 15 St\xc3\xbcckF\xc3\xbcr die vorstehenden Angaben wird keine Haftung \xc3\xbcbernommen. Bitte pr\xc3\xbcfen Sie im Einzelfall die Angaben auf der jeweiligen Produktverpackung, nur diese sind verbindlich.Das Produktdesign kann von der Abbildung abweichen.'",Im Franzosengewann 3,Rewe,Drogerie,2023-07-09,"Gültig ab morgen bis Samstag, 15.07.2023"
Colgate Total Zahncreme,https://img.rewe-static.de/REWE28_2023/2226666/34953247-8_digital-image.png?impolicy=s-offers&imwidth=200&output-format=image/webp,,https://shop.rewe.de/productList?search=2832136,,"je 75-ml-Tuben-Pckg , (1 l = 30.53)",Aktion,"2,29 €","b'ProduktbeschreibungArtikelnummer 2226666Colgate Total Zahnapasta enth\xc3\xa4lt eine fortschrittliche Technologie, die Ihren gesamten Mund proaktiv sch\xc3\xbctzt und einen hervorragenden Schutz gegen Plaque, Empfindlichkeit, Verf\xc3\xa4rbungen, Zahnstein und Karies bietet. Sie macht Bakterien ausfindig und bek\xc3\xa4mpft sie, um den Zahnschmelz zu sch\xc3\xbctzen, neutralisiert sofort Ger\xc3\xbcche, die Mundgeruch verursachen, und enth\xc3\xa4lt verbesserte Aromen, die in Ihrem Mund f\xc3\xbcr ein Gef\xc3\xbchl der Sauberkeit und Frische sorgen. Diese Zahnpasta tr\xc3\xa4gt \xc3\xbcberdies dazu bei, Zahnfleischerkrankungen und Zahnschmelzabbau vorzubeugen. Um einen gesunden Mund zu haben, reicht es nicht aus, sich nur um die Z\xc3\xa4hne zu k\xc3\xbcmmern. Deshalb bek\xc3\xa4mpft die Zahnpasta Colgate Total Original Bakterien nicht nur auf Ihren Z\xc3\xa4hnen, sondern auch auf der Zunge, den Wangeninnenseiten und dem Zahnfleisch proaktiv bis zu 12 Stunden lang,* um die Gesundheit des ganzen Mundes zu gew\xc3\xa4hrleisten.** \n *nach 4 Wochen regelm\xc3\xa4\xc3\x9figer Anwendung \n **Schutz f\xc3\xbcr Ihren ganzen Mund, d. h. Z\xc3\xa4hne, Zunge, Wangeninnenseiten und Zahnfleisch... mehr anzeigenInhaltsstoffeAqua, Glycerin, Hydrated Silica, PVM/MA Copolymer, Sodium Lauryl Sulfate, Cellulose Gum, Aroma, Sodium Hydroxide, Carrageenan, Sodium Fluoride, Triclosan, Sodium Saccharin, Limonene, Cl 77891ArtikeldetailsMarke: ColgateUrsprungsland: DeutschlandLaufzeit nach \xc3\x96ffnen: 12 MonatePackungsgr\xc3\xb6\xc3\x9fe: 75mlMaximale Bestellmenge: 15 St\xc3\xbcckF\xc3\xbcr die vorstehenden Angaben wird keine Haftung \xc3\xbcbernommen. Bitte pr\xc3\xbcfen Sie im Einzelfall die Angaben auf der jeweiligen Produktverpackung, nur diese sind verbindlich.Das Produktdesign kann von der Abbildung abweichen.'",Im Franzosengewann 3,Rewe,Drogerie,2023-07-09,"Gültig ab morgen bis Samstag, 15.07.2023"
Vitakraft Poésie Katzennahrung,https://img.rewe-static.de/REWE28_2023/2751452/24817125-19_digital-image.png?impolicy=s-offers&imwidth=200&output-format=image/webp,,https://shop.rewe.de/productList?search=2832136,,"versch. Sorten , je 85-g-Schale/Btl , (1 kg = 4.59)",Aktion,"0,39 €","b'ProduktbeschreibungArtikelnummer 2751452K\xc3\xb6stlich fleischige H\xc3\xa4ppchen, raffiniert kombiniert mit einer feinen K\xc3\xa4sesauce \xe2\x80\x93 dieses leckere Men\xc3\xbc in der Herzschale ist jeden Tag aufs Neue ein Gedicht f\xc3\xbcr Ihre Katze!Jede Schale Po\xc3\xa9sie\xc2\xae Cr\xc3\xa9ation enth\xc3\xa4lt unwiderstehlichen Geschmack, beste Zutaten und eine ausgewogene Portion Liebe, also genau das, was sich Ihr Tiger w\xc3\xbcnscht. Dabei ist das schmackhafte Men\xc3\xbc selbstverst\xc3\xa4ndlich ideal auf die ern\xc3\xa4hrungsphysiologischen Bed\xc3\xbcrfnisse von Katzen abgestimmt und \xc3\xbcberzeugt durch h\xc3\xb6chste Qualit\xc3\xa4t. Und die kann man dank der schonenden Zubereitung sogar sehen. Vitakraft. Aus Liebe.ZusammensetzungZusammensetzung: Fleisch u. tierische Nebenerzeugnisse 55% (Rind, Schwein und Gefl\xc3\xbcgel, 5% Pute);Getreide (Weizen);Mineralstoffe;Milch und Molkereierzeugnisse (2% K\xc3\xa4se);InulinAnalytische Bestandteile: 83,0 % Feuchtigkeit;9,5 % Protein;5,0 % Fettgehalt0,3 % Rohfaser;2,0 % RohascheZusatzstoffe pro kg: 250 i.E. E671 Vitamin D3;15 mg E1 Eisen;1,0 mg E4 Kupfer;1,0 mg E5 Mangan;18,0 mg 3b605, Zink;445 mg TaurinF\xc3\xbctterungsempfehlungEine Katze mit einem Gewicht von 4 kg ben\xc3\xb6tigt ca. 2-3 Schalen pro Tag, abh\xc3\xa4ngig von Aktivit\xc3\xa4t, Alter und Rasse des Tieres. Dazu frisches Trinkwasser reichen.HinweiseAufbewahrungs- und Verwendungshinweis: K\xc3\xbchl und trocken lagern.ArtikeldetailsMarkeVitakraftUrsprungslandDeutschlandGeschmacksrichtungPute in K\xc3\xa4sesauceTierartKatzeAltersstufe des HaustieresAdultFutterartAlleinfutterKontaktKontakt: 0421 48960Zulassungsnummer: DE BW 200010Kontaktname: Vitakraft pet care GmbH & Co. KGKontaktadresse: D-28295 Bremen.Maximale Bestellmenge: 15 St\xc3\xbcckF\xc3\xbcr die vorstehenden Angaben wird keine Haftung \xc3\xbcbernommen. Bitte pr\xc3\xbcfen Sie im Einzelfall die Angaben auf der jeweiligen Produktverpackung, nur diese sind verbindlich.Das Produktdesign kann von der Abbildung abweichen.'",Im Franzosengewann 3,Rewe,Tier,2023-07-09,"Gültig ab morgen bis Samstag, 15.07.2023"
Catsan Hygiene Plus,https://img.rewe-static.de/REWE28_2023/8009189/31263213-5_digital-image.png?impolicy=s-offers&imwidth=200&output-format=image/webp,,https://shop.rewe.de/productList?search=2832136,,"je 9-l-Btl , (1 l = 0.55)",Aktion,"4,99 €","b'ProduktbeschreibungArtikelnummer 8009189CATSAN\xe2\x84\xa2 Hygiene Plus ist eine hochwirksame, nicht-klumpende Katzenstreu, die Fl\xc3\xbcssigkeit schnell und effektiv aufsaugt, bevor Geruch entsteht. Wie ein Schwamm nimmt die Hygienestreu Fl\xc3\xbcssigkeit auf und schlie\xc3\x9ft sie sicher ein. So bleibt die Katzentoilette f\xc3\xbcr Ihre Katze sp\xc3\xbcrbar trocken und hygienisch. Der Extra-Mineralschutz von CATSAN\xe2\x84\xa2 Hygiene bindet Ger\xc3\xbcche besonders lang und zuverl\xc3\xa4ssig. Katzen wissen die geruchsbindende Katsenstreu zu sch\xc3\xa4tzen - und ihre Eigent\xc3\xbcmer auch. \nCATSAN\xe2\x84\xa2 Hygienestreu besteht zu 100 % aus nat\xc3\xbcrlichen Rohstoffen (Quarzsand und Kalk). So entsteht die hygienisch wei\xc3\x9fe Farbe von CATSAN\xe2\x84\xa2 Hygienestreu, ohne auf gef\xc3\xa4hrliche Stoffe wie Bleichmittel zur\xc3\xbcckgreifen zu m\xc3\xbcssen. CATSAN\xe2\x84\xa2 ist frei von gef\xc3\xa4hrlichen Fasern oder anderen unvertr\xc3\xa4glichen Bestandteilen. \nAuch f\xc3\xbcr K\xc3\xa4tzchen geeignet.HinweiseAufbewahrungs- und Verwendungshinweis: Bitte trocken lagern.ArtikeldetailsMarke: CatsanUrsprungsland: DeutschlandKontaktKontaktname: Mars GmbHKontaktadresse: Postfach 1280, 27281 Verden (Aller)Maximale Bestellmenge: 15 St\xc3\xbcckF\xc3\xbcr die vorstehenden Angaben wird keine Haftung \xc3\xbcbernommen. Bitte pr\xc3\xbcfen Sie im Einzelfall die Angaben auf der jeweiligen Produktverpackung, nur diese sind verbindlich.Das Produktdesign kann von der Abbildung abweichen.'",Im Franzosengewann 3,Rewe,Tier,2023-07-09,"Gültig ab morgen bis Samstag, 15.07.2023"
"Maui Sports Phylon Clogs
            3",https://img.rewe-static.de/REWE28_2023/7718674/40276955-6_digital-image.png?impolicy=s-offers&imwidth=200&output-format=image/webp,,https://shop.rewe.de/productList?search=2832136,,"für Damen oder Herren Größen: 38/39, 40/41, 42/43, 44/45 , je Paar",Aktion,"11,99 €",nan,Im Franzosengewann 3,Rewe,Freizeit & Mode,2023-07-09,"Gültig ab morgen bis Samstag, 15.07.2023"
"Edelweiss
            1",https://img.rewe-static.de/REWE28_2023/8905443/39778752-4_digital-image.png?impolicy=s-offers&imwidth=200&output-format=image/webp,,https://shop.rewe.de/productList?search=2832136,,"Sorte »Vroni«, mit silberweißen Blüten , je Topf",Aktion,"2,29 €",nan,Im Franzosengewann 3,Rewe,Freizeit & Mode,2023-07-09,"Gültig ab morgen bis Samstag, 15.07.2023"
"Lavendel
            1",https://img.rewe-static.de/REWE28_2023/7937802/32803965-11_digital-image.png?impolicy=s-offers&imwidth=200&output-format=image/webp,,https://shop.rewe.de/productList?search=2832136,,"herrlich duftend, in dekorativem Balkonkasten , je Topf",Aktion,"4,44 €",nan,Im Franzosengewann 3,Rewe,Freizeit & Mode,2023-07-09,"Gültig ab morgen bis Samstag, 15.07.2023"
"Grillbriketts »Grillis« oder Grillholzkohle »Der Sommerhit«
            3",https://img.rewe-static.de/REWE28_2023/1498474/20984916-13_digital-image.png?impolicy=s-offers&imwidth=200&output-format=image/webp,,https://shop.rewe.de/productList?search=2832136,,"je 3,3-kg-Btl , (1 kg = 2.42)",Aktion,"7,99 €","b'ProduktbeschreibungArtikelnummer 1498474Diese Artikel sind nicht st\xc3\xa4ndig im Sortiment. Verkauf nur solange der Vorrat reicht. Abgabe nur in handels\xc3\xbcblichen Mengen. Aktionspreise sind zeitlich begrenzt. ArtikeldetailsMarke: proFagusKontaktKontaktname: proFagus GmbHKontaktadresse: Uslarer Stra\xc3\x9fe 30 37194 BodenfeldeMaximale Bestellmenge: 2 St\xc3\xbcckF\xc3\xbcr die vorstehenden Angaben wird keine Haftung \xc3\xbcbernommen. Bitte pr\xc3\xbcfen Sie im Einzelfall die Angaben auf der jeweiligen Produktverpackung, nur diese sind verbindlich.Das Produktdesign kann von der Abbildung abweichen.'",Im Franzosengewann 3,Rewe,Freizeit & Mode,2023-07-09,"Gültig ab morgen bis Samstag, 15.07.2023"
"Portulakröschen oder Zauberglöckchen
            1",https://img.rewe-static.de/REWE28_2023/1832840/2541080-5_digital-image.png?impolicy=s-offers&imwidth=200&output-format=image/webp,,https://shop.rewe.de/productList?search=2832136,,"versch. Farben , je Topf",Aktion,"1,99 €",nan,Im Franzosengewann 3,Rewe,Freizeit & Mode,2023-07-09,"Gültig ab morgen bis Samstag, 15.07.2023"
"Enzian
            1",https://img.rewe-static.de/REWE28_2023/1729713/25244190-6_digital-image.png?impolicy=s-offers&imwidth=200&output-format=image/webp,,https://shop.rewe.de/productList?search=2832136,,"blühfreudige Sommerpflanze, mit leuchtend blauer Blüte , je Topf",Aktion,"2,99 €",nan,Im Franzosengewann 3,Rewe,Freizeit & Mode,2023-07-09,"Gültig ab morgen bis Samstag, 15.07.2023"
Wildkräuter Salat,https://img.rewe-static.de/REWE_CENTER_HZ28_2023/7750912/25222650-17_digital-image.png?impolicy=s-offers&imwidth=200&output-format=image/webp,,https://shop.rewe.de/productList?search=2832136,,"je 125-g-Schale , (1 kg = 9.52)",Aktion,"1,19 €",nan,Im Weiher 14,Rewe,Topangebote,2023-07-09,"Gültig ab morgen bis Samstag, 15.07.2023"
Barilla Pasta,https://img.rewe-static.de/REWE_CENTER_HZ28_2023/6653839/20768970-25_digital-image.png?impolicy=s-offers&imwidth=200&output-format=image/webp,,https://shop.rewe.de/productList?search=2832136,,"versch. Ausformungen , je 500-g-Pckg , (1 kg = 1.90)",Knaller,"0,95 €","b'ProduktbeschreibungArtikelnummer 6653839Fusilli erschienen in ihrer heutigen Form zuerst in S\xc3\xbcditalien und sind urspr\xc3\xbcnglich der Idee entsprungen, Spaghetti auf einer Stricknadel aufzuwickeln. Erst sp\xc3\xa4ter, bedingt durch die unterschiedlichen geschmacklichen Gewohnheiten in den verschiedenen italienischen Regionen, entstanden Fusilli als eigenst\xc3\xa4ndige Sorte. Im Rahmen des Sortiments von Barilla - Italiens beliebtester Pasta - wurde die Pastasorte Fusilli neu interpretiert und erhielt ihre charakteristische Spiralform, die f\xc3\xbcr die Tradition von Mittel- und Norditalien typisch ist.... mehr anzeigenZutaten & AllergeneZutaten: HARTWEIZENGRIESS, Wasser. Kann Spuren von Sojabohnen enthalten.Allergenhinweise: Enth\xc3\xa4lt: Weizen und Weizenerzeugnisse (glutenhaltiges Getreide). Glutenhaltiges Getreide und glutenhaltige Getreideerzeugnisse. Kann enthalten: Soja und Sojaerzeugnisse.N\xc3\xa4hrwerteDurchschnittliche N\xc3\xa4hrwerteUnzubereitet pro 100 gEnergie1.521 kJEnergie359 kcalFett2 gFett, davon ges\xc3\xa4ttigte Fetts\xc3\xa4uren0,5 gKohlenhydrate71,2 gKohlenhydrate, davon Zucker3,5 gBallaststoffe3 gEiwei\xc3\x9f12,5 gSalz0,013 gHinweiseAufbewahrungs- und Verwendungshinweis: Trocken und vor W\xc3\xa4rme gesch\xc3\xbctzt lagern.ArtikeldetailsMarke: BarillaUrsprungsland: ItalienKontaktKontaktname: Barilla G. e R. Fratelli - Societ\xc3\xa0 per AzioniKontaktadresse: Via Mantova 166, Parma - ItalyF\xc3\xbcr die vorstehenden Angaben wird keine Haftung \xc3\xbcbernommen. Bitte pr\xc3\xbcfen Sie im Einzelfall die Angaben auf der jeweiligen Produktverpackung, nur diese sind verbindlich.Das Produktdesign kann von der Abbildung abweichen.'",Im Weiher 14,Rewe,Topangebote,2023-07-09,"Gültig ab morgen bis Samstag, 15.07.2023"
Ehrmann Almighurt,https://img.rewe-static.de/REWE_CENTER_HZ28_2023/7659300/9176090-16_digital-image.png?impolicy=s-offers&imwidth=200&output-format=image/webp,,https://shop.rewe.de/productList?search=2832136,,"versch. Sorten , je 150-g-Becher , (1 kg = 2.20)",Knaller,"0,33 €","b'ProduktbeschreibungArtikelnummer 7659300Erlesene Fruchtzubereitung aus Deutschland.Gute Allg\xc3\xa4uer Milch von Familienh\xc3\xb6fen.Zutaten & AllergeneZutaten: JOGHURT mild, Zucker, Heidelbeeren 6,8%, modifizierte St\xc3\xa4rke, f\xc3\xa4rbendes Pflanzenkonzentrat (Karotte), Verdickungsmittel (Pektine, Guarkernmehl), Aroma. Ohne Konservierungsstoffe.Allergenhinweise: Enth\xc3\xa4lt: JoghurtEnth\xc3\xa4lt: Milch und Milcherzeugnisse (einschlie\xc3\x9flich Lactose). Milchzucker (Laktose).N\xc3\xa4hrwerteDurchschnittliche N\xc3\xa4hrwerteUnzubereitet pro 100 gEnergie389 kJEnergie92 kcalFett2,7 gFett, davon ges\xc3\xa4ttigte Fetts\xc3\xa4uren1,8 gKohlenhydrate14 gKohlenhydrate, davon Zucker13 gEiwei\xc3\x9f3 gSalz0,1 gHinweiseAufbewahrungs- und Verwendungshinweis: Bei max. +8 \xc2\xb0C mindestens haltbar bis: siehe DeckelArtikeldetailsMarke: EhrmannUrsprungsland: DeutschlandSorte: HeidelbeereKontaktKontaktname: Ehrmann GmbHKontaktadresse: A.-Ehrmann-Stra\xc3\x9fe 2, 87770 Obersch\xc3\xb6neggMaximale Bestellmenge: 15 St\xc3\xbcckF\xc3\xbcr die vorstehenden Angaben wird keine Haftung \xc3\xbcbernommen. Bitte pr\xc3\xbcfen Sie im Einzelfall die Angaben auf der jeweiligen Produktverpackung, nur diese sind verbindlich.Das Produktdesign kann von der Abbildung abweichen.'",Im Weiher 14,Rewe,Topangebote,2023-07-09,"Gültig ab morgen bis Samstag, 15.07.2023"
Lavazza Caffè Crema Classico oder Crema e Aroma,https://img.rewe-static.de/REWE_CENTER_HZ28_2023/0293182/30798874-10_digital-image.png?impolicy=s-offers&imwidth=200&output-format=image/webp,,https://shop.rewe.de/productList?search=2832136,,"ganze Bohnen , je 1000-g-Btl",Knaller,"9,99 €","b'ProduktbeschreibungArtikelnummer 293182Eine sehr vielseitige Mischung aus Arabica und Robusta Bohnen. HinweiseAufbewahrungs- und Verwendungshinweis: trocken lagern.ArtikeldetailsMarke: LavazzaUrsprungsland: ItalienKontaktKontaktname: LUIGI LAVAZZA S.p.A.Kontaktadresse: C. SO NOVARA, 59- 10154 TORINO - ITALIAMaximale Bestellmenge: 15 St\xc3\xbcckF\xc3\xbcr die vorstehenden Angaben wird keine Haftung \xc3\xbcbernommen. Bitte pr\xc3\xbcfen Sie im Einzelfall die Angaben auf der jeweiligen Produktverpackung, nur diese sind verbindlich.Das Produktdesign kann von der Abbildung abweichen.'",Im Weiher 14,Rewe,Topangebote,2023-07-09,"Gültig ab morgen bis Samstag, 15.07.2023"
Campofrio Serrano-Schinken,https://img.rewe-static.de/REWE_CENTER_HZ28_2023/0515409/31641266-6_digital-image.png?impolicy=s-offers&imwidth=200&output-format=image/webp,,https://shop.rewe.de/productList?search=2832136,,je 100 g,Aktion,"2,19 €","b'ProduktbeschreibungArtikelnummer 515409Frisch f\xc3\xbcr dich aus unserer Servicetheke. \n \nZutaten: Schweinefleisch, Salz, Konservierungsstoff: Kaliumnitrat, Natriumnitrit. \n \nN\xc3\xa4hrwerte je 100g: \nEnergie: 889kJ \nEnergie: 2120kcal \nFett: 10g \nFett, davon ges\xc3\xa4ttigte Fetts\xc3\xa4uren: 3,8g \nKohlenhydrate: 0,5g \nKohlenhydrate, davon Zucker: 0,5g \nEiwei\xc3\x9f: 30g \nSalz: 5g Zutaten & AllergeneAllergenhinweise: nullN\xc3\xa4hrwerteDurchschnittliche N\xc3\xa4hrwerteUnzubereitet pro 100 gEnergie889 kJEnergie212 kcalFett10 gFett, davon ges\xc3\xa4ttigte Fetts\xc3\xa4uren3,8 gKohlenhydrate0,5 gKohlenhydrate, davon Zucker0,5 gEiwei\xc3\x9f30 gSalz5 gArtikeldetailsMarke: CampofrioMaximale Bestellmenge: 15 St\xc3\xbcckF\xc3\xbcr die vorstehenden Angaben wird keine Haftung \xc3\xbcbernommen. Bitte pr\xc3\xbcfen Sie im Einzelfall die Angaben auf der jeweiligen Produktverpackung, nur diese sind verbindlich.Das Produktdesign kann von der Abbildung abweichen.'",Im Weiher 14,Rewe,Topangebote,2023-07-09,"Gültig ab morgen bis Samstag, 15.07.2023"
Oro di Parma Tomaten,https://img.rewe-static.de/REWE_CENTER_HZ28_2023/0690805/1447950-33_digital-image.png?impolicy=s-offers&imwidth=200&output-format=image/webp,,https://shop.rewe.de/productList?search=2832136,,"versch. Sorten , je 400-g-Dose , (1 kg = 2.48)",Aktion,"0,99 €","b'ProduktbeschreibungArtikelnummer 690805In der Sonne gereift, sorgf\xc3\xa4lig ausgew\xc3\xa4hlt, gesch\xc3\xa4lt und fein gest\xc3\xbcckelt, bilden die ORO di Parma-Tomaten mit ihrem intensiven Geschmack, und verfeinert mit Basilikum die ideale Basis f\xc3\xbcr Saucen, Suppen und Co.Zutaten & AllergeneZutaten: Tomatenst\xc3\xbccke, Basilikum, Salz, Zucker, nat\xc3\xbcrliches Kr\xc3\xa4uter-Aroma, nat\xc3\xbcrliches Aroma.N\xc3\xa4hrwerteDurchschnittliche N\xc3\xa4hrwerteUnzubereitet pro 100 gEnergie115 kJEnergie27 kcalFett< 0,5 gFett, davon ges\xc3\xa4ttigte Fetts\xc3\xa4uren< 0,1 gKohlenhydrate3,5 gKohlenhydrate, davon Zucker3,5 gBallaststoffe2,2 gEiwei\xc3\x9f1,3 gSalz0,6 gHinweiseAufbewahrungs- und Verwendungshinweis: Nach Anbruch im K\xc3\xbchlschrank aufbewahren.ArtikeldetailsMarke: Oro di ParmaNettof\xc3\xbcllmenge: 400 GUrsprungsland: ItalienKontaktKontaktname: HengstenbergKontaktadresse: D-73726 EsslingenF\xc3\xbcr die vorstehenden Angaben wird keine Haftung \xc3\xbcbernommen. Bitte pr\xc3\xbcfen Sie im Einzelfall die Angaben auf der jeweiligen Produktverpackung, nur diese sind verbindlich.Das Produktdesign kann von der Abbildung abweichen.'",Im Weiher 14,Rewe,Dein Markt für italienischen Genuss,2023-07-09,"Gültig ab morgen bis Samstag, 15.07.2023"
Barilla Teigwaren,https://img.rewe-static.de/REWE_CENTER_HZ28_2023/2167566/23715522-22_digital-image.png?impolicy=s-offers&imwidth=200&output-format=image/webp,,https://shop.rewe.de/productList?search=2832136,,"versch. Sorten, glutenfrei , je 400-g-Pckg , (1 kg = 4.98)",Aktion,"1,99 €","b'ProduktbeschreibungArtikelnummer 2167566Speziell formuliert f\xc3\xbcr Menschen mit Glutenunvertr\xc3\xa4glichkeit.Zutaten & AllergeneZutaten: wei\xc3\x9fes Maismehl (60%), gelbes Maismehl (29,5%), braunes Vollkorn-Reismehl (10%), Wasser, Emulgator: Mono- und Diglyceride von Speisefetts\xc3\xa4uren.Allergenhinweise: Enth\xc3\xa4lt: Keine deklarationspflichtigen Allergene enthalten.N\xc3\xa4hrwerteDurchschnittliche N\xc3\xa4hrwerteUnzubereitet pro 100 gEnergie1.540 kJEnergie363 kcalFett1,5 gFett, davon ges\xc3\xa4ttigte Fetts\xc3\xa4uren0,7 gKohlenhydrate79,6 gKohlenhydrate, davon Zucker0,6 gBallaststoffe1,7 gEiwei\xc3\x9f6,9 gSalz0,002 gHinweiseAufbewahrungs- und Verwendungshinweis: K\xc3\xbchl und trocken lagernArtikeldetailsMarke: BarillaEigenschaften: GlutenfreiUrsprungsland: ItalienSorte: Spaghetti glutenfreiKontaktKontaktname: Barilla G. e R. Fratelli S.p.A.Kontaktadresse: Via Mantova 166, Parma - Italy.F\xc3\xbcr die vorstehenden Angaben wird keine Haftung \xc3\xbcbernommen. Bitte pr\xc3\xbcfen Sie im Einzelfall die Angaben auf der jeweiligen Produktverpackung, nur diese sind verbindlich.Das Produktdesign kann von der Abbildung abweichen.'",Im Weiher 14,Rewe,Dein Markt für italienischen Genuss,2023-07-09,"Gültig ab morgen bis Samstag, 15.07.2023"
Barilla Fusilli Rote Linsen oder Risoni aus Hülsenfrüchten,https://img.rewe-static.de/REWE_CENTER_HZ28_2023/8089491/29290677-13_digital-image.png?impolicy=s-offers&imwidth=200&output-format=image/webp,,https://shop.rewe.de/productList?search=2832136,,"versch. Sorten , je 250-g-Pckg , (1 kg = 9.96)",Aktion,"2,49 €","b'ProduktbeschreibungArtikelnummer 8089491Die neuen Fusilli aus roten Linsen von Barilla bieten ein ganz neues Erlebnis mit dem Geschmack und allen Vorteilen von H\xc3\xbclsenfr\xc3\xbcchten!\n\nGlutenfrei, cholesterinfrei. Protein- und ballaststoffreich.\n\nLernen Sie jetzt unsere neue Fusilli aus 100% rotem Linsenmehl kennen.\n\nMachen Sie sich bereit f\xc3\xbcr ein Geschmacksabenteuer! Zutaten & AllergeneZutaten: Mehl aus roten LinsenN\xc3\xa4hrwerteDurchschnittliche N\xc3\xa4hrwerteUnzubereitet pro 100 gEnergie1.416 kJEnergie335 kcalFett2,4 gFett, davon ges\xc3\xa4ttigte Fetts\xc3\xa4uren0,5 gKohlenhydrate47,4 gKohlenhydrate, davon Zucker1,8 gBallaststoffe12 gEiwei\xc3\x9f25 gSalz0,003 gHinweiseAufbewahrungs- und Verwendungshinweis: Trocken, vor Licht und W\xc3\xa4rme gesch\xc3\xbctztlagern.ArtikeldetailsMarke: BarillaEigenschaften: GlutenfreiUrsprungsland: ItalienKontaktKontaktname: Barilla G. e R. Fratelli S.p.A.Kontaktadresse: Via Mantova 166, Parma - Italy.F\xc3\xbcr die vorstehenden Angaben wird keine Haftung \xc3\xbcbernommen. Bitte pr\xc3\xbcfen Sie im Einzelfall die Angaben auf der jeweiligen Produktverpackung, nur diese sind verbindlich.Das Produktdesign kann von der Abbildung abweichen.'",Im Weiher 14,Rewe,Dein Markt für italienischen Genuss,2023-07-09,"Gültig ab morgen bis Samstag, 15.07.2023"
Lavazza Espresso Kaffeekapseln,https://img.rewe-static.de/REWE_CENTER_HZ28_2023/8810470/35732285-9_digital-image.png?impolicy=s-offers&imwidth=200&output-format=image/webp,,https://shop.rewe.de/productList?search=2832136,,"je 57-g-Pckg , (1 kg = 43.68)",Aktion,"2,49 €","b'ProduktbeschreibungArtikelnummer 8810470ArtikeldetailsMarke: LavazzaUrsprungsland: ItalienKontaktKontaktname: Luigi Lavazza Deutschland GmbHKontaktadresse: Platz der Einheit 260327 Frankfurt/M.F\xc3\xbcr die vorstehenden Angaben wird keine Haftung \xc3\xbcbernommen. Bitte pr\xc3\xbcfen Sie im Einzelfall die Angaben auf der jeweiligen Produktverpackung, nur diese sind verbindlich.Das Produktdesign kann von der Abbildung abweichen.'",Im Weiher 14,Rewe,Dein Markt für italienischen Genuss,2023-07-09,"Gültig ab morgen bis Samstag, 15.07.2023"
Lavazza Tierra Kaffeekapseln,https://img.rewe-static.de/REWE_CENTER_HZ28_2023/8751427/35732387-9_digital-image.png?impolicy=s-offers&imwidth=200&output-format=image/webp,,https://shop.rewe.de/productList?search=2832136,,"je 55-g-Pckg , (1 kg = 45.27)",Aktion,"2,49 €","b'ProduktbeschreibungArtikelnummer 8751427ArtikeldetailsMarke: LavazzaEigenschaften: BioUrsprungsland: Italien\xc3\x96ko Kontrollstelle: IT-BIO-009Ort der Erzeugung: EU-LandwirtschaftKontaktKontaktname: Luigi Lavazza Deutschland GmbHKontaktadresse: Platz der Einheit 2, 60327 Frankfurt/M.F\xc3\xbcr die vorstehenden Angaben wird keine Haftung \xc3\xbcbernommen. Bitte pr\xc3\xbcfen Sie im Einzelfall die Angaben auf der jeweiligen Produktverpackung, nur diese sind verbindlich.Das Produktdesign kann von der Abbildung abweichen.'",Im Weiher 14,Rewe,Dein Markt für italienischen Genuss,2023-07-09,"Gültig ab morgen bis Samstag, 15.07.2023"
Iglo Gemüse-Ideen Italienisch,https://img.rewe-static.de/REWE_CENTER_HZ28_2023/0529482/2971930-72_digital-image.png?impolicy=s-offers&imwidth=200&output-format=image/webp,,https://shop.rewe.de/productList?search=2832136,,"tiefgefroren , je 480-g-Pckg , (1 kg = 4.63)",Aktion,"2,22 €","b'ProduktbeschreibungArtikelnummer 529482Die iglo Gem\xc3\xbcse-Idee Italienisch ist eine knackige Gem\xc3\xbcsemischung, verfeinert mit mediterranen Kr\xc3\xa4utern. Das Gem\xc3\xbcse wird erntefrisch tiefgefroren, damit die vielen wichtigen Vitamine erhalten bleiben. Denn eine zubereitete Portion des italienischen Pfannengem\xc3\xbcses deckt \xc3\xbcber 50% des t\xc3\xa4glichen Vitamin A-Bedarfs. Die Gem\xc3\xbcse-Idee Italienisch l\xc3\xa4sst sich einfach und schnell in der Mikrowelle oder in der Pfanne zubereiten. Au\xc3\x9ferdem enth\xc3\xa4lt das Produkt keine Geschmacksverst\xc3\xa4rker und Farbstoff- und Aromazus\xc3\xa4tze.\n- Verfeinert mit mediterranen Kr\xc3\xa4utern\n- Ohne Zusatz von k\xc3\xbcnstlichen Aromen, Farbstoffen und Geschmacksverst\xc3\xa4rkern\n- Schnelle und einfache Zubereitung\n- Vegan\n- Tiefgefroren... mehr anzeigenZutaten & AllergeneZutaten: Gem\xc3\xbcsemischung (93%) (Brechbohnen, Paprika, Karotten, Zucchini, Zwiebel Brokkoli;in ver\xc3\xa4nderlichen Gewichtsanteilen), pflanzliche Fette und \xc3\x96le (Palmfett***,Kokosnuss\xc3\xb6l,Palmkern\xc3\xb6l***),Kr\xc3\xa4utermischung(roteZwiebel, Petersilie,Basilikum,Knoblauch,Thymian,Oregano),Gem\xc3\xbcsebr\xc3\xbche (Dextrose,Salz,Karotten,Zwiebeln,Lauch,Schalotten,Tomaten,Paprika), Wasser,Zucker,Salz,Gew\xc3\xbcrze.  Dieses Produkt enth\xc3\xa4lt zertifiziertes nachhaltiges Palmfett/ Palmkern\xc3\xb6l.N\xc3\xa4hrwerteDurchschnittliche N\xc3\xa4hrwerteUnzubereitet pro 100 gEnergie233 kJEnergie56 kcalFett2,7 gFett, davon ges\xc3\xa4ttigte Fetts\xc3\xa4uren1,8 gKohlenhydrate4,9 gKohlenhydrate, davon Zucker4,3 gBallaststoffe2,4 gEiwei\xc3\x9f1,8 gSalz0,85 gHinweiseAufbewahrungs- und Verwendungshinweis: Aufbewahrung zu Hause: *** - Fach oder Tiefk\xc3\xbchltruhe (bei minus 18\xc2\xb0 C) mindestens haltbar bis Ende: siehe links, Aufbewahrung zu Hause: ** - Fach 2 Wochen, Aufbewahrung zu Hause: * - Fach 1-3 Tage Information: Nach dem Auftauen nicht wieder einfrieren. Vor Verzehr durcherhitzen.ArtikeldetailsMarke: IgloEigenschaften: Vegan, LaktosefreiUrsprungsland: DeutschlandSorte: ItalienischKontaktKontaktname: iglo GmbHKontaktadresse: Postfach 570 521, 22774 HamburgMaximale Bestellmenge: 15 St\xc3\xbcckF\xc3\xbcr die vorstehenden Angaben wird keine Haftung \xc3\xbcbernommen. Bitte pr\xc3\xbcfen Sie im Einzelfall die Angaben auf der jeweiligen Produktverpackung, nur diese sind verbindlich.Das Produktdesign kann von der Abbildung abweichen.'",Im Weiher 14,Rewe,Dein Markt für italienischen Genuss,2023-07-09,"Gültig ab morgen bis Samstag, 15.07.2023"
REWE Beste Wahl Thymian,https://img.rewe-static.de/REWE_CENTER_HZ28_2023/8414795/31134576-11_digital-image.png?impolicy=s-offers&imwidth=200&output-format=image/webp,,https://shop.rewe.de/productList?search=2832136,,"gerebelt , je 16-g-Glas , (1 kg = 86.88)",Aktion,"1,39 €","b""ProduktbeschreibungArtikelnummer 8414795Zutaten & AllergeneZutaten:  Kann Spuren von Gluten, Senf und Sellerie enthalten.HinweiseAufbewahrungshinweise: Trocken und k\xc3\xbchl lagern. Vor Licht sch\xc3\xbctzen.Verwendungshinweise: Trocken lagern. Vor W\xc3\xa4rme sch\xc3\xbctzen.ArtikeldetailsMarke: REWE Beste WahlUrsprungsland: BelgienKontaktKontaktname: ISFI SPICES S.A.Kontaktadresse: 20, avenue de l'industrie, 1420 Braine- l`Alleud, BelgienMaximale Bestellmenge: 15 St\xc3\xbcckF\xc3\xbcr die vorstehenden Angaben wird keine Haftung \xc3\xbcbernommen. Bitte pr\xc3\xbcfen Sie im Einzelfall die Angaben auf der jeweiligen Produktverpackung, nur diese sind verbindlich.Das Produktdesign kann von der Abbildung abweichen.""",Im Weiher 14,Rewe,Dein Markt für italienischen Genuss,2023-07-09,"Gültig ab morgen bis Samstag, 15.07.2023"
Knack & Back Pizza-Kit,https://img.rewe-static.de/REWE_CENTER_HZ28_2023/2085801/32442590-11_digital-image.png?impolicy=s-offers&imwidth=200&output-format=image/webp,,https://shop.rewe.de/productList?search=2832136,,"je 600-g-Pckg , (1 kg = 3.32)",Aktion,"1,99 €","b'ProduktbeschreibungArtikelnummer 2085801Wie beim Italiener: Der leckere Pizzateig kommt zusammen mit der fruchtigen Tomaten-Kr\xc3\xa4uter-Sauce \xe2\x80\x93 perfekt f\xc3\xbcr Ihre Wunschpizza \xe2\x80\x9eal gusto!\xe2\x80\x9c\n\n- Frischteig f\xc3\xbcr Ihre Wunschpizza \n\n- Der leckere Pizzateig mit mediterraner Tomatensauce mit Kr\xc3\xa4utern bringen jede Menge s\xc3\xbcdl\xc3\xa4ndische Raffinesse nach Hause.\n\n- Der extra-luftige, extra-lockere Pizzateig reicht genau f\xc3\xbcr ein ganzes Backblech f\xc3\xbcr Deinen Lieblings-Moment.\n\n- Mit mediterranem Oliven\xc3\xb6l extra vergine. Zutaten & AllergeneZutaten: Teig (67%): WEIZENMEHL, Wasser, Dextrose, WEIZENGLUTEN, Zucker, Backtriebmittel (Diphosphate, Natriumcarbonate), natives Oliven\xc3\xb6l extra (1 %), Alkohol, Speisesalz, Magnesiumchlorid, Stabilisator (Xanthan), Mehlbehandlungsmittel (Ascorbins\xc3\xa4ure), Sonnenblumen\xc3\xb6l. Tomatensauce (33%): Wasser, Tomatenst\xc3\xbcckchen (25%), Tomatenp\xc3\xbcree (16,7%), modifizierte Maisst\xc3\xa4rke, Zucker, Speisesalz, Zwiebeln, Basilikum, Oregano, S\xc3\xa4ureregulator (Citronens\xc3\xa4ure). TEIG KANN EI, MILCH UND SOJA ENTHALTEN.Allergenhinweise: WEIZENMEHL, WEIZENGLUTENEnth\xc3\xa4lt: Weizen und Weizenerzeugnisse (glutenhaltiges Getreide). Kann enthalten: Eier und Eierzeugnisse. Milch und Milcherzeugnisse (einschlie\xc3\x9flich Lactose). Soja und Sojaerzeugnisse.N\xc3\xa4hrwerteDurchschnittliche N\xc3\xa4hrwerteUnzubereitet pro 100 gEnergie758 kJEnergie179 kcalFett1,6 gFett, davon ges\xc3\xa4ttigte Fetts\xc3\xa4uren0,5 gKohlenhydrate32,7 gKohlenhydrate, davon Zucker5,2 gBallaststoffe2 gEiwei\xc3\x9f6,5 gSalz1,39 gHinweiseAufbewahrungs- und Verwendungshinweis: Immer im K\xc3\xbchlschrank bei +2\xc2\xb0C bis +7\xc2\xb0C lagern. Zu verbrauchen bis: siehe Packungsseite.ArtikeldetailsMarke: Knack&BackEigenschaften: VegetarischUrsprungsland: Europ\xc3\xa4ische UnionKontaktKontaktname: General Mills GmbHKontaktadresse: Osterbekstr. 90c, 22083 HamburgF\xc3\xbcr die vorstehenden Angaben wird keine Haftung \xc3\xbcbernommen. Bitte pr\xc3\xbcfen Sie im Einzelfall die Angaben auf der jeweiligen Produktverpackung, nur diese sind verbindlich.Das Produktdesign kann von der Abbildung abweichen.'",Im Weiher 14,Rewe,Dein Markt für italienischen Genuss,2023-07-09,"Gültig ab morgen bis Samstag, 15.07.2023"
Cecchi Vernaccia di San Gimignano DOCG,https://img.rewe-static.de/REWE_CENTER_HZ28_2023/6969739/3338520-38_digital-image.png?impolicy=s-offers&imwidth=200&output-format=image/webp,,https://shop.rewe.de/productList?search=2832136,,"trocken , je 0,75-l-Fl , (1 l = 6.65)",Aktion,"4,99 €","b'Bestellung ab 18 Jahren.F\xc3\xbcr dieses Produkt gilt das Jugendschutzgesetz.ProduktbeschreibungArtikelnummer 6969739- Trockener leichter Wei\xc3\x9fwein, mit Aromen von tropischen Fr\xc3\xbcchten und mit angenehmer L\xc3\xa4nge.\n- Empfehlung: zu Spargel, Seelachs und Gefl\xc3\xbcgel mit hellen Saucen.\n- Trinktemperatur: 8-10\xc2\xb0C.\n\nAlkoholgehalt: 12,5 % Vol.\n\nAbgef\xc3\xbcllt von:\nCasa Vinicola Luigi Cecchi & Figli srl,\nLoc. Casina dei Ponti N. 56\nCastellina I, 53011\nItalien Zutaten & AllergeneZutaten: Zusatzstoffe: E 220Allergenhinweise: Schwefeldioxid und Sulfite in einer Konzentration von mehr als 10 mg/kg oder 10 mg/l, als SO2 angegebenArtikeldetailsMarke: CecchiUrsprungsland: ItalienSchmeckt zu: Vorspeisen & Salat, Fisch & Meeresfr\xc3\xbcchten, Gefl\xc3\xbcgel, Gem\xc3\xbcseMaximale Bestellmenge: 15 St\xc3\xbcckF\xc3\xbcr die vorstehenden Angaben wird keine Haftung \xc3\xbcbernommen. Bitte pr\xc3\xbcfen Sie im Einzelfall die Angaben auf der jeweiligen Produktverpackung, nur diese sind verbindlich.Das Produktdesign kann von der Abbildung abweichen.'",Im Weiher 14,Rewe,Dein Markt für italienischen Genuss,2023-07-09,"Gültig ab morgen bis Samstag, 15.07.2023"
Dermaris Pizzabrötchen,https://img.rewe-static.de/REWE_CENTER_HZ28_2023/1439807/21344536-24_digital-image.png?impolicy=s-offers&imwidth=200&output-format=image/webp,,https://shop.rewe.de/productList?search=2832136,,"Natur , je 250-g-Pckg , (1 kg = 7.16)",Aktion,"1,79 €","b'ProduktbeschreibungArtikelnummer 1439807Zutaten & AllergeneZutaten: WEIZENMEHL, Trinkwasser, pflanzliche \xc3\x96le (Raps\xc3\xb6l, natives Oliven\xc3\xb6l extra), HARTWEIZENGRIESS, Zucker, Backhefe, Speisesalz.Kann Spuren von Milch und Milcherzeugnissen enthalten.Allergenhinweise: Enth\xc3\xa4lt: Weizen und Weizenerzeugnisse (glutenhaltiges Getreide). Kann enthalten: Milch und Milcherzeugnisse (einschlie\xc3\x9flich Lactose). Milchzucker (Laktose).N\xc3\xa4hrwerteDurchschnittliche N\xc3\xa4hrwerteUnzubereitet pro 100 gEnergie1.064 kJEnergie252 kcalFett4,6 gFett, davon ges\xc3\xa4ttigte Fetts\xc3\xa4uren0,5 gKohlenhydrate44 gKohlenhydrate, davon Zucker3,5 gEiwei\xc3\x9f7,5 gSalz1,53 gHinweiseAufbewahrungs- und Verwendungshinweis: Unge\xc3\xb6ffnet bei unter + 7\xc2\xb0 C mindestens haltbar bis s. MHD.ArtikeldetailsMarke: DermarisUrsprungsland: DeutschlandSorte: NaturKontaktKontaktname: Dermaris GmbHKontaktadresse: Schanzenweg 3D-59557 LippstadtF\xc3\xbcr die vorstehenden Angaben wird keine Haftung \xc3\xbcbernommen. Bitte pr\xc3\xbcfen Sie im Einzelfall die Angaben auf der jeweiligen Produktverpackung, nur diese sind verbindlich.Das Produktdesign kann von der Abbildung abweichen.'",Im Weiher 14,Rewe,Dein Markt für italienischen Genuss,2023-07-09,"Gültig ab morgen bis Samstag, 15.07.2023"
Pallini Limoncello,https://img.rewe-static.de/REWE_CENTER_HZ28_2023/2022860/25321953-10_digital-image.png?impolicy=s-offers&imwidth=200&output-format=image/webp,,https://shop.rewe.de/productList?search=2832136,,"26% Vol. , je 0,5-l-Fl , (1 l = 21.98)",Aktion,"10,99 €","b'Bestellung ab 18 Jahren.F\xc3\xbcr dieses Produkt gilt das Jugendschutzgesetz.ProduktbeschreibungArtikelnummer 2022860Zutaten & AllergeneAllergenhinweise: Enth\xc3\xa4lt: Keine deklarationspflichtigen Allergene enthalten.ArtikeldetailsUrsprungsland: ItalienAlkoholgehalt: 26 % Vol.KontaktKontaktname: Pallini SPAKontaktadresse: Via Tiburtina, 1314 00131 Rom, ITF\xc3\xbcr die vorstehenden Angaben wird keine Haftung \xc3\xbcbernommen. Bitte pr\xc3\xbcfen Sie im Einzelfall die Angaben auf der jeweiligen Produktverpackung, nur diese sind verbindlich.Das Produktdesign kann von der Abbildung abweichen.'",Im Weiher 14,Rewe,Dein Markt für italienischen Genuss,2023-07-09,"Gültig ab morgen bis Samstag, 15.07.2023"
"Vivess Espressokocher
            3",https://img.rewe-static.de/REWE_CENTER_HZ28_2023/8380807/33070093-9_digital-image.png?impolicy=s-offers&imwidth=200&output-format=image/webp,,https://shop.rewe.de/productList?search=2832136,,"für 4 Tassen induktions- geeignet , je St",Aktion,"12,99 €",nan,Im Weiher 14,Rewe,Dein Markt für italienischen Genuss,2023-07-09,"Gültig ab morgen bis Samstag, 15.07.2023"
REWE Beste Wahl Ciabatta,https://img.rewe-static.de/REWE_CENTER_HZ28_2023/1076627/24593417-19_digital-image.png?impolicy=s-offers&imwidth=200&output-format=image/webp,,https://shop.rewe.de/productList?search=2832136,,"je 300-g-Pckg , (1 kg = 3.97)",Aktion,"1,19 €","b'ProduktbeschreibungArtikelnummer 1076627Im Backofen in wenigen Minuten schnell zubereitet und servierfertig, eignen sich unsere REWE Beste Wahl Aufbackwaren f\xc3\xbcr jede Gelegenheit. Kontakt: Glockenbrot B\xc3\xa4ckerei GmbH & Co. oHG, D-60386 Frankfurt am Main, D-85232 Bergkirchen. Zutaten & AllergeneZutaten: WEIZENMEHL, Wasser, WEIZENSAUERTEIG getrocknet, Oliven\xc3\xb6l, Speisesalz, Hefe, Stabilisator (Guarkernmehl), Zucker, Gerstenmalzextrakt, Emulgator (Mono- und Diacetylweins\xc3\xa4ureester von Mono- und Diglyceriden von Speisefetts\xc3\xa4uren), Ethanol.  Kann Spuren von Sesam und Milcherzeugnissen enthalten Zusatzstoffe: E 412, E 472eAllergenhinweise: Glutenhaltiges Getreide (Weizen, Gerste, Roggen, Hafer, Dinkel, Kamut oder Hybridst\xc3\xa4mme)N\xc3\xa4hrwerteDurchschnittliche N\xc3\xa4hrwertepro 100 gEnergie1.115 kJEnergie264 kcalFett2,5 gFett, davon ges\xc3\xa4ttigte Fetts\xc3\xa4uren0,6 gKohlenhydrate50,4 gKohlenhydrate, davon Zucker3,1 gEiwei\xc3\x9f8,1 gSalz1,2 gHinweiseVerwendungshinweise: Trocken lagern. Vor W\xc3\xa4rme sch\xc3\xbctzen.ArtikeldetailsMarke: REWE Beste WahlUrsprungsland: DeutschlandKontaktKontaktname: Glockenbrot B\xc3\xa4ckerei GmbH & Co. oHGKontaktadresse: Robert-Bosch-Str. 3, 60386 Frankfurt am Main, DeutschlandF\xc3\xbcr die vorstehenden Angaben wird keine Haftung \xc3\xbcbernommen. Bitte pr\xc3\xbcfen Sie im Einzelfall die Angaben auf der jeweiligen Produktverpackung, nur diese sind verbindlich.Das Produktdesign kann von der Abbildung abweichen.'",Im Weiher 14,Rewe,Dein Markt für italienischen Genuss,2023-07-09,"Gültig ab morgen bis Samstag, 15.07.2023"
Sontino Sangiovese IGT,https://img.rewe-static.de/REWE_CENTER_HZ28_2023/7791959/35816374-5_digital-image.png?impolicy=s-offers&imwidth=200&output-format=image/webp,,https://shop.rewe.de/productList?search=2832136,,"halbtrocken , je 0,75-l-Fl , (1 l = 5.99)",Aktion,"4,49 €","b'Bestellung ab 18 Jahren.F\xc3\xbcr dieses Produkt gilt das Jugendschutzgesetz.ProduktbeschreibungArtikelnummer 7791959Rubinrot, Duft nach Blaubeeren, zarte\nR\xc3\xb6staromen, saftiger K\xc3\xb6rper, dezente\nS\xc3\xa4ure, verhaltener Tanningehalt.\nEMPFEHLUNG: zu Pizza, Pasta und\nK\xc3\xa4se\nTRINKTEMPERATUR: 16-18\xc2\xb0C Zutaten & AllergeneZutaten: Enth\xc3\xa4lt SulfiteAllergenhinweise: Enth\xc3\xa4lt: Schwefeldioxid und Sulfite.ArtikeldetailsMarkeSontino Sangiovese BioEigenschaftenBio, VeganUrsprungslandItalienAlkoholgehalt12,5 % Vol.Schmeckt zuPizza, Pasta, K\xc3\xa4se\xc3\x96ko KontrollstelleDE-\xc3\x96KO-003Ort der ErzeugungEU-LandwirtschaftKontaktKontaktname: F.W. Langguth Erben GmbH & Co. KGKontaktadresse: Dr.-Ernst-Spies-Allee 2, 56841 Traben-TrarbachF\xc3\xbcr die vorstehenden Angaben wird keine Haftung \xc3\xbcbernommen. Bitte pr\xc3\xbcfen Sie im Einzelfall die Angaben auf der jeweiligen Produktverpackung, nur diese sind verbindlich.Das Produktdesign kann von der Abbildung abweichen.'",Im Weiher 14,Rewe,Dein Markt für italienischen Genuss,2023-07-09,"Gültig ab morgen bis Samstag, 15.07.2023"
Citterio Prosciutto di Parma,https://img.rewe-static.de/REWE_CENTER_HZ28_2023/3017150/2598150-34_digital-image.png?impolicy=s-offers&imwidth=200&output-format=image/webp,,https://shop.rewe.de/productList?search=2832136,,"je 70-g-Pckg , (1 kg = 38.43)",Aktion,"2,69 €","b'ProduktbeschreibungArtikelnummer 3017150luftgetrockneter Schinken, mild-w\xc3\xbcrzig, mit Interleaver, im lackierten DisplaykartonZutaten & AllergeneZutaten: Schweinekeule, Kochsalz.Allergenhinweise: Enth\xc3\xa4lt: Keine deklarationspflichtigen Allergene enthalten.N\xc3\xa4hrwerteDurchschnittliche N\xc3\xa4hrwerteUnzubereitet pro 100 gEnergie1.014 kJEnergie243 kcalFett15 gFett, davon ges\xc3\xa4ttigte Fetts\xc3\xa4uren5,3 gKohlenhydrate0,5 gKohlenhydrate, davon Zucker0,5 gEiwei\xc3\x9f27 gSalz4,6 gHinweiseAufbewahrungs- und Verwendungshinweis: Unter +7\xc2\xb0C lagern und nach dem \xc3\x96ffnen innerhalb von 2-3 Tagen verbrauchen.Information: keine deklarationspflichtigen Zusatzstoffe vorhanden, unter Schutzatmosph\xc3\xa4re verpacktArtikeldetailsMarke: CitterioUrsprungsland: ItalienKontaktKontaktname: Giuseppe Citterio Salumificio S.P.A.Kontaktadresse: Corso Europa 206, 20017 RhoF\xc3\xbcr die vorstehenden Angaben wird keine Haftung \xc3\xbcbernommen. Bitte pr\xc3\xbcfen Sie im Einzelfall die Angaben auf der jeweiligen Produktverpackung, nur diese sind verbindlich.Das Produktdesign kann von der Abbildung abweichen.'",Im Weiher 14,Rewe,Dein Markt für italienischen Genuss,2023-07-09,"Gültig ab morgen bis Samstag, 15.07.2023"
Zitronen,https://img.rewe-static.de/REWE_CENTER_HZ28_2023/8131318/8722460-33_digital-image.png?impolicy=s-offers&imwidth=200&output-format=image/webp,,https://shop.rewe.de/productList?search=2832136,,"Sorte: siehe Etikett, Kl. I , je 500-g-Netz , (1 kg = 2.58)",Aktion,"1,29 €",nan,Im Weiher 14,Rewe,Dein Markt für italienischen Genuss,2023-07-09,"Gültig ab morgen bis Samstag, 15.07.2023"
Barilla Collezione Farfalle,https://img.rewe-static.de/REWE_CENTER_HZ28_2023/7905005/32879874-15_digital-image.png?impolicy=s-offers&imwidth=200&output-format=image/webp,,https://shop.rewe.de/productList?search=2832136,,"je 500-g-Pckg , (1 kg = 3.58)",Knaller,"1,79 €","b'ProduktbeschreibungArtikelnummer 7905005Zutaten & AllergeneZutaten: HARTWEIZENGRIESS, Wasser. Kann Spuren von Sojabohnen enthalten.Allergenhinweise: Enth\xc3\xa4lt: Weizen und Weizenerzeugnisse (glutenhaltiges Getreide). Glutenhaltiges Getreide und glutenhaltige Getreideerzeugnisse. Kann enthalten: Soja und Sojaerzeugnisse.N\xc3\xa4hrwerteDurchschnittliche N\xc3\xa4hrwerteUnzubereitet pro 100 gEnergie1.521 kJEnergie359 kcalFett2 gFett, davon ges\xc3\xa4ttigte Fetts\xc3\xa4uren0,5 gKohlenhydrate71,2 gKohlenhydrate, davon Zucker3,5 gBallaststoffe3 gEiwei\xc3\x9f12,5 gSalz0,013 gHinweiseAufbewahrungs- und Verwendungshinweis: Trocken, vor Licht und W\xc3\xa4rme gesch\xc3\xbctzt lagern.ArtikeldetailsMarke: BarillaUrsprungsland: ItalienKontaktKontaktname: Barilla G. e R. Fratelli S.p.A.Kontaktadresse: Via Mantova 166, Parma - ItalyMaximale Bestellmenge: 15 St\xc3\xbcckF\xc3\xbcr die vorstehenden Angaben wird keine Haftung \xc3\xbcbernommen. Bitte pr\xc3\xbcfen Sie im Einzelfall die Angaben auf der jeweiligen Produktverpackung, nur diese sind verbindlich.Das Produktdesign kann von der Abbildung abweichen.'",Im Weiher 14,Rewe,Dein Markt für italienischen Genuss,2023-07-09,"Gültig ab morgen bis Samstag, 15.07.2023"
Barilla Spaghetti Al Bronzo,https://img.rewe-static.de/REWE_CENTER_HZ28_2023/8745035/37803714-8_digital-image.png?impolicy=s-offers&imwidth=200&output-format=image/webp,,https://shop.rewe.de/productList?search=2832136,,"je 400-g-Pckg , (1 kg = 4.48)",Knaller,"1,79 €","b'ProduktbeschreibungArtikelnummer 8745035Zutaten & AllergeneZutaten: HARTWEIZENGRIESS, Wasser. Kann Spuren von Sojabohnen und Senf enthalten.Allergenhinweise: Enth\xc3\xa4lt: Weizen und Weizenerzeugnisse (glutenhaltiges Getreide). Glutenhaltiges Getreide und glutenhaltige Getreideerzeugnisse. Kann enthalten: Soja und Sojaerzeugnisse. Senf- und Senferzeugnisse.N\xc3\xa4hrwerteDurchschnittliche N\xc3\xa4hrwerteUnzubereitet pro 100 gEnergie1.521 kJEnergie359 kcalFett2 gFett, davon ges\xc3\xa4ttigte Fetts\xc3\xa4uren0,4 gKohlenhydrate69,7 gKohlenhydrate, davon Zucker3,5 gBallaststoffe3 gEiwei\xc3\x9f14 gSalz0,013 gHinweiseAufbewahrungs- und Verwendungshinweis: Trocken, vor Licht und W\xc3\xa4rme gesch\xc3\xbctzt lagern.ArtikeldetailsMarke: BarillaUrsprungsland: ItalienKontaktKontaktname: Barilla G. e R. Fratelli S.p.A.Kontaktadresse: Via Mantova 166, Parma - ItalyMaximale Bestellmenge: 15 St\xc3\xbcckF\xc3\xbcr die vorstehenden Angaben wird keine Haftung \xc3\xbcbernommen. Bitte pr\xc3\xbcfen Sie im Einzelfall die Angaben auf der jeweiligen Produktverpackung, nur diese sind verbindlich.Das Produktdesign kann von der Abbildung abweichen.'",Im Weiher 14,Rewe,Dein Markt für italienischen Genuss,2023-07-09,"Gültig ab morgen bis Samstag, 15.07.2023"
Mövenpick Salted Caramel,https://img.rewe-static.de/REWE_CENTER_HZ28_2023/7713567/38472507-14_digital-image.png?impolicy=s-offers&imwidth=200&output-format=image/webp,,https://shop.rewe.de/productList?search=2832136,,"je 800-ml-Becher , (1 l = 2.49)",Aktion,"1,99 €","b'ProduktbeschreibungArtikelnummer 7713567Eis mit Vanillegeschmack, mit gesalzener Karamellsauce, Karamellst\xc3\xbcckchen und kakaobutterhaltigen Konfektst\xc3\xbcckchen mit KaramellgeschmackZutaten & AllergeneZutaten: Entrahmte MILCH, MOLKENERZEUGNIS, Glukosesirup, Zucker,pflanzliche Fette (Kokos, Shea), gezuckerte KONDENSMILCH (eingedickte VOLLMILCH, Zucker, MILCHZUCKER), gezuckerte KONDENSMAGERMILCH (eingedickte entrahmte MILCH, Zucker), Emulgatoren (Mono- und Diglyceride von Speisefetts\xc3\xa4uren, Lecithine), Verdickungsmittel (Johannisbrotkernmehl, Guarkernmehl), Kakaobutter*, Salz, VOLLMILCHPULVER, BUTTERFETT, Feuchthaltemittel (Glycerin), f\xc3\xa4rbende Frucht- und Gem\xc3\xbcsekonzentrate (schwarze Johannisbeere, Apfel, Zitrone, Karotte, Rettich), f\xc3\xa4rbendes Saflorkonzentrat, nat\xc3\xbcrliche Vanillearomen, Kakaomasse*, MILCHZUCKER, nat\xc3\xbcrliche Aromen. *Rainforest Alliance-zertifiziert. Mehr Informationen unter ra.org.KANN SCHALENFR\xc3\x9cCHTE, GLUTENHALTIGE GETREIDE, SOJA UND EIER ENTHALTEN. Wichtig: Kleinkinder (unter 4 Jahren) verf\xc3\xbcgen\xc3\xbcber eine verminderte Kauf\xc3\xa4higkeit und k\xc3\xb6nnten sich an kleinen St\xc3\xbcckchen verschlucken.Allergenhinweise: MILCH, MOLKENERZEUGNIS, KONDENSMILCH, VOLLMILCH, MILCHZUCKER, KONDENSMAGERMILCH, VOLLMILCHPULVER, BUTTERFETT.Enth\xc3\xa4lt: Milch und Milcherzeugnisse (einschlie\xc3\x9flich Lactose). Kann enthalten: Glutenhaltiges Getreide und glutenhaltige Getreideerzeugnisse. Eier und Eierzeugnisse. N\xc3\xbcsse und Nusserzeugnisse. Soja und Sojaerzeugnisse.N\xc3\xa4hrwerteDurchschnittliche N\xc3\xa4hrwerteUnzubereitet pro 100 gEnergie1.009 kJEnergie240 kcalFett9,5 gFett, davon ges\xc3\xa4ttigte Fetts\xc3\xa4uren8,2 gKohlenhydrate37 gKohlenhydrate, davon Zucker29 gBallaststoffe< 0,5 gEiwei\xc3\x9f2 gSalz0,29 gHinweiseAufbewahrungs- und Verwendungshinweis: Bei -18 \xc2\xb0C mindestens haltbar bis Ende: siehe VerpackungsaufdruckInformation: Wichtig: Kleinkinder (unter 4 Jahren) verf\xc3\xbcgen\xc3\xbcber eine verminderte Kauf\xc3\xa4higkeit und k\xc3\xb6nnten sich an kleinen St\xc3\xbcckchen verschlucken.ArtikeldetailsMarke: M\xc3\xb6venpickUrsprungsland: DeutschlandKontaktKontaktname: FRONERI Sch\xc3\xb6ller GmbHKontaktadresse: D-90419 N\xc3\xbcrnbergMaximale Bestellmenge: 15 St\xc3\xbcckF\xc3\xbcr die vorstehenden Angaben wird keine Haftung \xc3\xbcbernommen. Bitte pr\xc3\xbcfen Sie im Einzelfall die Angaben auf der jeweiligen Produktverpackung, nur diese sind verbindlich.Das Produktdesign kann von der Abbildung abweichen.'",Im Weiher 14,Rewe,Dein Markt für italienischen Genuss,2023-07-09,"Gültig ab morgen bis Samstag, 15.07.2023"
Mövenpick Stracciatella Classico,https://img.rewe-static.de/REWE_CENTER_HZ28_2023/8725654/35463369-11_digital-image.png?impolicy=s-offers&imwidth=200&output-format=image/webp,,https://shop.rewe.de/productList?search=2832136,,"je 900-ml-Becher , (1 l = 2.21)",Aktion,"1,99 €","b'ProduktbeschreibungArtikelnummer 8725654Cremiges Eis mit Stracciatellageschmack mit Schokoladenst\xc3\xbcckchen und einer Schokoladensauce.Zutaten & AllergeneZutaten: Entrahmte MILCH, MOLKENERZEUGNIS, Glukosesirup, Zucker, Kokosfett, Soja\xc3\xb6l, VOLLMILCHPULVER, fettarmer Kakao** (1,3 %), Kakaobutter**, Kakaomasse**, Emulgatoren (Mono- und Diglyceride von Speisefetts\xc3\xa4uren, Lecithine (SOJA)), Verdickungsmittel (Johannisbrotkernmehl, Guarkernmehl), nat\xc3\xbcrliche Aromen (enthalten MILCH), Aroma. **Rainforest Alliance-zertifiziert. Mehr Informationen unter ra.org. KANN SCHALENFR\xc3\x9cCHTE, GLUTENHALTIGE GETREIDE UND EIER ENTHALTEN. Wichtig: Kleinkinder (unter 4 Jahren) verf\xc3\xbcgen \xc3\xbcber eine verminderte Kauf\xc3\xa4higkeit und k\xc3\xb6nnten sich an kleinen St\xc3\xbcckchen verschlucken.Allergenhinweise: Milch, Molkenerzeugnis, Schlagsahne, SojaEnth\xc3\xa4lt: Milch und Milcherzeugnisse (einschlie\xc3\x9flich Lactose). Soja und Sojaerzeugnisse. Kann enthalten: Eier und Eierzeugnisse. N\xc3\xbcsse und Nusserzeugnisse. Glutenhaltiges Getreide und glutenhaltige Getreideerzeugnisse.N\xc3\xa4hrwerteDurchschnittliche N\xc3\xa4hrwerteUnzubereitet pro 100 gEnergie1.079 kJEnergie258 kcalFett15 gFett, davon ges\xc3\xa4ttigte Fetts\xc3\xa4uren9,9 gKohlenhydrate28 gKohlenhydrate, davon Zucker23 gBallaststoffe0,7 gEiwei\xc3\x9f2,9 gSalz0,09 gHinweiseAufbewahrungs- und Verwendungshinweis: Bei -18 \xc2\xb0C mindestens haltbar bis Ende: siehe VerpackungsaufdruckInformation: Wichtig: Kleinkinder (unter 4 Jahren) verf\xc3\xbcgen \xc3\xbcber eine verminderte Kauf\xc3\xa4higkeit und k\xc3\xb6nnten sich an kleinen St\xc3\xbcckchen verschlucken. Packung enth\xc3\xa4lt 9 Portionen. Portionen sollten f\xc3\xbcr Kinder entsprechend ihrem Alter angepasst werden.ArtikeldetailsMarke: M\xc3\xb6venpickUrsprungsland: DeutschlandKontaktKontaktname: FRONERI Sch\xc3\xb6ller GmbHKontaktadresse: D-90419 N\xc3\xbcrnbergMaximale Bestellmenge: 15 St\xc3\xbcckF\xc3\xbcr die vorstehenden Angaben wird keine Haftung \xc3\xbcbernommen. Bitte pr\xc3\xbcfen Sie im Einzelfall die Angaben auf der jeweiligen Produktverpackung, nur diese sind verbindlich.Das Produktdesign kann von der Abbildung abweichen.'",Im Weiher 14,Rewe,Dein Markt für italienischen Genuss,2023-07-09,"Gültig ab morgen bis Samstag, 15.07.2023"
Arla Finello Gratinkäse,https://img.rewe-static.de/REWE_CENTER_HZ28_2023/0674328/21064797-16_digital-image.png?impolicy=s-offers&imwidth=200&output-format=image/webp,,https://shop.rewe.de/productList?search=2832136,,"dän. Reibekäse , je 150-g-Pckg , (1 kg = 9.93)",Aktion,"1,49 €","b'ProduktbeschreibungArtikelnummer 674328Zutaten & AllergeneZutaten: K\xc3\x84SE, Kartoffelst\xc3\xa4rke.Allergenhinweise: Enth\xc3\xa4lt: Milch und Milcherzeugnisse (einschlie\xc3\x9flich Lactose).N\xc3\xa4hrwerteDurchschnittliche N\xc3\xa4hrwerteUnzubereitet pro 100 gEnergie1.305 kJEnergie314 kcalFett23 gFett, davon ges\xc3\xa4ttigte Fetts\xc3\xa4uren14 gKohlenhydrate2,8 gKohlenhydrate, davon Zucker0,6 gEiwei\xc3\x9f24 gSalz1,5 gHinweiseAufbewahrungs- und Verwendungshinweis: Nach dem \xc3\x96ffnen k\xc3\xbchl aufbewahren.Bei 8 \xc2\xb0C mindestens haltbar bis: siehe VerpackungsaufdruckInformation: Unter Schutzatmosph\xc3\xa4re verpackt.ArtikeldetailsMarke: ArlaUrsprungsland: D\xc3\xa4nemarkSorte: Gratink\xc3\xa4seKontaktKontaktname: Arla Foods ambaKontaktadresse: DK-8260 Viby JMaximale Bestellmenge: 15 St\xc3\xbcckF\xc3\xbcr die vorstehenden Angaben wird keine Haftung \xc3\xbcbernommen. Bitte pr\xc3\xbcfen Sie im Einzelfall die Angaben auf der jeweiligen Produktverpackung, nur diese sind verbindlich.Das Produktdesign kann von der Abbildung abweichen.'",Im Weiher 14,Rewe,Dein Markt für italienischen Genuss,2023-07-09,"Gültig ab morgen bis Samstag, 15.07.2023"
Barilla Pesto Basilico Vegan,https://img.rewe-static.de/REWE_CENTER_HZ28_2023/3263361/26586190-10_digital-image.png?impolicy=s-offers&imwidth=200&output-format=image/webp,,https://shop.rewe.de/productList?search=2832136,,"je 195-g-Glas , (1 kg = 10.21)",Aktion,"1,99 €","b'ProduktbeschreibungArtikelnummer 3263361Zutaten & AllergeneZutaten: Basilikum 35,6%, pflanzliche \xc3\x96le (Olive, Sonnenblume), CASHEWKERNE, Glukosesirup, Wasser, modifizierte Maisst\xc3\xa4rke, Salz, nat\xc3\xbcrliche Aromen, natives Oliven\xc3\xb6l extra, Zucker, S\xc3\xa4ureregulator Milchs\xc3\xa4ure. Kann Spuren von anderen Schalenfr\xc3\xbcchten (Hartschalenobst) enthalten.Allergenhinweise: Enth\xc3\xa4lt: Kaschunuss und Kaschunusserzeugnisse. Kann enthalten: N\xc3\xbcsse und Nusserzeugnisse.N\xc3\xa4hrwerteDurchschnittliche N\xc3\xa4hrwerteUnzubereitet pro 100 gEnergie1.780 kJEnergie431 kcalFett41 gFett, davon ges\xc3\xa4ttigte Fetts\xc3\xa4uren5,5 gKohlenhydrate12 gKohlenhydrate, davon Zucker3,3 gBallaststoffe2 gEiwei\xc3\x9f2,5 gSalz3 gHinweiseAufbewahrungs- und Verwendungshinweis: Nach dem \xc3\x96ffnen gek\xc3\xbchlt 5 Tage haltbar.ArtikeldetailsMarke: BarillaEigenschaften: Vegan, Vegetarisch, LaktosefreiUrsprungsland: ItalienKontaktKontaktname: Barilla G. e R. Fratelli - Societ\xc3\xa0 per AzioniKontaktadresse: Via Mantova 166, Parma - ItalyMaximale Bestellmenge: 15 St\xc3\xbcckF\xc3\xbcr die vorstehenden Angaben wird keine Haftung \xc3\xbcbernommen. Bitte pr\xc3\xbcfen Sie im Einzelfall die Angaben auf der jeweiligen Produktverpackung, nur diese sind verbindlich.Das Produktdesign kann von der Abbildung abweichen.'",Im Weiher 14,Rewe,Dein Markt für italienischen Genuss,2023-07-09,"Gültig ab morgen bis Samstag, 15.07.2023"
Barilla Pesto alla Genovese,https://img.rewe-static.de/REWE_CENTER_HZ28_2023/4840313/35802412-5_digital-image.png?impolicy=s-offers&imwidth=200&output-format=image/webp,,https://shop.rewe.de/productList?search=2832136,,"je 190-g-Glas , (1 kg = 10.47)",Aktion,"1,99 €","b'ProduktbeschreibungArtikelnummer 4840313Zutaten & AllergeneZutaten: pflanzliche \xc3\x96le (Olive, Sonnenblume), frisches Basilikum 30%, CASHEWKERNE, Parmigiano Reggiano g.U. K\xc3\xa4se 5% (MILCH), Maisfaser, Molkepulver (MILCH), Salz, MILCHeiweiss, natives Oliven\xc3\xb6l extra, Zucker, Basilikumextrakt, nat\xc3\xbcrliche Aromen (MILCH), S\xc3\xa4ureregulator: Milchs\xc3\xa4ure, Knoblauch. Kann Spuren von anderen Schalenfr\xc3\xbcchten (Hartschalenobst) enthalten.Allergenhinweise: Enth\xc3\xa4lt: Milch und Milcherzeugnisse (einschlie\xc3\x9flich Lactose). N\xc3\xbcsse und Nusserzeugnisse. Kaschunuss und Kaschunusserzeugnisse.N\xc3\xa4hrwerteDurchschnittliche N\xc3\xa4hrwerteUnzubereitet pro 100 gEnergie1.989 kJEnergie482 kcalFett46 gFett, davon ges\xc3\xa4ttigte Fetts\xc3\xa4uren7,1 gKohlenhydrate9,8 gKohlenhydrate, davon Zucker5,5 gBallaststoffe5 gEiwei\xc3\x9f4,7 gSalz3,25 gHinweiseAufbewahrungs- und Verwendungshinweis: Nach dem \xc3\x96ffnen gek\xc3\xbchlt 5 Tage haltbar.ArtikeldetailsMarke: BarillaUrsprungsland: ItalienKontaktKontaktname: Barilla G. e R. Fratelli S.p.A.Kontaktadresse: Via Mantova 166, Parma - ItalyMaximale Bestellmenge: 15 St\xc3\xbcckF\xc3\xbcr die vorstehenden Angaben wird keine Haftung \xc3\xbcbernommen. Bitte pr\xc3\xbcfen Sie im Einzelfall die Angaben auf der jeweiligen Produktverpackung, nur diese sind verbindlich.Das Produktdesign kann von der Abbildung abweichen.'",Im Weiher 14,Rewe,Dein Markt für italienischen Genuss,2023-07-09,"Gültig ab morgen bis Samstag, 15.07.2023"
REWE Beste Wahl Balsamico Creme,https://img.rewe-static.de/REWE_CENTER_HZ28_2023/0888363/23928271-32_digital-image.png?impolicy=s-offers&imwidth=200&output-format=image/webp,,https://shop.rewe.de/productList?search=2832136,,"je 250-ml-Fl , (1 l = 7.16)",Aktion,"1,79 €","b'ProduktbeschreibungArtikelnummer 888363Ihr au\xc3\x9fergew\xc3\xb6hnlicher Geschmack ist ideal zur Verfeinerung von Salaten, Gem\xc3\xbcse und Fleisch geeinigt.\n\nHergestellt f\xc3\xbcr: REWE Markt GmbH, D-50603 K\xc3\xb6ln. Zutaten & AllergeneZutaten: Traubenmostkonzentrat, Aceto Balsamico di Modena IGP 39% (Traubenmostkonzentrat, Weinessig, Farbstoff Ammonsulfit-Zuckerkul\xc3\xb6r, Antioxidationsmittel KALIUMMETABISULFIT), Weinessig, Verdickungsmittel (Guarkernmehl, Xanthan). Zusatzstoffe: E 150d, E 224, E 412, E 415Allergenhinweise: Schwefeldioxid und Sulfite in einer Konzentration von mehr als 10 mg/kg oder 10 mg/l, als SO2 angegebenN\xc3\xa4hrwerteDurchschnittliche N\xc3\xa4hrwertepro 100 mlEnergie938 kJEnergie220 kcalFett0 gFett, davon ges\xc3\xa4ttigte Fetts\xc3\xa4uren0 gKohlenhydrate52,5 gKohlenhydrate, davon Zucker43,5 gEiwei\xc3\x9f0,5 gSalz1,14 gHinweiseAufbewahrungshinweise: Nach dem \xc3\x96ffnen im K\xc3\xbchlschrank aufbewahren.Verwendungshinweise: Trocken lagern. Vor W\xc3\xa4rme sch\xc3\xbctzen.ArtikeldetailsMarke: REWE Beste WahlUrsprungsland: ItalienKontaktKontaktname: Drogheria e Alimentari Deutschland GmbHKontaktadresse: H\xc3\xbcttenstrasse 87, 87600 Kaufbeuren, DeutschlandMaximale Bestellmenge: 15 St\xc3\xbcckF\xc3\xbcr die vorstehenden Angaben wird keine Haftung \xc3\xbcbernommen. Bitte pr\xc3\xbcfen Sie im Einzelfall die Angaben auf der jeweiligen Produktverpackung, nur diese sind verbindlich.Das Produktdesign kann von der Abbildung abweichen.'",Im Weiher 14,Rewe,Dein Markt für italienischen Genuss,2023-07-09,"Gültig ab morgen bis Samstag, 15.07.2023"
Rana Tortelloni,https://img.rewe-static.de/REWE_CENTER_HZ28_2023/8657317/33918696-8_digital-image.png?impolicy=s-offers&imwidth=200&output-format=image/webp,,https://shop.rewe.de/productList?search=2832136,,"versch. Sorten , je 250-g-Pckg , (1 kg = 10.76)",Aktion,"2,69 €","b'ProduktbeschreibungArtikelnummer 8657317Zutaten & AllergeneZutaten: F\xc3\x9cLLUNG 53%: Basilikum Pesto 35%,(Sonnenblumen\xc3\xb6l, Basilikum 27% Pecorino Romano g.U. (gesch\xc3\xbctzte Ursprungsbezeichnung) K\xc3\x84SE 14%, KACHUN\xc3\x9cSSE, geriebener K\xc3\x84SE, Kochsalz, Pinienkerne 3%), Ricotta 33% (MOLKE, MILCH, Kochsalz), Pflanzenfasern (Mais und Kartoffeln) Mozzarella K\xc3\x84SE, Paniermehl (WeichWEIZENmehl, Wasser, Kochsalz, Hefe), LAKTOSE, St\xc3\xa4rke, nat\xc3\xbcrliche Aromen (enth\xc3\xa4lt GERSTE). TEIGWAREN 47%: WeichWEIZENmehl, EIER 30%,HartWEIZENgrie\xc3\x9f. Hergestellt in einem Werk, das auch SCHALENFR\xc3\x9cCHTE, FISCHE, KREBSTIERE, WICHTIERE, SOJABOHNEN und SELLERIE verwendet.Allergenhinweise: Enth\xc3\xa4lt: Glutenhaltiges Getreide und glutenhaltige Getreideerzeugnisse. Milch und Milcherzeugnisse (einschlie\xc3\x9flich Lactose). N\xc3\xbcsse und Nusserzeugnisse. Eier und Eierzeugnisse. Kann enthalten: Krebstiere und Krebstiererzeugnisse. Weichtiere und Weichtiererzeugnisse. Fisch und Fischerzeugnisse. Soja und Sojaerzeugnisse. Sellerie und Sellerieerzeugnisse.N\xc3\xa4hrwerteDurchschnittliche N\xc3\xa4hrwerteUnzubereitet pro 100 gEnergie1.225 kJEnergie292 kcalFett12 gFett, davon ges\xc3\xa4ttigte Fetts\xc3\xa4uren3,1 gKohlenhydrate32 gKohlenhydrate, davon Zucker4,1 gBallaststoffe6,2 gEiwei\xc3\x9f11 gSalz0,98 gHinweiseAufbewahrungs- und Verwendungshinweis: Im K\xc3\xbchlschrank bei +4\xc2\xb0C bis max. +7\xc2\xb0C aufbewahren. Nach dem \xc3\x96ffnen innerhalb von 3 Tagen verbrauchen.Information: Unter Schutzatmosph\xc3\xa4re verpackt.ArtikeldetailsMarke: Giovanni RanaUrsprungsland: ItalienKontaktKontaktname: Pastificio RANA S.p.A.Kontaktadresse: Via Pacinotti, 25 - 37057 San Giovanni Lupatoto (VR) - ItaliaMaximale Bestellmenge: 15 St\xc3\xbcckF\xc3\xbcr die vorstehenden Angaben wird keine Haftung \xc3\xbcbernommen. Bitte pr\xc3\xbcfen Sie im Einzelfall die Angaben auf der jeweiligen Produktverpackung, nur diese sind verbindlich.Das Produktdesign kann von der Abbildung abweichen.'",Im Weiher 14,Rewe,Dein Markt für italienischen Genuss,2023-07-09,"Gültig ab morgen bis Samstag, 15.07.2023"
Alta Badia,https://img.rewe-static.de/REWE_CENTER_HZ28_2023/0351001/26962937-8_digital-image.png?impolicy=s-offers&imwidth=200&output-format=image/webp,,https://shop.rewe.de/productList?search=2832136,,"ital. Hartkäse, mind. 50% Fett i.Tr. , je 100 g",Aktion,"1,99 €","b'ProduktbeschreibungArtikelnummer 351001Frisch f\xc3\xbcr dich aus unserer Servicetheke. \n \nZutaten: pasteurisierte MILCH, Salz, MILCHS\xc3\x84UREBAKTERIEN, tierisches Lab, Konservierungsstoff: LYSOZYM (aus EI), Natamycin, Farbstoff: AMMONSULFITZUCKERKUL\xc3\x96R \n \nLaktosefrei* \n*Laktosegehalt: unter 0, 1g/100g \n \nRinde nicht zum Verzehr geeignet! \n \nN\xc3\xa4hrwerte je 100g: \nEnergie: 1704kJ \nEnergie: 411kcal \nFett: 33,5g \nFett, davon ges\xc3\xa4ttigte Fetts\xc3\xa4uren: 24,1g \nKohlenhydrate: 0,1g \nKohlenhydrate, davon Zucker: 0,1g \nEiwei\xc3\x9f: 27,3g \nSalz: 1,7g ArtikeldetailsEigenschaften: LaktosefreiMaximale Bestellmenge: 15 St\xc3\xbcckF\xc3\xbcr die vorstehenden Angaben wird keine Haftung \xc3\xbcbernommen. Bitte pr\xc3\xbcfen Sie im Einzelfall die Angaben auf der jeweiligen Produktverpackung, nur diese sind verbindlich.Das Produktdesign kann von der Abbildung abweichen.'",Im Weiher 14,Rewe,Dein Markt für italienischen Genuss,2023-07-09,"Gültig ab morgen bis Samstag, 15.07.2023"
Belli Cantuccini,https://img.rewe-static.de/REWE_CENTER_HZ28_2023/0218662/22322908-38_digital-image.png?impolicy=s-offers&imwidth=200&output-format=image/webp,,https://shop.rewe.de/productList?search=2832136,,"je 250-g-Btl , (1 kg = 10.36)",Aktion,"2,59 €","b""ProduktbeschreibungArtikelnummer 218662Mit 25% Mandelanteil. Zutaten & AllergeneZutaten: WEIZENMEHL, Zucker, MANDELN (25%), pasteurisierte VOLLEIER, pasteurisiertes H\xc3\x9cHNEREIGELB, BUTTER, Bl\xc3\xbctenhonig, Salz. Backtriebmittel: Ammoniumhydrogencarbonat, Dinatriumdiphosphat, Natriumhydrogencarbonat, Aromen. Kann Spuren von anderen SCHALENFR\xc3\x9cCHTEN und SOJA enthalten.Allergenhinweise: Enth\xc3\xa4lt: Weizen und Weizenerzeugnisse (glutenhaltiges Getreide). Mandeln und Mandelerzeugnisse. Eier und Eierzeugnisse. Milch und Milcherzeugnisse (einschlie\xc3\x9flich Lactose). Kann enthalten: Soja und Sojaerzeugnisse. N\xc3\xbcsse und Nusserzeugnisse.N\xc3\xa4hrwerteDurchschnittliche N\xc3\xa4hrwerteUnzubereitet pro 100 gEnergie1.774 kJEnergie424 kcalFett16 gFett, davon ges\xc3\xa4ttigte Fetts\xc3\xa4uren3 gKohlenhydrate60 gKohlenhydrate, davon Zucker32 gEiwei\xc3\x9f10 gSalz0,06 gHinweiseAufbewahrungs- und Verwendungshinweis: K\xc3\xbchl und trocken lagern.ArtikeldetailsUrsprungsland: ItalienKontaktKontaktname: Biscottificio Belli srlKontaktadresse: Via dell'Albereto, 26/28/30, I-50041 Calenzano - FirenzeMaximale Bestellmenge: 15 St\xc3\xbcckF\xc3\xbcr die vorstehenden Angaben wird keine Haftung \xc3\xbcbernommen. Bitte pr\xc3\xbcfen Sie im Einzelfall die Angaben auf der jeweiligen Produktverpackung, nur diese sind verbindlich.Das Produktdesign kann von der Abbildung abweichen.""",Im Weiher 14,Rewe,Dein Markt für italienischen Genuss,2023-07-09,"Gültig ab morgen bis Samstag, 15.07.2023"
Mionetto Prosecco Spumante DOC,https://img.rewe-static.de/REWE_CENTER_HZ28_2023/2104631/22280027-24_digital-image.png?impolicy=s-offers&imwidth=200&output-format=image/webp,,https://shop.rewe.de/productList?search=2832136,,"versch. Sorten , je 0,75-l-Fl , (1 l = 9.32)",Aktion,"6,99 €","b""Bestellung ab 18 Jahren.F\xc3\xbcr dieses Produkt gilt das Jugendschutzgesetz.ProduktbeschreibungArtikelnummer 2104631Der Prosecco D.O.C. Treviso Brut der Prestige-Linie \xc3\xbcberrascht selbst ausgesprochene Kenner. \nDieser hochwertige Spumante interpretiert die Kategorie 'Brut' v\xc3\xb6llig neu und z\xc3\xa4hlt geschmacklich zu den modernsten seiner Klasse. \nDer Prosecco D.O.C. Treviso Brut besticht durch seine leuchtend strohgelbe Farbe, intensive Perlage, ein fruchtiges Bukett nach Golden Delicious \xc3\x84pfeln und Birnen \nsowie durch feine Aromen nach Akazienhonig. Mionetto Prosecco D.O.C. Treviso Brut zeichnet sich durch sein elegantes Design aus. Das raffiniert moderne Etikett im 27-Grad-Winkel spiegelt sich in der Halsschleife wider.\n\nAlkoholgehalt: 11% Vol.... mehr anzeigenZutaten & AllergeneZutaten:  Enth\xc3\xa4lt Sulfite Zusatzstoffe: E 220Allergenhinweise: Schwefeldioxid und Sulfite in einer Konzentration von mehr als 10 mg/kg oder 10 mg/l, als SO2 angegebenArtikeldetailsMarke: MionettoUrsprungsland: ItalienKontaktKontaktname: Mionetto SPAKontaktadresse: Valdobbiadene, ItalienMaximale Bestellmenge: 15 St\xc3\xbcckF\xc3\xbcr die vorstehenden Angaben wird keine Haftung \xc3\xbcbernommen. Bitte pr\xc3\xbcfen Sie im Einzelfall die Angaben auf der jeweiligen Produktverpackung, nur diese sind verbindlich.Das Produktdesign kann von der Abbildung abweichen.""",Im Weiher 14,Rewe,Dein Markt für italienischen Genuss,2023-07-09,"Gültig ab morgen bis Samstag, 15.07.2023"
Galbani Mozzarella Mini,https://img.rewe-static.de/REWE_CENTER_HZ28_2023/0594382/965610-29_digital-image.png?impolicy=s-offers&imwidth=200&output-format=image/webp,,https://shop.rewe.de/productList?search=2832136,,"38% Fett i.Tr. , je 260-g-Pckg , (1 kg = 13.27) , 150-g-Abtropfgew.",Aktion,"1,99 €","b'ProduktbeschreibungArtikelnummer 594382Zutaten & AllergeneZutaten: pasteurisierte KuhMILCH, Lab, Salz, S\xc3\xa4uerungsmittel:Zitronens\xc3\xa4ureAllergenhinweise: Enth\xc3\xa4lt: Milch und Milcherzeugnisse (einschlie\xc3\x9flich Lactose).N\xc3\xa4hrwerteDurchschnittliche N\xc3\xa4hrwerteUnzubereitet pro 100 gEnergie819 kJEnergie197 kcalFett13,5 gFett, davon ges\xc3\xa4ttigte Fetts\xc3\xa4uren9,4 gKohlenhydrate1,3 gKohlenhydrate, davon Zucker0,6 gEiwei\xc3\x9f17,5 gSalz0,6 gHinweiseAufbewahrungs- und Verwendungshinweis: bei 8\xc2\xb0C mindestens haltbar bis: siehe VerpackungsaufdruckArtikeldetailsMarke: GalbaniNettof\xc3\xbcllmenge: 260 GUrsprungsland: ItalienAbtropfgewicht: 150 gKontaktKontaktname: Lactalis Deutschland GmbHKontaktadresse: Am Yachthafen 2, 77694 KehlMaximale Bestellmenge: 15 St\xc3\xbcckF\xc3\xbcr die vorstehenden Angaben wird keine Haftung \xc3\xbcbernommen. Bitte pr\xc3\xbcfen Sie im Einzelfall die Angaben auf der jeweiligen Produktverpackung, nur diese sind verbindlich.Das Produktdesign kann von der Abbildung abweichen.'",Im Weiher 14,Rewe,Dein Markt für italienischen Genuss,2023-07-09,"Gültig ab morgen bis Samstag, 15.07.2023"
Cellini Grappa Oro,https://img.rewe-static.de/REWE_CENTER_HZ28_2023/9687947/3673940-23_digital-image.png?impolicy=s-offers&imwidth=200&output-format=image/webp,,https://shop.rewe.de/productList?search=2832136,,"38% Vol. , je 0,7-l-Fl , (1 l = 12.84)",Aktion,"8,99 €","b'Bestellung ab 18 Jahren.F\xc3\xbcr dieses Produkt gilt das Jugendschutzgesetz.ProduktbeschreibungArtikelnummer 9687947Zutaten & AllergeneAllergenhinweise: Enth\xc3\xa4lt: Keine deklarationspflichtigen Allergene enthalten.HinweiseAufbewahrungs- und Verwendungshinweis: Lagerf\xc3\xa4higkeit 2-3 Jahre, bei Zimmertemperatur servierenArtikeldetailsMarke: CelliniUrsprungsland: ItalienAlkoholgehalt: 38 % Vol.KontaktKontaktname: Rolf Herzberger GmbH & Co. KGKontaktadresse: Am Felsbrunnen 8, 66119 Saarbr\xc3\xbcckenMaximale Bestellmenge: 15 St\xc3\xbcckF\xc3\xbcr die vorstehenden Angaben wird keine Haftung \xc3\xbcbernommen. Bitte pr\xc3\xbcfen Sie im Einzelfall die Angaben auf der jeweiligen Produktverpackung, nur diese sind verbindlich.Das Produktdesign kann von der Abbildung abweichen.'",Im Weiher 14,Rewe,Dein Markt für italienischen Genuss,2023-07-09,"Gültig ab morgen bis Samstag, 15.07.2023"
Bertolli Brotaufstrich,https://img.rewe-static.de/REWE_CENTER_HZ28_2023/4942531/3398660-52_digital-image.png?impolicy=s-offers&imwidth=200&output-format=image/webp,,https://shop.rewe.de/productList?search=2832136,,"mit mildem Olivenöl , je 250-g-Becher , (1 kg = 5.56)",Aktion,"1,39 €","b'ProduktbeschreibungArtikelnummer 4942531- Das Gute des Olivenbaums \n- Enth\xc3\xa4lt viele einfach unges\xc3\xa4ttigte Fetts\xc3\xa4uren \n- F\xc3\xbcr eine gesunde, ausgewogene Ern\xc3\xa4hrung. \n- Passt hervorragend zu herzhafen Brotbel\xc3\xa4gen \n- Aber auch zu S\xc3\xbc\xc3\x9fem, wie Marmelade oder Honig \n \nDas \xe2\x80\x9eGute des Olivenbaums\xe2\x80\x9c t\xc3\xa4glich aufs Brot! \nDer BERTOLLI Brotaufstrich enth\xc3\xa4lt viele einfach unges\xc3\xa4ttigte Fetts\xc3\xa4uren, die einen wichtigen Bestandteil der traditionellen mediterranen Ern\xc3\xa4hrung darstellen. \nDer BERTOLLI Brotaufstrich tr\xc3\xa4gt somit dem Trend nach einer gesunden und ausgewogenen Ern\xc3\xa4hrung Rechnung. \nEr passt hervorragend sowohl zu herzhaften Brotbel\xc3\xa4gen als auch zu S\xc3\xbc\xc3\x9fem, wie Marmelade oder Honig. Zu den beliebtesten Brotsorten geh\xc3\xb6ren Focaccia, Tramezzino, Ciabatta und Bruschetta. Die mediterranen Brotspezialit\xc3\xa4ten werden oft zusammen mit Tomaten, Oliven und anderen Leckereien als kleiner Imbiss f\xc3\xbcr zwischendurch gereicht. \nDie K\xc3\xbcche Italiens geh\xc3\xb6rt zu den bekanntesten und beliebtesten K\xc3\xbcchen der Welt. Vollkommen zu Recht, denn sie besticht durch ihre frischen Zutaten, ihren Abwechslungsreichtum und gilt zudem als gesund. Hier finden Sie typisch italienische K\xc3\xb6stlichkeiten, mit denen Sie sich \xe2\x80\x9ela Dolce Vita\xe2\x80\x9c in Ihr eigenes Zuhause holen k\xc3\xb6nnen. \n \nBERTOLLI Brotaufstrich ist in 250g und 500g Packungen erh\xc3\xa4ltlich.... mehr anzeigenDas Gute des OlivenbaumsZutaten & AllergeneZutaten: Trinkwasser, pflanzliche \xc3\x96le und Fette (Raps, Palm, Palm ganz geh\xc3\xa4rtet), 7,5% Oliven\xc3\xb6l, BUTTERMILCH, modifizierte St\xc3\xa4rke, Speisesalz (0,4%), Emulgatoren (Mono- und Diglyceride von Speisefetts\xc3\xa4uren, Lecithine), Konservierungsstoff (Kaliumsorbat), S\xc3\xa4uerungsmittel (Citronens\xc3\xa4ure), Aroma, Vitamine (A, D), Farbstoff (Carotin).Allergenhinweise: Enth\xc3\xa4lt: Milch und Milcherzeugnisse (einschlie\xc3\x9flich Lactose).N\xc3\xa4hrwerteDurchschnittliche N\xc3\xa4hrwerteUnzubereitet pro 100 gEnergie1.445 kJEnergie339 kcalFett38 gFett, davon ges\xc3\xa4ttigte Fetts\xc3\xa4uren9 gKohlenhydrate1,7 gKohlenhydrate, davon Zucker< 0,5 gEiwei\xc3\x9f< 0,5 gSalz0,4 gVitamin A800 \xc2\xb5gVitamin D7,5 \xc2\xb5gHinweiseAufbewahrungs- und Verwendungshinweis: Beste Lagerung zwischen +2\xc2\xb0C und +15\xc2\xb0CArtikeldetailsMarke: BertolliUrsprungsland: NiederlandePackungsgr\xc3\xb6\xc3\x9fe: 250gKontaktKontaktname: Upfield Deutschland GmbHKontaktadresse: Valentinskamp 88-90, 20355 HamburgMaximale Bestellmenge: 15 St\xc3\xbcckF\xc3\xbcr die vorstehenden Angaben wird keine Haftung \xc3\xbcbernommen. Bitte pr\xc3\xbcfen Sie im Einzelfall die Angaben auf der jeweiligen Produktverpackung, nur diese sind verbindlich.Das Produktdesign kann von der Abbildung abweichen.'",Im Weiher 14,Rewe,Dein Markt für italienischen Genuss,2023-07-09,"Gültig ab morgen bis Samstag, 15.07.2023"
REWE Beste Wahl Gnocchi,https://img.rewe-static.de/REWE_CENTER_HZ28_2023/0118000/23128380-35_digital-image.png?impolicy=s-offers&imwidth=200&output-format=image/webp,,https://shop.rewe.de/productList?search=2832136,,"frische, italienische Kartoffelklößchen aus 78% Kartoffelpüree , je 400-g-Btl , (1 kg = 3.73)",Aktion,"1,49 €","b'ProduktbeschreibungArtikelnummer 118000Zutaten & AllergeneZutaten: Kartoffelp\xc3\xbcree 80% (Wasser, Kartoffelflocken 16%), WEIZENMEHL, Kartoffelst\xc3\xa4rke, Reismehl, Speisesalz.  Kann Spuren von Soja enthalten.Allergenhinweise: Glutenhaltiges Getreide (Weizen, Gerste, Roggen, Hafer, Dinkel, Kamut oder Hybridst\xc3\xa4mme)N\xc3\xa4hrwerteDurchschnittliche N\xc3\xa4hrwertepro 100 gEnergie630 kJEnergie149 kcalFett0,6 gFett, davon ges\xc3\xa4ttigte Fetts\xc3\xa4uren0 gKohlenhydrate32 gKohlenhydrate, davon Zucker0,3 gEiwei\xc3\x9f3,3 gSalz1,08 gHinweiseAufbewahrungshinweise:  Nach dem \xc3\x96ffnen k\xc3\xbchl lagern und innerhalb von drei Tagen verzehren.Verwendungshinweise: Bei +4 \xc2\xb0C bis +7 \xc2\xb0CArtikeldetailsMarke: REWE Beste WahlUrsprungsland: ItalienPackungsgr\xc3\xb6\xc3\x9fe: 400gKontaktKontaktname: CIEMME ALIMENTARI S.R.L.Kontaktadresse: VIA FOGGIA, 28/30, BARLETTA, 76121, ItalienMaximale Bestellmenge: 15 St\xc3\xbcckF\xc3\xbcr die vorstehenden Angaben wird keine Haftung \xc3\xbcbernommen. Bitte pr\xc3\xbcfen Sie im Einzelfall die Angaben auf der jeweiligen Produktverpackung, nur diese sind verbindlich.Das Produktdesign kann von der Abbildung abweichen.'",Im Weiher 14,Rewe,Dein Markt für italienischen Genuss,2023-07-09,"Gültig ab morgen bis Samstag, 15.07.2023"
REWE Feine Welt Burrata,https://img.rewe-static.de/REWE_CENTER_HZ28_2023/8643941/34631257-8_digital-image.png?impolicy=s-offers&imwidth=200&output-format=image/webp,,https://shop.rewe.de/productList?search=2832136,,"je 250-g-Becher-Pckg , (1 kg = 14.90) , 100-g-Abtropfgew.",Aktion,"1,49 €","b'ProduktbeschreibungArtikelnummer 8643941Zutaten & AllergeneZutaten: Zutaten: K\xc3\x84SEREIMILCH, SAHNE 41 %, Speisesalz, mikrobielles Lab, S\xc3\xa4uerungsmittel Milchs\xc3\xa4ure, Konservierungsstoff Kaliumsorbat. Zusatzstoffe: E 202, E 270Allergenhinweise: Milch und Milcherzeugnisse (einschlie\xc3\x9flich Lactose)N\xc3\xa4hrwerteDurchschnittliche N\xc3\xa4hrwertepro 100 gEnergie1.054 kJEnergie255 kcalFett23,9 gFett, davon ges\xc3\xa4ttigte Fetts\xc3\xa4uren15,3 gKohlenhydrate2 gKohlenhydrate, davon Zucker2 gEiwei\xc3\x9f8 gSalz0,54 gArtikeldetailsMarke: REWE Feine WeltNettof\xc3\xbcllmenge: 250 GUrsprungsland: ItalienAbtropfgewicht: 100 gKontaktKontaktname: DELIZIA S.P.A.Kontaktadresse: Contrada Pizunzo Z.I., Noci (BA), 70015, ItalienMaximale Bestellmenge: 15 St\xc3\xbcckF\xc3\xbcr die vorstehenden Angaben wird keine Haftung \xc3\xbcbernommen. Bitte pr\xc3\xbcfen Sie im Einzelfall die Angaben auf der jeweiligen Produktverpackung, nur diese sind verbindlich.Das Produktdesign kann von der Abbildung abweichen.'",Im Weiher 14,Rewe,Dein Markt für italienischen Genuss,2023-07-09,"Gültig ab morgen bis Samstag, 15.07.2023"
La Gioiosa Prosecco Frizzante Treviso DOC,https://img.rewe-static.de/REWE_CENTER_HZ28_2023/0321558/7433190-34_digital-image.png?impolicy=s-offers&imwidth=200&output-format=image/webp,,https://shop.rewe.de/productList?search=2832136,,"je 0,75-l-Fl , (1 l = 7.99)",Aktion,"5,99 €","b'Bestellung ab 18 Jahren.F\xc3\xbcr dieses Produkt gilt das Jugendschutzgesetz.ProduktbeschreibungArtikelnummer 321558Alkoholgehalt: 10 % Vol. Zutaten & AllergeneZutaten: Nicht deklariert:Perlwein, Antioxidationsmittel (Ascorbins\xc3\xa4ure, Schwefeldioxid). Zusatzstoffe: E 220Allergenhinweise: Schwefeldioxid und Sulfite in einer Konzentration von mehr als 10 mg/kg oder 10 mg/l, als SO2 angegebenN\xc3\xa4hrwerteDurchschnittliche N\xc3\xa4hrwertepro 100 mlEnergie292 kJEnergie70 kcalFett0 gFett, davon ges\xc3\xa4ttigte Fetts\xc3\xa4uren0 gKohlenhydrate2,9 gKohlenhydrate, davon Zucker1,1 gEiwei\xc3\x9f< 0,1 gSalz< 0,02 gHinweiseVerwendungshinweise: Trocken und k\xc3\xbchl lagern. Vor Licht sch\xc3\xbctzen.ArtikeldetailsMarke: La GioiosaUrsprungsland: ItalienKontaktKontaktname: La Gioiosa S.p.A.Kontaktadresse: Crocetta del Montello, 31035, ItalienMaximale Bestellmenge: 15 St\xc3\xbcckF\xc3\xbcr die vorstehenden Angaben wird keine Haftung \xc3\xbcbernommen. Bitte pr\xc3\xbcfen Sie im Einzelfall die Angaben auf der jeweiligen Produktverpackung, nur diese sind verbindlich.Das Produktdesign kann von der Abbildung abweichen.'",Im Weiher 14,Rewe,Dein Markt für italienischen Genuss,2023-07-09,"Gültig ab morgen bis Samstag, 15.07.2023"
Fabbri Amarenakirschen,https://img.rewe-static.de/REWE_CENTER_HZ28_2023/3797015/1603730-43_digital-image.png?impolicy=s-offers&imwidth=200&output-format=image/webp,,https://shop.rewe.de/productList?search=2832136,,"Frucht in Sirup , je 230-g-Glas , (1 kg = 39.90) , 100-g-Abtropfgew.",Aktion,"3,99 €","b'ProduktbeschreibungArtikelnummer 3797015Zutaten & AllergeneZutaten: Zucker, Sauerkirschen (43%), Glukose Sirup, Wasser, Sauerkirschen saft (4%), S\xc3\xa4uerungsmittel Zitronens\xc3\xa4ure, Aromen, Farbstoff Anthocyane aus Pflanzenextrakt.N\xc3\xa4hrwerteDurchschnittliche N\xc3\xa4hrwerteUnzubereitet pro 100 gEnergie1.160 kJEnergie273 kcalFett0 gFett, davon ges\xc3\xa4ttigte Fetts\xc3\xa4uren0 gKohlenhydrate67 gKohlenhydrate, davon Zucker61 gEiwei\xc3\x9f0 gSalz0,03 gArtikeldetailsMarke: FabbriNettof\xc3\xbcllmenge: 230 GUrsprungsland: ItalienAbtropfgewicht: 100 gKontaktKontaktname: G. Fabbri Deutschland GmbHKontaktadresse: Witneystr. 1 - 82008 UnterhachingMaximale Bestellmenge: 15 St\xc3\xbcckF\xc3\xbcr die vorstehenden Angaben wird keine Haftung \xc3\xbcbernommen. Bitte pr\xc3\xbcfen Sie im Einzelfall die Angaben auf der jeweiligen Produktverpackung, nur diese sind verbindlich.Das Produktdesign kann von der Abbildung abweichen.'",Im Weiher 14,Rewe,Dein Markt für italienischen Genuss,2023-07-09,"Gültig ab morgen bis Samstag, 15.07.2023"
S. Pellegrino Mineralwasser,https://img.rewe-static.de/REWE_CENTER_HZ28_2023/0106565/9482880-6_digital-image.png?impolicy=s-offers&imwidth=200&output-format=image/webp,,https://shop.rewe.de/productList?search=2832136,,"je 1-l-Fl , zzgl. 0.25 Pfand",Aktion,"0,79 €","b'ProduktbeschreibungArtikelnummer 106565S.Pellegrino bringt echtes italienisches Lebensgef\xc3\xbchl direkt zu Ihnen nach Hause. Ein feinperliges nat\xc3\xbcrliches Mineralwasser f\xc3\xbcr Genie\xc3\x9fer, das stilvoll erfrischt.\n\nUnnachahmlich prickelnd und frisch, so schmeckt S.Pellegrino. Das liegt an der einzigartigen Balance, die das Mineralwasser besonders feinperlig sprudeln l\xc3\xa4sst. Ausgewogen mineralisiert, ist S.Pellegrino ein ebenso spritziger wie authentischer Genuss.\n\nEin Wasser mit Tradition\n\nS.Pellegrino, das bereits seit 1899 Genie\xc3\x9fer begeistert, entspringt in der nahezu unber\xc3\xbchrten Natur der lombardischen Alpen. Auf seiner langen Reise durch breite Schichten Dolomit- und Gipsgestein erh\xc3\xa4lt das Wasser seine ausgewogene Mineralisierung und seine besondere Reinheit. \n\nImmer ein Genuss\n\nMit seinem nat\xc3\xbcrlichen und lebendigen Temperament ist S.Pellegrino ein Wasser, das einfach \xc3\xbcberall genossen werden kann. Darum gibt es den italienischen Klassiker auch in handlichen 1,0L Pet-Flaschen \xe2\x80\x93 Wie geschaffen f\xc3\xbcr geselliges Beisammensein und genussvolles Miteinander. Besonders praktisch: Im Sixpack haben Sie immer eine Flasche in Reserve.\n\nS.Pellegrino\n- Nat\xc3\xbcrliches feinperliges Mineralwasser\n- Erfrischt einfach herrlich italienisch\n- Ein Wasser f\xc3\xbcr anspruchsvolle Genie\xc3\x9fer\n- Ausgewogen mineralisiert und besonders prickelnd\n- Wassergenuss f\xc3\xbcr jede Gelegenheit in handlichen Pet-Flaschen... mehr anzeigenSeit 1899 ist S.Pellegrino eine Ikone italienischen Stils und eines der bekanntesten nat\xc3\xbcrlichen Mineralwasser der Welt. Dank seiner perfekten Balance aus feinperliger Kohlens\xc3\xa4ure, Mineralisierung und einzigartigem Geschmack \xc3\xbcberzeugt es Sommeliers und Spitzenk\xc3\xb6che. \nSo inspiriert S.Pellegrino dazu, genussvolle Momente auszukosten und sie zu teilen.N\xc3\xa4hrwerteDurchschnittliche N\xc3\xa4hrwerteUnzubereitet pro 1 lChlorid49,4 mgCalcium166 mgMagnesium49,5 mgBikarbonat244 mgNatrium30 mgSulfat 4+401 mgHinweiseAufbewahrungs- und Verwendungshinweis: Vor Sonne und Frost sch\xc3\xbctzen und an einem sauberen, trockenen, k\xc3\xbchlen und geruchlosen Ort lagern.Information: Abdampfr\xc3\xbcckstand bei 180 Grad: 853 mg/LpH-Wert an der Quelle: 7,7Aus der S.PELLEGRINO Quelle in SAN PELLEGRINO TERME (BERGAMO) ITALIENArtikeldetailsMarke: San PellegrinoNettof\xc3\xbcllmenge: 1 LUrsprungsland: ItalienPackungsgr\xc3\xb6\xc3\x9fe: 1,0lKontaktKontaktname: SANPELLEGRINO S.P.A.Kontaktadresse: 24016 SAN PELLEGRINO TERME (BG)LOCALIT\xc3\x80 RUSPINO - ITALIENMaximale Bestellmenge: 15 St\xc3\xbcckF\xc3\xbcr die vorstehenden Angaben wird keine Haftung \xc3\xbcbernommen. Bitte pr\xc3\xbcfen Sie im Einzelfall die Angaben auf der jeweiligen Produktverpackung, nur diese sind verbindlich.Das Produktdesign kann von der Abbildung abweichen.'",Im Weiher 14,Rewe,Dein Markt für italienischen Genuss,2023-07-09,"Gültig ab morgen bis Samstag, 15.07.2023"
REWE Beste Wahl Bolognese Pasta Sauce,https://img.rewe-static.de/REWE_CENTER_HZ28_2023/7123786/27851232-24_digital-image.png?impolicy=s-offers&imwidth=200&output-format=image/webp,,https://shop.rewe.de/productList?search=2832136,,"je 380-ml-Glas , (1 l = 4.18)",Aktion,"1,59 €","b'ProduktbeschreibungArtikelnummer 7123786Zutaten & AllergeneZutaten: Passierte Tomaten 61%, Rindfleisch 28%, Gem\xc3\xbcse 6% (Karotten, Zwiebeln, Knoblauch), Zucker, Salz, S\xc3\xa4uerungsmittel Milchs\xc3\xa4ure, Sonnenblumen\xc3\xb6l, Kr\xc3\xa4uter, Gew\xc3\xbcrze.    Zusatzstoffe: E 270N\xc3\xa4hrwerteDurchschnittliche N\xc3\xa4hrwertepro 100 mlEnergie392 kJEnergie94 kcalFett4,6 gFett, davon ges\xc3\xa4ttigte Fetts\xc3\xa4uren2,3 gKohlenhydrate6,1 gKohlenhydrate, davon Zucker5 gEiwei\xc3\x9f5,9 gSalz1,4 gHinweiseAufbewahrungshinweise: Nach dem \xc3\x96ffnen im K\xc3\xbchlschrank aufbewahren und innerhalb von 3-4 Tagen verbrauchen.Verwendungshinweise: Trocken lagern. Vor W\xc3\xa4rme sch\xc3\xbctzen.ArtikeldetailsMarke: REWE Beste WahlUrsprungsland: ItalienKontaktKontaktname: LA DORIA S.P.A.Kontaktadresse: Via Nazionale, 320, Angri, 84012, ItalienMaximale Bestellmenge: 15 St\xc3\xbcckF\xc3\xbcr die vorstehenden Angaben wird keine Haftung \xc3\xbcbernommen. Bitte pr\xc3\xbcfen Sie im Einzelfall die Angaben auf der jeweiligen Produktverpackung, nur diese sind verbindlich.Das Produktdesign kann von der Abbildung abweichen.'",Im Weiher 14,Rewe,Dein Markt für italienischen Genuss,2023-07-09,"Gültig ab morgen bis Samstag, 15.07.2023"
Saupiquet Thunfisch,https://img.rewe-static.de/REWE_CENTER_HZ28_2023/2071371/2519210-44_digital-image.png?impolicy=s-offers&imwidth=200&output-format=image/webp,,https://shop.rewe.de/productList?search=2832136,,"Naturale ohne Öl oder in Sonnenblumenöl , je 185-g-Dose , (1 kg = 17.79) , 140-g-Abtropfgew.",Aktion,"2,49 €","b'ProduktbeschreibungArtikelnummer 2071371Zutaten & AllergeneZutaten: THUNFISCH (Skipjack, Katsuwonus pelamis), Wasser, Salz.Allergenhinweise: Enth\xc3\xa4lt: Fisch und Fischerzeugnisse.N\xc3\xa4hrwerteDurchschnittliche N\xc3\xa4hrwerteUnzubereitet pro 100 gEnergie410 kJEnergie97 kcalFett0,5 gFett, davon ges\xc3\xa4ttigte Fetts\xc3\xa4uren0,2 gKohlenhydrate0 gKohlenhydrate, davon Zucker0 gBallaststoffe0 gEiwei\xc3\x9f23 gSalz1,3 gHinweiseAufbewahrungs- und Verwendungshinweis: Mindestens haltbar bis: siehe VerpackungsaufdruckArtikeldetailsMarke: SaupiquetNettof\xc3\xbcllmenge: 185 GUrsprungsland: EcuadorAbtropfgewicht: 140 gSorte: Naturale ohne \xc3\x96lKontaktKontaktname: Saupiquet D GmbHKontaktadresse: Postfach 9307, 47750 KrefeldMaximale Bestellmenge: 15 St\xc3\xbcckF\xc3\xbcr die vorstehenden Angaben wird keine Haftung \xc3\xbcbernommen. Bitte pr\xc3\xbcfen Sie im Einzelfall die Angaben auf der jeweiligen Produktverpackung, nur diese sind verbindlich.Das Produktdesign kann von der Abbildung abweichen.'",Im Weiher 14,Rewe,Dein Markt für italienischen Genuss,2023-07-09,"Gültig ab morgen bis Samstag, 15.07.2023"
Ponnath Delikatess Prosciutto Cotto,https://img.rewe-static.de/REWE_CENTER_HZ28_2023/2231617/25159847-9_digital-image.png?impolicy=s-offers&imwidth=200&output-format=image/webp,,https://shop.rewe.de/productList?search=2832136,,"je 150-g-Pckg , (1 kg = 15.27)",Aktion,"2,29 €","b'ProduktbeschreibungArtikelnummer 2231617Original italienisches Rezept. Zutaten & AllergeneZutaten: Schweinefleisch, S\xc3\xa4ureregulatoren: Kaliumlactat, Natriumacetate; jodiertes Speisesalz (Speisesalz, Kaliumjodat), Glukosesirup, Gew\xc3\xbcrzextrakte, Gew\xc3\xbcrze, Stabilisator: Triphosphate, Antioxidationsmittel: Natriumascorbat, Konservierungsstoff: Natriumnitrit.N\xc3\xa4hrwerteDurchschnittliche N\xc3\xa4hrwerteUnzubereitet pro 100 gEnergie455 kJEnergie108 kcalFett2,5 gFett, davon ges\xc3\xa4ttigte Fetts\xc3\xa4uren1,1 gKohlenhydrate1 gKohlenhydrate, davon Zucker0,8 gEiwei\xc3\x9f20,2 gSalz2,1 gHinweiseAufbewahrungs- und Verwendungshinweis: Bei unter + 7\xc2\xb0CInformation: Unter Schutzatmosph\xc3\xa4re verpackt.ArtikeldetailsMarke: PonnathUrsprungsland: DeutschlandKontaktKontaktname: Ponnath DIE MEISTERMETZGER GmbHKontaktadresse: Bayreuther Str. 40, D-95478 KemnathF\xc3\xbcr die vorstehenden Angaben wird keine Haftung \xc3\xbcbernommen. Bitte pr\xc3\xbcfen Sie im Einzelfall die Angaben auf der jeweiligen Produktverpackung, nur diese sind verbindlich.Das Produktdesign kann von der Abbildung abweichen.'",Im Weiher 14,Rewe,Dein Markt für italienischen Genuss,2023-07-09,"Gültig ab morgen bis Samstag, 15.07.2023"
Lavazza Crema e Gusto oder Espresso,https://img.rewe-static.de/REWE_CENTER_HZ28_2023/7713584/29141056-8_digital-image.png?impolicy=s-offers&imwidth=200&output-format=image/webp,,https://shop.rewe.de/productList?search=2832136,,"versch. Sorten , je 250-g-Pckg , (1 kg = 13.96)",Aktion,"3,49 €","b'ProduktbeschreibungArtikelnummer 7713584Die Mischung besteht aus einer Auswahl hochwertiger, rassiger Arabicas (30 %) und Robustas (70 %) und ist ideal f\xc3\xbcr all diejenigen geeignet, die jeden Augenblick des Tages ein intensives Geschmackserlebnis genie\xce\xb2en m\xc3\xb6chten. HinweiseAufbewahrungs- und Verwendungshinweis: trocken lagern.ArtikeldetailsMarke: LavazzaUrsprungsland: ItalienSorte: Crema e GustoKontaktKontaktname: LUIGI LAVAZZA S.p.A.Kontaktadresse: C. SO NOVARA, 59- 10154 TORINO - ITALIAMaximale Bestellmenge: 15 St\xc3\xbcckF\xc3\xbcr die vorstehenden Angaben wird keine Haftung \xc3\xbcbernommen. Bitte pr\xc3\xbcfen Sie im Einzelfall die Angaben auf der jeweiligen Produktverpackung, nur diese sind verbindlich.Das Produktdesign kann von der Abbildung abweichen.'",Im Weiher 14,Rewe,Dein Markt für italienischen Genuss,2023-07-09,"Gültig ab morgen bis Samstag, 15.07.2023"
Citterio Mailänder Salami Strafino,https://img.rewe-static.de/REWE_CENTER_HZ28_2023/5310075/23629963-7_digital-image.png?impolicy=s-offers&imwidth=200&output-format=image/webp,,https://shop.rewe.de/productList?search=2832136,,je 100 g,Aktion,"2,19 €","b'ProduktbeschreibungArtikelnummer 5310075Frisch f\xc3\xbcr dich aus unserer Servicetheke.\n\nZutaten: Schweinefleisch, Nitritp\xc3\xb6kelsalz (Kochsalz), Konservierungsstoff: E250 Gew\xc3\xbcrze, Zucker, Gew\xc3\xbcrzkr\xc3\xa4uter Antioxidationsmittel: E300, E 301, Konservierungsstoff. E252.\n\n100g Salami werden hergestellt aus 155g Schweinefleisch.\n\nN\xc3\xa4hrwerte je 100g:\nEnergie: 1660kj\nEnergie: 400kcal\nFett: 32g\nFett, davon ges\xc3\xa4ttigte Fetts\xc3\xa4uren: 13g\nKohlenhydrate: 0,5g\nKohlenhydrate, davon Zucker: 0,5g\nEiwei\xc3\x9f: 28g\nSalz: 4,6g fein gek\xc3\xb6rnte Spitzenqualit\xc3\xa4t, leicht ger\xc3\xa4uchert, mindestens 3 Monate gereiftZutaten & AllergeneZutaten: Schweinefleisch, Nitritp\xc3\xb6kelsalz (Kochsalz, Konservierungsstoff: Natriumnitrit), Zucker, Gew\xc3\xbcrze, Gew\xc3\xbcrzkr\xc3\xa4uter, Antioxidationsmittel: Natriumascorbat, Ascorbins\xc3\xa4ure; Konservierungsstoff: Kaliumnitrat. 100g Salami hergestellt aus 155g Schweinefleisch.Allergenhinweise: Enth\xc3\xa4lt: Keine deklarationspflichtigen Allergene enthalten.N\xc3\xa4hrwerteDurchschnittliche N\xc3\xa4hrwerteUnzubereitet pro 100 gEnergie1.660 kJEnergie400 kcalFett32 gFett, davon ges\xc3\xa4ttigte Fetts\xc3\xa4uren13 gKohlenhydrate0,5 gKohlenhydrate, davon Zucker0,5 gEiwei\xc3\x9f28 gSalz4,6 gHinweiseAufbewahrungs- und Verwendungshinweis: Unter +7\xc2\xb0C lagern, nach dem \xc3\x96ffnen innerhalb kurzer Zeit verzehren.Information: Konservierungsstoff: E250 (Natriumnitrit), E252(Kaliumnitrat); Antioxidationsmittel: E301 (Natriumascorbat), E300 (Ascorbins\xc3\xa4ure); Wursth\xc3\xbclle nicht essbar.ArtikeldetailsUrsprungsland: ItalienKontaktKontaktname: Giuseppe Citterio Salumificio S.P.A.Kontaktadresse: Corso Europa 206, 20017 RhoMaximale Bestellmenge: 15 St\xc3\xbcckF\xc3\xbcr die vorstehenden Angaben wird keine Haftung \xc3\xbcbernommen. Bitte pr\xc3\xbcfen Sie im Einzelfall die Angaben auf der jeweiligen Produktverpackung, nur diese sind verbindlich.Das Produktdesign kann von der Abbildung abweichen.'",Im Weiher 14,Rewe,Dein Markt für italienischen Genuss,2023-07-09,"Gültig ab morgen bis Samstag, 15.07.2023"
Mestemacher Wraps,https://img.rewe-static.de/REWE_CENTER_HZ28_2023/8722477/35581003-6_digital-image.png?impolicy=s-offers&imwidth=200&output-format=image/webp,,https://shop.rewe.de/productList?search=2832136,,"versch. Sorten , je 300-g-Pckg , (1 kg = 7.30)",Aktion,"2,19 €","b'ProduktbeschreibungArtikelnummer 8722477Man nehme italienisches Temperament, ein Originalrezept und kaltgepresstes Oliven\xc3\xb6l. Diese Zutaten machen unsere Wraps zu etwas ganz Besonderem!Zutaten & AllergeneZutaten: DINKELMEHL*1), Wasser, natives Oliven\xc3\xb6l extra* (5 %), Sonnenblumen\xc3\xb6l*, Meersalz, nat\xc3\xbcrliches Rosmarinaroma. * aus biologischem Landbau 1)Mit Dinkelmehl aus der EU. Kann Spuren von SOJA und SENF enthalten.Allergenhinweise: Enth\xc3\xa4lt: Glutenhaltiges Getreide und glutenhaltige Getreideerzeugnisse. Dinkel und Dinkelerzeugnisse (glutenhaltiges Getreide). Kann enthalten: Soja und Sojaerzeugnisse. Senf- und Senferzeugnisse.N\xc3\xa4hrwerteDurchschnittliche N\xc3\xa4hrwerteUnzubereitet pro 100 gEnergie1.280 kJEnergie304 kcalFett8,6 gFett, davon ges\xc3\xa4ttigte Fetts\xc3\xa4uren1,1 gKohlenhydrate45,7 gKohlenhydrate, davon Zucker1 gBallaststoffe3,1 gEiwei\xc3\x9f9,5 gSalz1,1 gHinweiseAufbewahrungs- und Verwendungshinweis: K\xc3\xbchl und trocken lagern.ArtikeldetailsMarkeMestemacherEigenschaftenVegan, BioUrsprungslandItalienServiervorschlagNach Belieben f\xc3\xbcllen, z.B. mit Salat oder Geschnetzeltem.\xc3\x96ko KontrollstelleIT-BIO-007Ort der ErzeugungEU-LandwirtschaftKontaktKontaktname: Mestemacher GmbHKontaktadresse: Postfach 2451 - 33254 G\xc3\xbcterslohF\xc3\xbcr die vorstehenden Angaben wird keine Haftung \xc3\xbcbernommen. Bitte pr\xc3\xbcfen Sie im Einzelfall die Angaben auf der jeweiligen Produktverpackung, nur diese sind verbindlich.Das Produktdesign kann von der Abbildung abweichen.'",Im Weiher 14,Rewe,Dein Markt für italienischen Genuss,2023-07-09,"Gültig ab morgen bis Samstag, 15.07.2023"
Gelb- oder weißfleischige Nektarinen,https://img.rewe-static.de/REWE_CENTER_HZ28_2023/1952216/8687110-16_digital-image.png?impolicy=s-offers&imwidth=200&output-format=image/webp,,https://shop.rewe.de/productList?search=2832136,,"Kl. I , je 1 kg",Aktion,"2,99 €",nan,Im Weiher 14,Rewe,Obst & Gemüse,2023-07-09,"Gültig ab morgen bis Samstag, 15.07.2023"
Cherry Romatomaten,https://img.rewe-static.de/REWE_CENTER_HZ28_2023/7011307/31264808-6_digital-image.png?impolicy=s-offers&imwidth=200&output-format=image/webp,,https://shop.rewe.de/productList?search=2832136,,"Kl. I , je 400-g-Eimer , (1 kg = 6.23)",Aktion,"2,49 €",nan,Im Weiher 14,Rewe,Obst & Gemüse,2023-07-09,"Gültig ab morgen bis Samstag, 15.07.2023"
Kluth Nusskernmischung,https://img.rewe-static.de/REWE_CENTER_HZ28_2023/7137980/26996585-15_digital-image.png?impolicy=s-offers&imwidth=200&output-format=image/webp,,https://shop.rewe.de/productList?search=2832136,,"je 200-g-Btl , (1 kg = 14.95)",Aktion,"2,99 €","b'ProduktbeschreibungArtikelnummer 7137980Zutaten & AllergeneZutaten: CASHEWKERNE, MANDELN(blanchiert), MANDELN, R\xc3\x96MER-HASELNUSSKERNE, WALNUSSKERNEKann Spuren von weiteren Schalenfr\xc3\xbcchten und Erdn\xc3\xbcssen enthalten.Allergenhinweise: Kann enthalten: N\xc3\xbcsse und Nusserzeugnisse.N\xc3\xa4hrwerteDurchschnittliche N\xc3\xa4hrwerteUnzubereitet pro 100 gEnergie2.608 kJEnergie630 kcalFett54 gFett, davon ges\xc3\xa4ttigte Fetts\xc3\xa4uren5,6 gFett, davon einfach unges\xc3\xa4ttigte Fetts\xc3\xa4uren32 gFett, davon mehrfach unges\xc3\xa4ttigte Fetts\xc3\xa4uren14 gKohlenhydrate11 gKohlenhydrate, davon Zucker4,8 gBallaststoffe7,7 gEiwei\xc3\x9f21 gSalz0,01 gVitamin E16 mgHinweiseAufbewahrungs- und Verwendungshinweis: Bei trockener Lagerung mindestens haltbar bis Ende: siehe VerpackungsaufdruckInformation: unter Schutzatmosph\xc3\xa4re verpacktArtikeldetailsMarke: KluthUrsprungsland: DeutschlandKontaktKontaktname: Herbert Kluth (GmbH & Co. KG)Kontaktadresse: Heidekoppel 31, 24558 Henstedt-UlzburgF\xc3\xbcr die vorstehenden Angaben wird keine Haftung \xc3\xbcbernommen. Bitte pr\xc3\xbcfen Sie im Einzelfall die Angaben auf der jeweiligen Produktverpackung, nur diese sind verbindlich.Das Produktdesign kann von der Abbildung abweichen.'",Im Weiher 14,Rewe,Obst & Gemüse,2023-07-09,"Gültig ab morgen bis Samstag, 15.07.2023"
Honigmelone,https://img.rewe-static.de/REWE_CENTER_HZ28_2023/8436752/8613000-32_digital-image.png?impolicy=s-offers&imwidth=200&output-format=image/webp,,https://shop.rewe.de/productList?search=2832136,,"Kl. I , je St",Aktion,"2,99 €",nan,Im Weiher 14,Rewe,Obst & Gemüse,2023-07-09,"Gültig ab morgen bis Samstag, 15.07.2023"
Mini Rispentomaten,https://img.rewe-static.de/REWE_CENTER_HZ28_2023/1365342/31264784-8_digital-image.png?impolicy=s-offers&imwidth=200&output-format=image/webp,,https://shop.rewe.de/productList?search=2832136,,"Kl. I , je 350-g-Schale , (1 kg = 4.26)",Aktion,"1,49 €",nan,Im Weiher 14,Rewe,Obst & Gemüse,2023-07-09,"Gültig ab morgen bis Samstag, 15.07.2023"
Paprika Mix,https://img.rewe-static.de/REWE_CENTER_HZ28_2023/1913973/20938720-3_digital-image.png?impolicy=s-offers&imwidth=200&output-format=image/webp,,https://shop.rewe.de/productList?search=2832136,,"Kl. I , je 500-g-Pckg , (1 kg = 3.38)",Aktion,"1,69 €",nan,Im Weiher 14,Rewe,Obst & Gemüse,2023-07-09,"Gültig ab morgen bis Samstag, 15.07.2023"
Avocados,https://img.rewe-static.de/REWE_CENTER_HZ28_2023/8906591/33086431-2_digital-image.png?impolicy=s-offers&imwidth=200&output-format=image/webp,,https://shop.rewe.de/productList?search=2832136,,"»Hass«, Kl. I , je 700-g-Netz , (1 kg = 2.84)",Aktion,"1,99 €",nan,Im Weiher 14,Rewe,Obst & Gemüse,2023-07-09,"Gültig ab morgen bis Samstag, 15.07.2023"
Speisemöhren,https://img.rewe-static.de/REWE_CENTER_HZ28_2023/8108969/34636887-3_digital-image.png?impolicy=s-offers&imwidth=200&output-format=image/webp,,https://shop.rewe.de/productList?search=2832136,,"Kl. I , je 1-kg-Btl",Aktion,"1,29 €",nan,Im Weiher 14,Rewe,Obst & Gemüse,2023-07-09,"Gültig ab morgen bis Samstag, 15.07.2023"
Gelb- oder weißfleischige Bio Nektarinen,https://img.rewe-static.de/REWE_CENTER_HZ28_2023/0429803/31335233-4_digital-image.png?impolicy=s-offers&imwidth=200&output-format=image/webp,,https://shop.rewe.de/productList?search=2832136,,"Kl. II , je 1 kg",,"3,99 €",nan,Im Weiher 14,Rewe,Obst & Gemüse,2023-07-09,"Gültig ab morgen bis Samstag, 15.07.2023"
Brombeeren,https://img.rewe-static.de/REWE_CENTER_HZ28_2023/0561586/12563490-11_digital-image.png?impolicy=s-offers&imwidth=200&output-format=image/webp,,https://shop.rewe.de/productList?search=2832136,,"Kl. I , je 125-g-Schale , (1 kg = 14.32)",Aktion,"1,79 €",nan,Im Weiher 14,Rewe,Obst & Gemüse,2023-07-09,"Gültig ab morgen bis Samstag, 15.07.2023"
Bio Bananen,https://img.rewe-static.de/REWE_CENTER_HZ28_2023/7708685/30177546-11_digital-image.png?impolicy=s-offers&imwidth=200&output-format=image/webp,,https://shop.rewe.de/productList?search=2832136,,je 1 kg,,"1,79 €",nan,Im Weiher 14,Rewe,Obst & Gemüse,2023-07-09,"Gültig ab morgen bis Samstag, 15.07.2023"
Rote Bio Tafeläpfel,https://img.rewe-static.de/REWE_CENTER_HZ28_2023/3366162/30888510-8_digital-image.png?impolicy=s-offers&imwidth=200&output-format=image/webp,,https://shop.rewe.de/productList?search=2832136,,"Sorte: siehe Etikett, Kl. II , je 1-kg-Netz",,"1,99 €",nan,Im Weiher 14,Rewe,Obst & Gemüse,2023-07-09,"Gültig ab morgen bis Samstag, 15.07.2023"
Mini Gurken,https://img.rewe-static.de/REWE_CENTER_HZ28_2023/7240489/32111765-5_digital-image.png?impolicy=s-offers&imwidth=200&output-format=image/webp,,https://shop.rewe.de/productList?search=2832136,,"Kl. I , je St",Aktion,"0,45 €",nan,Im Weiher 14,Rewe,Obst & Gemüse,2023-07-09,"Gültig ab morgen bis Samstag, 15.07.2023"
Bio Bunte Salate,https://img.rewe-static.de/REWE_CENTER_HZ28_2023/0146421/27990259-3_digital-image.png?impolicy=s-offers&imwidth=200&output-format=image/webp,,https://shop.rewe.de/productList?search=2832136,,"Kl. II , je St",,"1,99 €",nan,Im Weiher 14,Rewe,Obst & Gemüse,2023-07-09,"Gültig ab morgen bis Samstag, 15.07.2023"
Rispentomaten,https://img.rewe-static.de/REWE_CENTER_HZ28_2023/2061181/34638052-8_digital-image.png?impolicy=s-offers&imwidth=200&output-format=image/webp,,https://shop.rewe.de/productList?search=2832136,,"Kl. I , je 1 kg",Aktion,"0,89 €",nan,Im Weiher 14,Rewe,Obst & Gemüse,2023-07-09,"Gültig ab morgen bis Samstag, 15.07.2023"
Wildkräuter Salat,https://img.rewe-static.de/REWE_CENTER_HZ28_2023/7750912/25222650-17_digital-image.png?impolicy=s-offers&imwidth=200&output-format=image/webp,,https://shop.rewe.de/productList?search=2832136,,"je 125-g-Schale , (1 kg = 9.52)",Aktion,"1,19 €",nan,Im Weiher 14,Rewe,Obst & Gemüse,2023-07-09,"Gültig ab morgen bis Samstag, 15.07.2023"
Speisekartoffeln,https://img.rewe-static.de/REWE_CENTER_HZ28_2023/8019779/33066527-3_digital-image.png?impolicy=s-offers&imwidth=200&output-format=image/webp,,https://shop.rewe.de/productList?search=2832136,,"Sorte, Kocheigenschaft und Ursprung: siehe Etikett, Qualität I , je 2-kg-Netz , (1 kg = 1.50)",Aktion,"2,99 €",nan,Im Weiher 14,Rewe,Obst & Gemüse,2023-07-09,"Gültig ab morgen bis Samstag, 15.07.2023"
Zitronen,https://img.rewe-static.de/REWE_CENTER_HZ28_2023/8131318/8722460-33_digital-image.png?impolicy=s-offers&imwidth=200&output-format=image/webp,,https://shop.rewe.de/productList?search=2832136,,"Sorte: siehe Etikett, Kl. I , je 500-g-Netz , (1 kg = 2.58)",Aktion,"1,29 €",nan,Im Weiher 14,Rewe,Obst & Gemüse,2023-07-09,"Gültig ab morgen bis Samstag, 15.07.2023"
Plattnektarinen,https://img.rewe-static.de/REWE_CENTER_HZ28_2023/2454901/12387090-12_digital-image.png?impolicy=s-offers&imwidth=200&output-format=image/webp,,https://shop.rewe.de/productList?search=2832136,,"Kl. I , je 500-g-Schale , (1 kg = 3.98)",Aktion,"1,99 €","b'ProduktbeschreibungArtikelnummer 2454901Spanien; Klasse I; Ursprungsland und Klasse k\xc3\xb6nnen je nach Angebot abweichen. \n\nSind im online Shop bei einem Produkt alternative Herkunftsl\xc3\xa4nder angegeben, so gilt das an der Ware ausgezeichnete Herkunftsland, welches Sie bei Warenlieferung \xc3\xbcberpr\xc3\xbcfen k\xc3\xb6nnen. ArtikeldetailsUrsprungsland: SpanienF\xc3\xbcr die vorstehenden Angaben wird keine Haftung \xc3\xbcbernommen. Bitte pr\xc3\xbcfen Sie im Einzelfall die Angaben auf der jeweiligen Produktverpackung, nur diese sind verbindlich.Das Produktdesign kann von der Abbildung abweichen.'",Im Weiher 14,Rewe,Obst & Gemüse,2023-07-09,"Gültig ab morgen bis Samstag, 15.07.2023"
Eisbergsalat,https://img.rewe-static.de/REWE_CENTER_HZ28_2023/1366237/36750087-3_digital-image.png?impolicy=s-offers&imwidth=200&output-format=image/webp,,https://shop.rewe.de/productList?search=2832136,,"Kl. I , je St",Aktion,"0,75 €",nan,Im Weiher 14,Rewe,Obst & Gemüse,2023-07-09,"Gültig ab morgen bis Samstag, 15.07.2023"
Radieschen,https://img.rewe-static.de/REWE_CENTER_HZ28_2023/6909086/4732590-14_digital-image.png?impolicy=s-offers&imwidth=200&output-format=image/webp,,https://shop.rewe.de/productList?search=2832136,,"Kl. I , je Bund",Aktion,"0,49 €",nan,Im Weiher 14,Rewe,Obst & Gemüse,2023-07-09,"Gültig ab morgen bis Samstag, 15.07.2023"
Rote Stachelbeeren oder Rote Johannisbeeren,https://img.rewe-static.de/REWE_CENTER_HZ28_2023/8399383/8570030-27_digital-image.png?impolicy=s-offers&imwidth=200&output-format=image/webp,,https://shop.rewe.de/productList?search=2832136,,"Kl. I , je z.B. 500 g , (1 kg = 4.98)",Aktion,"2,49 €",nan,Im Weiher 14,Rewe,Obst & Gemüse,2023-07-09,"Gültig ab morgen bis Samstag, 15.07.2023"
Bio Zucchini,https://img.rewe-static.de/REWE_CENTER_HZ28_2023/8181276/29354659-9_digital-image.png?impolicy=s-offers&imwidth=200&output-format=image/webp,,https://shop.rewe.de/productList?search=2832136,,"Kl. II , je 500-g-Pckg , (1 kg = 2.58)",,"1,29 €",nan,Im Weiher 14,Rewe,Obst & Gemüse,2023-07-09,"Gültig ab morgen bis Samstag, 15.07.2023"
Gelb- oder weißfleischige Pfirsiche,https://img.rewe-static.de/REWE_CENTER_HZ28_2023/7126212/31363907-4_digital-image.png?impolicy=s-offers&imwidth=200&output-format=image/webp,,https://shop.rewe.de/productList?search=2832136,,"Kl. I , je 1-kg-Schale",Aktion,"1,69 €",nan,Im Weiher 14,Rewe,Obst & Gemüse,2023-07-09,"Gültig ab morgen bis Samstag, 15.07.2023"
Dunkle Pflaumen,https://img.rewe-static.de/REWE_CENTER_HZ28_2023/7673066/20190760-11_digital-image.png?impolicy=s-offers&imwidth=200&output-format=image/webp,,https://shop.rewe.de/productList?search=2832136,,"Kl. I , je 500-g-Schale , (1 kg = 3.38)",Aktion,"1,69 €",nan,Im Weiher 14,Rewe,Obst & Gemüse,2023-07-09,"Gültig ab morgen bis Samstag, 15.07.2023"
10% Rabatt auf alle REWE Beste Wahl Produkte,https://img.rewe-static.de/REWE_TH25_2023/8939024/39291866-9_digital-image.png?impolicy=s-offers&imwidth=200&output-format=image/webp,,https://shop.rewe.de/productList?search=2832136,,Beim Kauf von mindestens 2 Produkten,App Deal,-10%,nan,Im Weiher 14,Rewe,Mit der REWE App sparen,2023-07-09,"Gültig ab morgen bis Samstag, 15.07.2023"
Freixenet Produkten,https://img.rewe-static.de/REWE_CENTER_HZ28_2023/8467214/31461078-22_digital-image.png?impolicy=s-offers&imwidth=200&output-format=image/webp,20fach Punkte,https://shop.rewe.de/productList?search=2832136,im Gesamtwert von über 2 €,,,,nan,Im Weiher 14,Rewe,PAYBACK Punkte Highlights,2023-07-09,"Gültig ab morgen bis Samstag, 15.07.2023"
Batterien Energizer/Duracell,https://img.rewe-static.de/REWE_CENTER_HZ28_2023/7996783/40194438-6_digital-image.png?impolicy=s-offers&imwidth=200&output-format=image/webp,10fach Punkte,https://shop.rewe.de/productList?search=2832136,im Gesamtwert von über 2 €,,,,nan,Im Weiher 14,Rewe,PAYBACK Punkte Highlights,2023-07-09,"Gültig ab morgen bis Samstag, 15.07.2023"
Ültje Produkten,https://img.rewe-static.de/REWE_CENTER_HZ28_2023/7884382/33479751-4_digital-image.png?impolicy=s-offers&imwidth=200&output-format=image/webp,30fach Punkte,https://shop.rewe.de/productList?search=2832136,im Gesamtwert von über 2 €,,,,nan,Im Weiher 14,Rewe,PAYBACK Punkte Highlights,2023-07-09,"Gültig ab morgen bis Samstag, 15.07.2023"
Capri Sun Produkten,https://img.rewe-static.de/REWE_CENTER_HZ28_2023/0194646/26222775-19_digital-image.png?impolicy=s-offers&imwidth=200&output-format=image/webp,20fach Punkte,https://shop.rewe.de/productList?search=2832136,im Gesamtwert von über 2 €,,,,nan,Im Weiher 14,Rewe,PAYBACK Punkte Highlights,2023-07-09,"Gültig ab morgen bis Samstag, 15.07.2023"
Fackelbrot,https://img.rewe-static.de/REWE_CENTER_HZ28_2023/2149313/25038501-16_digital-image.png?impolicy=s-offers&imwidth=200&output-format=image/webp,,https://shop.rewe.de/productList?search=2832136,,"versch. Sorten , je 100 g",Knaller,"1,29 €","b'ProduktbeschreibungArtikelnummer 2149313Frisch f\xc3\xbcr dich aus unserer Servicetheke. \n \nZutaten: 60% Weizentortilla (69% Weizenmehl, Wasser, Raps\xc3\xb6l, Backmittel (Backtriebmittel: E500, E450; Emulgator: E471; Traubenzucker, Konservierungsstoff: E202, E282; S\xc3\xa4uerungsmittel: E296; Stabilisator: E466; Mehlbehandlungsmittel: E920; Feuchthaltemittel: E422), Leinsamen, jodiertes Speisesalz, Karamell), 27% Fr\xc3\xbchlingszwiebelf\xc3\xbcllung (Salatmayonnaise 50% Fett (Raps\xc3\xb6l, Wasser, modifizierte St\xc3\xa4rke, Eigelb, Verdickungsmittel: E401, E412; Senfsaaten, Zucker, Branntweinessig, Salz, Gew\xc3\xbcrze), 24% Fr\xc3\xbchlingszwiebel, Gew\xc3\xbcrze (Sellerie), Kr\xc3\xa4uter, Salz, Glucosesirup, Raps\xc3\xb6l, Knoblauch, S\xc3\xa4uerungsmittel: E330; Verdickungsmittel: E417, E412; Konservierungsstoffe: E211, E202; modifizierte St\xc3\xa4rke, St\xc3\xa4rke, Maltodextrin, Hefe, Milcheiwei\xc3\x9f), 13 % Cheddar-Mozzarella-K\xc3\xa4semix 45% Fett i.Tr. (Milch, Salz, St\xc3\xa4rke, Farbstoff: E160b). \n \nN\xc3\xa4hrwerte je 100g: \nEnergie: 1390kJ \nEnergie: 332kcal \nFett: 19g \nFett, davon ges\xc3\xa4ttigte Fetts\xc3\xa4uren: 4,7g \nKohlenhydrate: 31g \nKohlenhydrate, davon Zucker: 2,5g \nEiwei\xc3\x9f: 9g \nNatrium: 0,8g \nBallaststoffe: 2,2g \n \nHerkunftsland: \nWeizentortilla: D\xc3\xa4nemark \nFr\xc3\xbchlingszwiebelf\xc3\xbcllung: Deutschland \nCheddar-Mozzarella-K\xc3\xa4semix: Niederlande... mehr anzeigenZutaten & AllergeneZutaten: 60% WEIzenfladen (WEIZENMEHL, Wasser, Palm\xc3\xb6l, jodiertes SpEIsesalz (SpEIsesalz, Kaliumjodat), LEInsamen, Backtriebmittel E500, S\xc3\xa4ureregulator E330, E296, Verdickungsmittel E412, Feuchthaltemittel E422, Emulgator E471, Konservierungsstoffe E202, E282), 26% Fr\xc3\xbchlingszwiebelf\xc3\xbcllung (Salatmayonnaise 50% Fett (Raps\xc3\xb6l, Wasser, modifizierte St\xc3\xa4rke, EIgelb, Verdickungsmittel E401, E412, SENFsaat, Zucker, BranntwEInessig, Salz, Gew\xc3\xbcrze), 24% Fr\xc3\xbchlingszwiebel, Gew\xc3\xbcrze (SELLERIE), Kr\xc3\xa4uter, Salz, Glucosesirup, Raps\xc3\xb6l, Knoblauch, S\xc3\xa4uerungsmittel E330, Verdickungsmittel E417, E412, Konservierungsstoffe E211, E202, modifizierte St\xc3\xa4rke, St\xc3\xa4rke, Maltodextrin, Hefe, MILCHEIwEI\xc3\x9f), 13 % Cheddar-Mozzarella-K\xc3\xa4semix 45% Fett i.Tr. (MILCH, SpEIsesalz, St\xc3\xa4rke, Farbstoff E160b), Karamell, f\xc3\xa4rbend.  Sesam, Soja, Sulfit, Erdnuss, LupineArtikeldetailsMarke: BardF\xc3\xbcr die vorstehenden Angaben wird keine Haftung \xc3\xbcbernommen. Bitte pr\xc3\xbcfen Sie im Einzelfall die Angaben auf der jeweiligen Produktverpackung, nur diese sind verbindlich.Das Produktdesign kann von der Abbildung abweichen.'",Im Weiher 14,Rewe,Frische & Convenience,2023-07-09,"Gültig ab morgen bis Samstag, 15.07.2023"
Spare Ribs,https://img.rewe-static.de/REWE_CENTER_HZ28_2023/2290040/31070165-4_digital-image.png?impolicy=s-offers&imwidth=200&output-format=image/webp,,https://shop.rewe.de/productList?search=2832136,,"vom Schwein, in versch. Marinaden, SB-verpackt , je 1 kg",Knaller,"9,90 €",nan,Im Weiher 14,Rewe,Frische & Convenience,2023-07-09,"Gültig ab morgen bis Samstag, 15.07.2023"
Schweine-Filet,https://img.rewe-static.de/REWE_CENTER_HZ28_2023/2532018/34373114-10_digital-image.png?impolicy=s-offers&imwidth=200&output-format=image/webp,,https://shop.rewe.de/productList?search=2832136,,je 100 g,Knaller,"0,88 €","b'ProduktbeschreibungArtikelnummer 2532018Das beste St\xc3\xbcck vom Schwein, ideal auch f\xc3\xbcr Medaillons; SB-verpackt. Ursprung: Deutschland. Um einen Hinweis zur tats\xc3\xa4chlichen Herkunft zu erhalten, beachten Sie bitte die Angaben auf der Ihnen gelieferten Ware selbst; nur diese sind ma\xc3\x9fgeblich wie auch verbindlich. VOR DEM VERZEHR GUT DURCHGAREN. NICHT ZUM ROHVERZEHR GEEIGNET. Die Haltbarkeit des Produktes ist bis zum angegebenen Datum durch die Einhaltung der angegebenen Temperatur gesichert. Bei einer Unterbrechung der K\xc3\xbchlkette \xc3\xbcber +4 \xc2\xb0C, empfehlen wir Ihnen den Verzehr am Tag des Einkaufes. Nach \xc3\x96ffnen der Packung Ware noch am selben Tag verwenden.... mehr anzeigenZutaten & AllergeneZutaten: -  -N\xc3\xa4hrwerteDurchschnittliche N\xc3\xa4hrwertepro 100 gEnergie448 kJEnergie106 kcalFett2 gFett, davon ges\xc3\xa4ttigte Fetts\xc3\xa4uren0,7 gKohlenhydrate0 gKohlenhydrate, davon Zucker0 gBallaststoffe0 gEiwei\xc3\x9f22 gSalz0,19 gArtikeldetailsMarke: Wilhelm BrandenburgNachhaltigkeitWeitere Informationen zu den Siegeln findest du in unserer Siegelkunde.Maximale Bestellmenge: 15 St\xc3\xbcckF\xc3\xbcr die vorstehenden Angaben wird keine Haftung \xc3\xbcbernommen. Bitte pr\xc3\xbcfen Sie im Einzelfall die Angaben auf der jeweiligen Produktverpackung, nur diese sind verbindlich.Das Produktdesign kann von der Abbildung abweichen.'",Im Weiher 14,Rewe,Frische & Convenience,2023-07-09,"Gültig ab morgen bis Samstag, 15.07.2023"
Hackfleisch gemischt,https://img.rewe-static.de/REWE_CENTER_HZ28_2023/8818612/36852327-13_digital-image.png?impolicy=s-offers&imwidth=200&output-format=image/webp,,https://shop.rewe.de/productList?search=2832136,,"vom Rind und Schwein, XXL Family Pack , je 1000-g-Pckg",Knaller,"7,77 €",nan,Im Weiher 14,Rewe,Frische & Convenience,2023-07-09,"Gültig ab morgen bis Samstag, 15.07.2023"
Milram Burlander,https://img.rewe-static.de/REWE_CENTER_HZ28_2023/7898150/33768441-6_digital-image.png?impolicy=s-offers&imwidth=200&output-format=image/webp,,https://shop.rewe.de/productList?search=2832136,,"Schnittkäse, 45% Fett i.Tr. , je 100 g",Aktion,"0,99 €","b'ProduktbeschreibungArtikelnummer 7898150Frisch f\xc3\xbcr dich aus unserer Servicetheke. \n \n45% Fett i. Tr. \n \nZutaten: pasteurisierte MILCH, Speisesalz, S\xc3\xa4uerungskulturen, mikrobielles Lab, Farbstoff: Beta-Carotin, Konservierungsstoffe: Natamycin (zur Oberfl\xc3\xa4chenbehandlung). \n \nLaktosefrei* \n*Laktosegehalt: unter 0, 1g/100g \n \nRinde zum Verzehr geeignet! \n \nN\xc3\xa4hrwerte je 100g: \nEnergie: 1439kJ \nEnergie: 346kcal \nFett: 27g \nFett, davon ges\xc3\xa4ttigte Fetts\xc3\xa4uren: 18,6g \nKohlenhydrate: 0,1g \nKohlenhydrate, davon Zucker: 0,1g \nEiwei\xc3\x9f: 25g \nSalz: 1,3g... mehr anzeigenZutaten & AllergeneZutaten: pasteurisierte KUHMILCH, Speisesalz, S\xc3\xa4uerungskulturen, mikrobielles Lab, Farbstoff: Carotin, Konservierungsstoff: Natamycin (nur zur Oberfl\xc3\xa4chenbehandlung)Allergenhinweise: Enth\xc3\xa4lt: Milch und Milcherzeugnisse (einschlie\xc3\x9flich Lactose).N\xc3\xa4hrwerteDurchschnittliche N\xc3\xa4hrwerteUnzubereitet pro 100 gEnergie1.439 kJEnergie346 kcalFett27 gFett, davon ges\xc3\xa4ttigte Fetts\xc3\xa4uren18,6 gKohlenhydrate< 0,1 gKohlenhydrate, davon Zucker< 0,1 gEiwei\xc3\x9f25 gSalz1,3 gHinweiseAufbewahrungs- und Verwendungshinweis: Unge\xc3\xb6ffnet bei +4\xc2\xb0C bis +7\xc2\xb0C mindestens haltbar bis: Nach dem \xc3\x96ffnen k\xc3\xbchl lagern und innerhalb weniger Tage verbrauchen.ArtikeldetailsMarke: MilramUrsprungsland: DeutschlandKontaktKontaktname: DMK GmbHKontaktadresse: Industriestrasse 27, 27404 ZEVEN, GERMANYF\xc3\xbcr die vorstehenden Angaben wird keine Haftung \xc3\xbcbernommen. Bitte pr\xc3\xbcfen Sie im Einzelfall die Angaben auf der jeweiligen Produktverpackung, nur diese sind verbindlich.Das Produktdesign kann von der Abbildung abweichen.'",Im Weiher 14,Rewe,Frische & Convenience,2023-07-09,"Gültig ab morgen bis Samstag, 15.07.2023"
Rote Wurst,https://img.rewe-static.de/REWE_CENTER_HZ28_2023/7731883/23270769-10_digital-image.png?impolicy=s-offers&imwidth=200&output-format=image/webp,,https://shop.rewe.de/productList?search=2832136,,je 100 g,Aktion,"0,88 €","b'ProduktbeschreibungArtikelnummer 7731883Frisch f\xc3\xbcr dich aus unserer Servicetheke.\n\nZutaten: Schweinefleisch 80%, Wasser, Speck, jodiertes Speisesalz (Speisesalz, Kaliumjodat), Konservierungsstoff (Natriumnitrit), Gew\xc3\xbcrze, Stabilisatoren (Natriumcitrate, Diphosphate), Dextrose, Antioxidationsmittel (Ascorbins\xc3\xa4ure) , Gew\xc3\xbcrzextrakte, Maltodextrin, Schweinedarm, Rauch.\n\nKann Spuren von GLUTEN, MILCH und SENF enthalten.\n\nN\xc3\xa4hrwerte je 100g:\nEnergie: 1179kJ\nEnergie: 285kcal\nFett: 26g\nFett, davon ges\xc3\xa4ttigte Fetts\xc3\xa4uren: 12g\nKohlenhydrate: 0,5g\nKohlenhydrate, davon Zucker: 0,5g\nEiwei\xc3\x9f: 12g\nSalz: 2,2g... mehr anzeigenArtikeldetailsMarke: Wilhelm BrandenburgMaximale Bestellmenge: 15 St\xc3\xbcckF\xc3\xbcr die vorstehenden Angaben wird keine Haftung \xc3\xbcbernommen. Bitte pr\xc3\xbcfen Sie im Einzelfall die Angaben auf der jeweiligen Produktverpackung, nur diese sind verbindlich.Das Produktdesign kann von der Abbildung abweichen.Bei abgewogenen Waren zahlen Sie die im Markt tats\xc3\xa4chlich gewogene Menge. Der bei Abholung oder Lieferung zu zahlende Betrag kann deshalb von dem hier angegebenen Betrag abweichen. F\xc3\xbcr die Berechnung des hier angegebenen Betrags wird ein Durchschnittsgewicht des jeweiligen Artikels zu Grunde gelegt.'",Im Weiher 14,Rewe,Frische & Convenience,2023-07-09,"Gültig ab morgen bis Samstag, 15.07.2023"
Bresso Pikante Kräuter,https://img.rewe-static.de/REWE_CENTER_HZ28_2023/7693462/38657484-6_digital-image.png?impolicy=s-offers&imwidth=200&output-format=image/webp,,https://shop.rewe.de/productList?search=2832136,,"je 150-g-Becher , (1 kg = 9.27)",Aktion,"1,39 €",nan,Im Weiher 14,Rewe,Frische & Convenience,2023-07-09,"Gültig ab morgen bis Samstag, 15.07.2023"
Meggle Baguette,https://img.rewe-static.de/REWE_CENTER_HZ28_2023/0330377/2767470-60_digital-image.png?impolicy=s-offers&imwidth=200&output-format=image/webp,,https://shop.rewe.de/productList?search=2832136,,"versch. Sorten , je 160-g-Pckg , (1 kg = 6.19)",Aktion,"0,99 €","b'ProduktbeschreibungArtikelnummer 330377Zutaten & AllergeneZutaten: WEIZENMEHL, Wasser, KR\xc3\x84UTERBUTTER (BUTTERZUBEREITUNG) 20% (BUTTER, Zwiebeln, Kr\xc3\xa4uter, Petersilie, Knoblauch, Gew\xc3\xbcrze, Salz, St\xc3\xa4rke, Zitronensaftkonzentrat, Knoblauchextrakt), ROGGENMEHL, HARTWEIZENGRIE\xc3\x9f, WEIZENMALZMEHL, WEIZENGLUTEN, Salz, Hefe, nat\xc3\xbcrliches Aroma.Allergenhinweise: Enth\xc3\xa4lt: Glutenhaltiges Getreide und glutenhaltige Getreideerzeugnisse. Milch und Milcherzeugnisse (einschlie\xc3\x9flich Lactose).N\xc3\xa4hrwerteDurchschnittliche N\xc3\xa4hrwerteUnzubereitet pro 100 gEnergie1.266 kJEnergie302 kcalFett13 gFett, davon ges\xc3\xa4ttigte Fetts\xc3\xa4uren8,2 gKohlenhydrate38 gKohlenhydrate, davon Zucker2,6 gBallaststoffe2,5 gEiwei\xc3\x9f7 gSalz1,4 gHinweiseAufbewahrungs- und Verwendungshinweis: k\xc3\xbchl, sauber, trocken lagernInformation: Unter Schutzatmosph\xc3\xa4re verpackt.ArtikeldetailsMarke: MeggleUrsprungsland: DeutschlandSorte: Kr\xc3\xa4uterbutterKontaktKontaktname: Molkerei MEGGLE Wasserburg GmbH & Co. KGKontaktadresse: Megglestr. 6-1283512 WasserburgF\xc3\xbcr die vorstehenden Angaben wird keine Haftung \xc3\xbcbernommen. Bitte pr\xc3\xbcfen Sie im Einzelfall die Angaben auf der jeweiligen Produktverpackung, nur diese sind verbindlich.Das Produktdesign kann von der Abbildung abweichen.'",Im Weiher 14,Rewe,Frische & Convenience,2023-07-09,"Gültig ab morgen bis Samstag, 15.07.2023"
Etorki,https://img.rewe-static.de/REWE_CENTER_HZ28_2023/7327242/24091218-12_digital-image.png?impolicy=s-offers&imwidth=200&output-format=image/webp,,https://shop.rewe.de/productList?search=2832136,,"frz. Schnittkäse, aus Schafsmilch hergestellt, 54% Fett i.Tr. , je 100 g",Aktion,"1,89 €","b'ProduktbeschreibungArtikelnummer 7327242Frisch f\xc3\xbcr dich aus unserer Servicetheke. \n \nZutaten: pasteurisierte SCHAFSMILCH, Speisesalz, Konservierungsstoffe: Natamycin, LYSOZYM (aus EI), tierisches Lab. \n \nAllergene: Kuh-, Ziegen- und SCHAFSMILCH. \n \nLaktosefrei* \n*Laktosegehalt: unter 0, 1g/100g \n \nKunststoff\xc3\xbcberzug nicht zum Verzehr geeignet! Hergestellt in Maul\xc3\xa9on im Herzen des Baskenlandes, aus Schafsmilch, die in einem Umkreis von 80 km um die K\xc3\xa4serei gesammelt wird.  ETORKI\xc2\xae RESERVE symbolisiert die ganze Kraft und den Reichtum des Baskenlandes. Von unseren K\xc3\xa4semeistern gereift und ausgew\xc3\xa4hlt, ist sein Geschmack offen und schafartig. Seine Textur ist schmelzend und charakteristisch.Zutaten & AllergeneZutaten: pasteurisierte SCHAFSMILCH, Speisesalz, K\xc3\xa4sereikulturen, Lab, Konservierungsstoffe Natamycin (in der Rinde), Lysozym ( aus EIKLAR ). Hergestellt in einer K\xc3\xa4serei die Kuh- , Ziegen - und Schafsmilch verarbeitet.Allergenhinweise: Milch,EiklarEnth\xc3\xa4lt: Milch und Milcherzeugnisse (einschlie\xc3\x9flich Lactose). Eier und Eierzeugnisse.N\xc3\xa4hrwerteDurchschnittliche N\xc3\xa4hrwerteUnzubereitet pro 100 gEnergie1.629 kJEnergie393 kcalFett33 gFett, davon ges\xc3\xa4ttigte Fetts\xc3\xa4uren23 gKohlenhydrate< 0,5 gKohlenhydrate, davon Zucker< 0,5 gEiwei\xc3\x9f24 gSalz1,5 gCalcium710 mgHinweiseAufbewahrungs- und Verwendungshinweis: Bei +2\xc2\xb0C bis +8\xc2\xb0C mindestens haltbar bis: siehe VerpackungsaufdruckInformation: Kunststoff\xc3\xbcberzug nicht zum Verzehr geeignet., 54% Fett i.Tr.ArtikeldetailsMarke: EtorkiUrsprungsland: FrankreichKontaktKontaktname: Fromageries des ChaumesKontaktadresse: 155 avenue Rauski 64110 Juran\xc3\xa7on FranceMaximale Bestellmenge: 15 St\xc3\xbcckF\xc3\xbcr die vorstehenden Angaben wird keine Haftung \xc3\xbcbernommen. Bitte pr\xc3\xbcfen Sie im Einzelfall die Angaben auf der jeweiligen Produktverpackung, nur diese sind verbindlich.Das Produktdesign kann von der Abbildung abweichen.'",Im Weiher 14,Rewe,Frische & Convenience,2023-07-09,"Gültig ab morgen bis Samstag, 15.07.2023"
St. Mang Allgäuer Limburger,https://img.rewe-static.de/REWE_CENTER_HZ28_2023/4485173/942460-35_digital-image.png?impolicy=s-offers&imwidth=200&output-format=image/webp,,https://shop.rewe.de/productList?search=2832136,,"Weichkäse, 40% Fett i.Tr. , je 200-g-Pckg , (1 kg = 9.45)",Aktion,"1,89 €","b'ProduktbeschreibungArtikelnummer 4485173Der St.Mang Limburger ist ein \xe2\x80\x9eOriginal Allg\xc3\xa4uer\xe2\x80\x9c \xe2\x80\x93 so charaktervoll und\nausdrucksstark, wie das Allg\xc3\xa4u. Zur  Herstellung unserer K\xc3\xa4sespezialit\xc3\xa4ten verwenden wir nur\nbeste Allg\xc3\xa4uer Kuhmilch und die Original St.Mang Rotkulturen, welche unserem Limburger seine typische orangerote Rinde verleihen. Der Geschmack entwickelt sich je nach Reifestadium von\nmild-w\xc3\xbcrzig bis herzhaft-pikant.Zutaten & AllergeneZutaten: pasteurisierte MILCH, Salz, mikrobielles Lab, Milchs\xc3\xa4uerungskulturen, Reifungskulturen.Allergenhinweise: Enth\xc3\xa4lt: Milch und Milcherzeugnisse (einschlie\xc3\x9flich Lactose).N\xc3\xa4hrwerteDurchschnittliche N\xc3\xa4hrwerteUnzubereitet pro 100 gEnergie1.103 kJEnergie265 kcalFett19 gFett, davon ges\xc3\xa4ttigte Fetts\xc3\xa4uren12 gKohlenhydrate< 0,5 gKohlenhydrate, davon Zucker< 0,5 gEiwei\xc3\x9f23 gSalz2,3 gHinweiseAufbewahrungs- und Verwendungshinweis: Bei +2\xc2\xb0C - +8\xc2\xb0C mindestens haltbar bis: siehe Verpackungsaufdruck.ArtikeldetailsMarke: St. MangNettof\xc3\xbcllmenge: 200 GEigenschaften: VegetarischUrsprungsland: DeutschlandKontaktKontaktname: Mang K\xc3\xa4sewerkKontaktadresse: Untere Hauptstra\xc3\x9fe 287754 Kammlach/Allg\xc3\xa4uMaximale Bestellmenge: 15 St\xc3\xbcckF\xc3\xbcr die vorstehenden Angaben wird keine Haftung \xc3\xbcbernommen. Bitte pr\xc3\xbcfen Sie im Einzelfall die Angaben auf der jeweiligen Produktverpackung, nur diese sind verbindlich.Das Produktdesign kann von der Abbildung abweichen.'",Im Weiher 14,Rewe,Frische & Convenience,2023-07-09,"Gültig ab morgen bis Samstag, 15.07.2023"
Schulte Edelsalami,https://img.rewe-static.de/REWE_CENTER_HZ28_2023/8261047/25900106-4_digital-image.png?impolicy=s-offers&imwidth=200&output-format=image/webp,,https://shop.rewe.de/productList?search=2832136,,"mit Rind , je 100 g",Aktion,"1,99 €","b'ProduktbeschreibungArtikelnummer 8261047Frisch f\xc3\xbcr dich aus unserer Servicetheke. \n \nZutaten Schweinefleisch, Rindfleisch, jodiertes Speisesalz (Speisesalz, Kaliumjodat),Gew\xc3\xbcrze, Dextrose, Antioxidationsmittel: Natriumascorbat, Konservierungsstoff: Natriumnitrit, Reifekultur, Buchenholzrauch. \n \nKann Spuren von SENF, SELLERIE und MILCH enthalten. \n \n100g Salami werden aus 108g Schweinefleisch und 27g Rindfleisch hergestellt. \n \nN\xc3\xa4hrwerte je 100g: \nEnergie: 1387kJ \nEnergie: 334kcal \nFett: 26g \nFett, davon ges\xc3\xa4ttigte Fetts\xc3\xa4uren: 12,2g \nKohlenhydrate: 1g \nKohlenhydrate, davon Zucker: 1g \nEiwei\xc3\x9f: 24g \nSalz: 3,8g... mehr anzeigenArtikeldetailsMarke: SchulteMaximale Bestellmenge: 15 St\xc3\xbcckF\xc3\xbcr die vorstehenden Angaben wird keine Haftung \xc3\xbcbernommen. Bitte pr\xc3\xbcfen Sie im Einzelfall die Angaben auf der jeweiligen Produktverpackung, nur diese sind verbindlich.Das Produktdesign kann von der Abbildung abweichen.'",Im Weiher 14,Rewe,Frische & Convenience,2023-07-09,"Gültig ab morgen bis Samstag, 15.07.2023"
Meica Curry-King XXL,https://img.rewe-static.de/REWE_CENTER_HZ28_2023/0866749/5388540-56_digital-image.png?impolicy=s-offers&imwidth=200&output-format=image/webp,,https://shop.rewe.de/productList?search=2832136,,"je 400-g-Schale , (1 kg = 7.48)",Aktion,"2,99 €","b'ProduktbeschreibungArtikelnummer 866749Zutaten & AllergeneZutaten: 50 % Bockwurst [Schweinefleisch, Trinkwasser, Speck, Speisesalz, Gew\xc3\xbcrze, Gew\xc3\xbcrzextrakte (mit SELLERIE), Dextrose, Antioxidationsmittel: Ascorbins\xc3\xa4ure, Konservierungsstoff: Natriumnitrit, Rauch], Curry-Sauce [Trinkwasser, Tomatenmark, Zucker, Branntweinessig, Apfelmark, modifizierte St\xc3\xa4rke, Salz, Gew\xc3\xbcrze, Verdickungsmittel: Guarkernmehl, Johannisbrotkernmehl], Currypulver (im extra T\xc3\xbctchen). Kann Spuren von MILCHEIWEI\xc3\x9f, SENF enthaltenAllergenhinweise: Enth\xc3\xa4lt: Sellerie und Sellerieerzeugnisse. Kann enthalten: Milch und Milcherzeugnisse (einschlie\xc3\x9flich Lactose). Senf- und Senferzeugnisse.N\xc3\xa4hrwerteDurchschnittliche N\xc3\xa4hrwerteUnzubereitet pro 100 gEnergie875 kJEnergie210 kcalFett14 gFett, davon ges\xc3\xa4ttigte Fetts\xc3\xa4uren5,2 gKohlenhydrate13 gKohlenhydrate, davon Zucker13 gEiwei\xc3\x9f8 gSalz1,6 gHinweiseAufbewahrungs- und Verwendungshinweis: Temperaturbereich zwischen 5\xc2\xb0C und 7\xc2\xb0CArtikeldetailsMarke: MeicaUrsprungsland: DeutschlandPackungsgr\xc3\xb6\xc3\x9fe: 400gKontaktKontaktname: Meica GmbH & Co. KGKontaktadresse: Meicastra\xc3\x9fe 6, 26188 EdewechtF\xc3\xbcr die vorstehenden Angaben wird keine Haftung \xc3\xbcbernommen. Bitte pr\xc3\xbcfen Sie im Einzelfall die Angaben auf der jeweiligen Produktverpackung, nur diese sind verbindlich.Das Produktdesign kann von der Abbildung abweichen.'",Im Weiher 14,Rewe,Frische & Convenience,2023-07-09,"Gültig ab morgen bis Samstag, 15.07.2023"
Steinhaus Krustenbraten,https://img.rewe-static.de/REWE_CENTER_HZ28_2023/5309239/32884061-7_digital-image.png?impolicy=s-offers&imwidth=200&output-format=image/webp,,https://shop.rewe.de/productList?search=2832136,,"Haltungsform 2 , je 100 g",Aktion,"1,89 €","b'ProduktbeschreibungArtikelnummer 5309239Frisch f\xc3\xbcr dich aus unserer Servicetheke. \n \nZutaten: Schweinefleisch, jodiertes Nitritp\xc3\xb6kelsalz (Speisesalz, Kaliumjodat, Konservierungsstoff: Natriumnitrit), Stabilisator: Triphosphate, Antioxidationsmittel: Natriumascorbat, Gew\xc3\xbcrzextrakte (Lauch). \n \nKann Spuren von SENF, SELLERIE und SESAM enthalten. \n \nN\xc3\xa4hrwerte je 100g: \nEnergie: 683kJ \nEnergie: 164kcal \nFett: 10g \nFett, davon ges\xc3\xa4ttigte Fetts\xc3\xa4uren: 2,5g \nKohlenhydrate: 0,5g \nKohlenhydrate, davon Zucker: 0,3g \nEiwei\xc3\x9f: 18g \nSalz: 2,5g Zutaten & AllergeneAllergenhinweise: nullN\xc3\xa4hrwerteDurchschnittliche N\xc3\xa4hrwerteUnzubereitet pro 100 gEnergie683 kJEnergie164 kcalFett10 gFett, davon ges\xc3\xa4ttigte Fetts\xc3\xa4uren2,5 gKohlenhydrate0,5 gKohlenhydrate, davon Zucker0,3 gEiwei\xc3\x9f18 gSalz2,5 gArtikeldetailsMarke: SteinhausF\xc3\xbcr die vorstehenden Angaben wird keine Haftung \xc3\xbcbernommen. Bitte pr\xc3\xbcfen Sie im Einzelfall die Angaben auf der jeweiligen Produktverpackung, nur diese sind verbindlich.Das Produktdesign kann von der Abbildung abweichen.'",Im Weiher 14,Rewe,Frische & Convenience,2023-07-09,"Gültig ab morgen bis Samstag, 15.07.2023"
Chovi Allioli oder Allioli Vegan,https://img.rewe-static.de/REWE_CENTER_HZ28_2023/7195463/27958666-13_digital-image.png?impolicy=s-offers&imwidth=200&output-format=image/webp,,https://shop.rewe.de/productList?search=2832136,,"je 150-g-Becher , (1 kg = 11.93)",Aktion,"1,79 €","b'ProduktbeschreibungArtikelnummer 7195463Zutaten & AllergeneZutaten: 81% Pflanzen\xc3\xb6l*, 8% pasteurisierte EIER aus Freilandhaltung, 6% Knoblauch, Salz, Zitronensaftkonzentrat, Konservierungsstoff E 202, *Sonnennblumen\xc3\xb6l (gekennzeichnet mit AG) oder Raps\xc3\xb6l (gekennzeichnet mit AN), siehe K\xc3\xbcrzel neben der Charge.Allergenhinweise: Enth\xc3\xa4lt: Eier und Eierzeugnisse.N\xc3\xa4hrwerteDurchschnittliche N\xc3\xa4hrwerteUnzubereitet pro 100 gEnergie3.080 kJEnergie749 kcalFett82 gFett, davon ges\xc3\xa4ttigte Fetts\xc3\xa4uren10 gKohlenhydrate1,5 gKohlenhydrate, davon Zucker0 gBallaststoffe0,1 gEiwei\xc3\x9f1,2 gSalz1,3 gHinweiseAufbewahrungs- und Verwendungshinweis: Gek\xc3\xbchlt mindestens haltbar bis siehe VerpackungsaufdruckArtikeldetailsMarke: ChoviUrsprungsland: SpanienKontaktKontaktname: M\xc3\xbcller-Moers GmbH & Co. KGKontaktadresse: Genender Weg 647445 MoersF\xc3\xbcr die vorstehenden Angaben wird keine Haftung \xc3\xbcbernommen. Bitte pr\xc3\xbcfen Sie im Einzelfall die Angaben auf der jeweiligen Produktverpackung, nur diese sind verbindlich.Das Produktdesign kann von der Abbildung abweichen.'",Im Weiher 14,Rewe,Frische & Convenience,2023-07-09,"Gültig ab morgen bis Samstag, 15.07.2023"
Knack & Back Pizza-Kit,https://img.rewe-static.de/REWE_CENTER_HZ28_2023/2085801/32442590-11_digital-image.png?impolicy=s-offers&imwidth=200&output-format=image/webp,,https://shop.rewe.de/productList?search=2832136,,"je 600-g-Pckg , (1 kg = 3.32)",Aktion,"1,99 €","b'ProduktbeschreibungArtikelnummer 2085801Wie beim Italiener: Der leckere Pizzateig kommt zusammen mit der fruchtigen Tomaten-Kr\xc3\xa4uter-Sauce \xe2\x80\x93 perfekt f\xc3\xbcr Ihre Wunschpizza \xe2\x80\x9eal gusto!\xe2\x80\x9c\n\n- Frischteig f\xc3\xbcr Ihre Wunschpizza \n\n- Der leckere Pizzateig mit mediterraner Tomatensauce mit Kr\xc3\xa4utern bringen jede Menge s\xc3\xbcdl\xc3\xa4ndische Raffinesse nach Hause.\n\n- Der extra-luftige, extra-lockere Pizzateig reicht genau f\xc3\xbcr ein ganzes Backblech f\xc3\xbcr Deinen Lieblings-Moment.\n\n- Mit mediterranem Oliven\xc3\xb6l extra vergine. Zutaten & AllergeneZutaten: Teig (67%): WEIZENMEHL, Wasser, Dextrose, WEIZENGLUTEN, Zucker, Backtriebmittel (Diphosphate, Natriumcarbonate), natives Oliven\xc3\xb6l extra (1 %), Alkohol, Speisesalz, Magnesiumchlorid, Stabilisator (Xanthan), Mehlbehandlungsmittel (Ascorbins\xc3\xa4ure), Sonnenblumen\xc3\xb6l. Tomatensauce (33%): Wasser, Tomatenst\xc3\xbcckchen (25%), Tomatenp\xc3\xbcree (16,7%), modifizierte Maisst\xc3\xa4rke, Zucker, Speisesalz, Zwiebeln, Basilikum, Oregano, S\xc3\xa4ureregulator (Citronens\xc3\xa4ure). TEIG KANN EI, MILCH UND SOJA ENTHALTEN.Allergenhinweise: WEIZENMEHL, WEIZENGLUTENEnth\xc3\xa4lt: Weizen und Weizenerzeugnisse (glutenhaltiges Getreide). Kann enthalten: Eier und Eierzeugnisse. Milch und Milcherzeugnisse (einschlie\xc3\x9flich Lactose). Soja und Sojaerzeugnisse.N\xc3\xa4hrwerteDurchschnittliche N\xc3\xa4hrwerteUnzubereitet pro 100 gEnergie758 kJEnergie179 kcalFett1,6 gFett, davon ges\xc3\xa4ttigte Fetts\xc3\xa4uren0,5 gKohlenhydrate32,7 gKohlenhydrate, davon Zucker5,2 gBallaststoffe2 gEiwei\xc3\x9f6,5 gSalz1,39 gHinweiseAufbewahrungs- und Verwendungshinweis: Immer im K\xc3\xbchlschrank bei +2\xc2\xb0C bis +7\xc2\xb0C lagern. Zu verbrauchen bis: siehe Packungsseite.ArtikeldetailsMarke: Knack&BackEigenschaften: VegetarischUrsprungsland: Europ\xc3\xa4ische UnionKontaktKontaktname: General Mills GmbHKontaktadresse: Osterbekstr. 90c, 22083 HamburgF\xc3\xbcr die vorstehenden Angaben wird keine Haftung \xc3\xbcbernommen. Bitte pr\xc3\xbcfen Sie im Einzelfall die Angaben auf der jeweiligen Produktverpackung, nur diese sind verbindlich.Das Produktdesign kann von der Abbildung abweichen.'",Im Weiher 14,Rewe,Frische & Convenience,2023-07-09,"Gültig ab morgen bis Samstag, 15.07.2023"
Käserebellen König Ludwig Bierkäse,https://img.rewe-static.de/REWE_CENTER_HZ28_2023/1345155/20251695-8_digital-image.png?impolicy=s-offers&imwidth=200&output-format=image/webp,,https://shop.rewe.de/productList?search=2832136,,"Schnittkäse, mind. 50% Fett i.Tr. , je 100 g",Aktion,"1,99 €","b'ProduktbeschreibungArtikelnummer 1345155Frisch f\xc3\xbcr dich aus unserer Servicetheke. \n \nK\xc3\xb6nig Ludwig Bierk\xc3\xa4se 70 Tage gereift SCHNITTK\xc3\x84SE mindestens 50% Fett i. Tr. \n \nZutaten: pasteurisierte MILCH, Salz, K\xc3\x84SEREIKULTUREN, tierisches Lab, Dunkelbier (Wasser, GERSTENMALZ, Hopfenextrakt) \n \nLaktosefrei* \n*Laktosegehalt: unter 0,1g/100g \n \nKunststoff\xc3\xbcberzug nicht zum Verzehr geeignet! \n \nN\xc3\xa4hrwerte je 100g: \nEnergie: 1667kJ \nEnergie: 402kcal \nFett: 34g \nFett, davon ges\xc3\xa4ttigt: 22,40g \nKohlenhydrate: 0,10g \nKohlenhydrate, davon Zucker: 0,10g \nEiwei\xc3\x9f: 24g \nSalz: 1,50g... mehr anzeigenZutaten & AllergeneZutaten: pasteurisierte MILCH, Salz, K\xc3\x84SEREIKULTUREN, tierisches Lab, Dunkelbier (Wasser, GERSTENMALZ, Hopfenextrakt)Allergenhinweise: nullN\xc3\xa4hrwerteDurchschnittliche N\xc3\xa4hrwerteUnzubereitet pro 100 gEnergie1.667 kJEnergie402 kcalFett34 gFett, davon ges\xc3\xa4ttigte Fetts\xc3\xa4uren22,4 gKohlenhydrate0,1 gKohlenhydrate, davon Zucker0,1 gEiwei\xc3\x9f24 gSalz1,5 gArtikeldetailsMarke: K\xc3\xb6nig LudwigEigenschaften: LaktosefreiF\xc3\xbcr die vorstehenden Angaben wird keine Haftung \xc3\xbcbernommen. Bitte pr\xc3\xbcfen Sie im Einzelfall die Angaben auf der jeweiligen Produktverpackung, nur diese sind verbindlich.Das Produktdesign kann von der Abbildung abweichen.'",Im Weiher 14,Rewe,Frische & Convenience,2023-07-09,"Gültig ab morgen bis Samstag, 15.07.2023"
Gazi Schaf- oder Ziegenkäse,https://img.rewe-static.de/REWE_CENTER_HZ28_2023/7711509/37883476-6_digital-image.png?impolicy=s-offers&imwidth=200&output-format=image/webp,,https://shop.rewe.de/productList?search=2832136,,"50% Fett i.Tr. , je 150-g-Pckg , (1 kg = 14.60)",Aktion,"2,19 €","b'ProduktbeschreibungArtikelnummer 7711509Zutaten & AllergeneZutaten: pasteurisierte SCHAFMILCH, Speisesalz, mikrobielles Lab, Milchs\xc3\xa4urekulturenAllergenhinweise: Enth\xc3\xa4lt: Milch und Milcherzeugnisse (einschlie\xc3\x9flich Lactose).N\xc3\xa4hrwerteDurchschnittliche N\xc3\xa4hrwerteUnzubereitet pro 100 gEnergie1.140 kJEnergie275 kcalFett23 gFett, davon ges\xc3\xa4ttigte Fetts\xc3\xa4uren17 gKohlenhydrate1 gKohlenhydrate, davon Zucker0,1 gEiwei\xc3\x9f16 gSalz2,4 gHinweiseAufbewahrungs- und Verwendungshinweis: Unge\xc3\xb6ffnet bei +4\xc2\xb0C bis +8\xc2\xb0C mindestens haltbar bis: siehe AufdruckInformation: 50% Fett i.Tr.ArtikeldetailsMarke: GaziNettof\xc3\xbcllmenge: 150 GUrsprungsland: GriechenlandKontaktKontaktname: garmo AGKontaktadresse: Ulmer Stra\xc3\x9fe 181-191, 70188 StuttgartF\xc3\xbcr die vorstehenden Angaben wird keine Haftung \xc3\xbcbernommen. Bitte pr\xc3\xbcfen Sie im Einzelfall die Angaben auf der jeweiligen Produktverpackung, nur diese sind verbindlich.Das Produktdesign kann von der Abbildung abweichen.'",Im Weiher 14,Rewe,Frische & Convenience,2023-07-09,"Gültig ab morgen bis Samstag, 15.07.2023"
"Zwiebelmettwurst, Zwiebelmettwurst-kugel oder Puten-zwiebelmettwurst",https://img.rewe-static.de/REWE_CENTER_HZ28_2023/7225733/30597714-6_digital-image.png?impolicy=s-offers&imwidth=200&output-format=image/webp,,https://shop.rewe.de/productList?search=2832136,,je 100 g,Aktion,"1,49 €","b'ProduktbeschreibungArtikelnummer 7225733Frisch f\xc3\xbcr dich aus unserer Servicetheke. \n \nZutaten: 91 % Schweinefleisch, S\xc3\xa4ureregulator Kaliumlactrat, jodiertes Nitritp\xc3\xb6kelsalz (Speisesalz), Konservierungsstoff Natriumnitrit, S\xc3\xa4uerungsmittel: MILCHS\xc3\x84URE, Zwiebeln, Trockenglukosesirup, Verdickungsmittel: Guarkernmehl, Johannisbrotkernmehl, Xanthan, Gew\xc3\xbcrze (enth\xc3\xa4lt SELLERIE), Dextrose, Geschmacksverst\xc3\xa4rker: Mononatriumglutamat, Antioxidationsmittel: Natriumascorbat, Ascorbins\xc3\xa4ure. \n \nKann Spuren von SENF enthalten. \n \nN\xc3\xa4hrwerte je 100g: \nEnergie: 655kJ \nEnergie: 157kcal \nFett: 8,5g \nFett, davon ges\xc3\xa4ttigt: 4,5g \nKohlenhydrate: 1g \nKohlenhydrate, davon Zucker: 1g \nEiwei\xc3\x9f: 19g \nSalz: 2,5g... mehr anzeigenZutaten & AllergeneAllergenhinweise: nullN\xc3\xa4hrwerteDurchschnittliche N\xc3\xa4hrwerteUnzubereitet pro 100 gEnergie655 kJEnergie157 kcalFett8,5 gFett, davon ges\xc3\xa4ttigte Fetts\xc3\xa4uren4,5 gKohlenhydrate1 gKohlenhydrate, davon Zucker1 gEiwei\xc3\x9f19 gSalz2,5 gArtikeldetailsMarke: Wilhelm BrandenburgMaximale Bestellmenge: 15 St\xc3\xbcckF\xc3\xbcr die vorstehenden Angaben wird keine Haftung \xc3\xbcbernommen. Bitte pr\xc3\xbcfen Sie im Einzelfall die Angaben auf der jeweiligen Produktverpackung, nur diese sind verbindlich.Das Produktdesign kann von der Abbildung abweichen.Bei abgewogenen Waren zahlen Sie die im Markt tats\xc3\xa4chlich gewogene Menge. Der bei Abholung oder Lieferung zu zahlende Betrag kann deshalb von dem hier angegebenen Betrag abweichen. F\xc3\xbcr die Berechnung des hier angegebenen Betrags wird ein Durchschnittsgewicht des jeweiligen Artikels zu Grunde gelegt.'",Im Weiher 14,Rewe,Frische & Convenience,2023-07-09,"Gültig ab morgen bis Samstag, 15.07.2023"
Bio-Alpikoner Eichenrinde,https://img.rewe-static.de/REWE_CENTER_HZ28_2023/1417764/21017614-12_digital-image.png?impolicy=s-offers&imwidth=200&output-format=image/webp,,https://shop.rewe.de/productList?search=2832136,,"Schweizer Schnittkäse, 48% Fett i.Tr. , je 100 g",Aktion,"2,29 €",nan,Im Weiher 14,Rewe,Frische & Convenience,2023-07-09,"Gültig ab morgen bis Samstag, 15.07.2023"
Steinhaus Krakauer oder Krakauer mit Käse,https://img.rewe-static.de/REWE_CENTER_HZ28_2023/2714531/5327350-33_digital-image.png?impolicy=s-offers&imwidth=200&output-format=image/webp,,https://shop.rewe.de/productList?search=2832136,,"über Buchenholz geräuchert , je 500-g-Pckg , (1 kg = 9.98)",Aktion,"4,99 €","b'ProduktbeschreibungArtikelnummer 2714531Zutaten & AllergeneZutaten: Schweinefleisch 92%, Wasser, jodiertes Nitritp\xc3\xb6kelsalz (Speisesalz, Kaliumjodat, Konservierungsstoff: Natriumnitrit), Gew\xc3\xbcrze (enthalten SENF), TAFELSENF (Wasser, SENFsaaten Branntweinessig, Speisesalz, Gew\xc3\xbcrze, Zucker), Knoblauch, Dextrose, Gew\xc3\xbcrzextrakte (Pfeffer, Ingwer), Stabilisator: Diphosphate, Antioxidationsmittel: Ascorbins\xc3\xa4ure, Schweinedarm, Buchenholzrauch. Kann Spuren von GLUTEN, SOJA, SESAMSAMEN und MILCH (einschlie\xc3\x9flich LAKTOSE) enthalten.Allergenhinweise: Enth\xc3\xa4lt: Senf- und Senferzeugnisse. Kann enthalten: Weizen und Weizenerzeugnisse (glutenhaltiges Getreide). Milch und Milcherzeugnisse (einschlie\xc3\x9flich Lactose). Soja und Sojaerzeugnisse. Sesamsamen und Sesamsamenerzeugnisse.N\xc3\xa4hrwerteDurchschnittliche N\xc3\xa4hrwerteUnzubereitet pro 100 gEnergie1.189 kJEnergie287 kcalFett25 gFett, davon ges\xc3\xa4ttigte Fetts\xc3\xa4uren10 gKohlenhydrate1 gKohlenhydrate, davon Zucker0,5 gEiwei\xc3\x9f15 gSalz2,3 gHinweiseAufbewahrungs- und Verwendungshinweis: Bei < +7 \xc2\xb0C mindestens haltbar bis: tt.mm.jjjjArtikeldetailsMarke: SteinhausUrsprungsland: DeutschlandKontaktKontaktname: Steinhaus GmbHKontaktadresse: Tenter Weg 13, 42897 RemscheidF\xc3\xbcr die vorstehenden Angaben wird keine Haftung \xc3\xbcbernommen. Bitte pr\xc3\xbcfen Sie im Einzelfall die Angaben auf der jeweiligen Produktverpackung, nur diese sind verbindlich.Das Produktdesign kann von der Abbildung abweichen.'",Im Weiher 14,Rewe,Frische & Convenience,2023-07-09,"Gültig ab morgen bis Samstag, 15.07.2023"
Spinat-Käse-Bratwurst,https://img.rewe-static.de/REWE_CENTER_HZ28_2023/0074010/25041032-9_digital-image.png?impolicy=s-offers&imwidth=200&output-format=image/webp,,https://shop.rewe.de/productList?search=2832136,,"je 3 x 90-g-Pckg , (1 kg = 10.33)",Aktion,"2,79 €","b'ProduktbeschreibungArtikelnummer 74010Zutaten & AllergeneZutaten: Schweinefleisch 62%, Spinat 12%, K\xc3\x84SE 10%, Wasser, jodiertes Speisesalz, Gew\xc3\xbcrze, Maismehl, Glukosesirup, Emulgator Mono- und Diglyceride von Speisefetts\xc3\xa4uren, Stabilisatoren (Natriumcitrate, Diphosphate), Dextrose, Zitronen\xc3\xb6l, Gew\xc3\xbcrzextrakte, S\xc3\xa4uerungsmittel Citronens\xc3\xa4ure, Antioxidationsmittel Ascorbins\xc3\xa4ure, S\xc3\xa4ureregulator Natriumacetate, Schweinedarm. Zusatzstoffe: E 262, E 300, E 330, E 331, E 450, E 471N\xc3\xa4hrwerteDurchschnittliche N\xc3\xa4hrwertepro 100 gEnergie983 kJEnergie237 kcalFett18,4 gFett, davon ges\xc3\xa4ttigte Fetts\xc3\xa4uren8,3 gKohlenhydrate1,8 gKohlenhydrate, davon Zucker0,8 gBallaststoffe0,1 gEiwei\xc3\x9f15,9 gSalz1,77 gArtikeldetailsMarke: Wilhelm BrandenburgKontaktKontaktname: Metzgerei Robert M\xc3\xbcller Gro\xc3\x9fkunden GmbHKontaktadresse: Industriestr. 2;36103;Flieden;DEUF\xc3\xbcr die vorstehenden Angaben wird keine Haftung \xc3\xbcbernommen. Bitte pr\xc3\xbcfen Sie im Einzelfall die Angaben auf der jeweiligen Produktverpackung, nur diese sind verbindlich.Das Produktdesign kann von der Abbildung abweichen.'",Im Weiher 14,Rewe,Frische & Convenience,2023-07-09,"Gültig ab morgen bis Samstag, 15.07.2023"
Imperial Hähnchen-Salami,https://img.rewe-static.de/REWE_CENTER_HZ28_2023/1269111/30616979-4_digital-image.png?impolicy=s-offers&imwidth=200&output-format=image/webp,,https://shop.rewe.de/productList?search=2832136,,je 100 g,Aktion,"1,99 €","b'ProduktbeschreibungArtikelnummer 1269111Frisch f\xc3\xbcr dich aus unserer Servicetheke. \n \nZutaten: H\xc3\xa4hnchenfleisch, Pflanzenfett (Palm), Speisesalz, MILCHEIWEISS, Dextrose, Kr\xc3\xa4uter, Aroma, Antioxidationsmittel: Natriumascorbat, Farbstoff: Echtes Karmin, Konservierungsstoff: Natriumnitrit, Kaliumnitrat, Fermente, Rauch. Kann Spuren enthalten von: SELLERIE, SENF. \n \n100g Produkt werden hergestellt aus 105g H\xc3\xa4hnchenfleisch. feink\xc3\xb6rnige ger\xc3\xa4ucherte Salami mit Pflanzenfett, mindestens drei Wochen langsam gereift, mit ausgew\xc3\xa4hlten Gew\xc3\xbcrzen verfeinert, im bunt-bedruckten Darm, halbe St\xc3\xbcckeZutaten & AllergeneZutaten: H\xc3\xa4hnchenfleisch, ungeh\xc3\xa4rtetes Pflanzenfett (Palmfett) (12%), Speisesalz, H\xc3\xbchnerfleischwei\xc3\x9f, Dextrose, Zucker, Aroma, Antioxidationsmittel: Natriumascorbat; Farbstoff: Echtes Karmin; S\xc3\xa4ureregulator: Milchs\xc3\xa4ure; Konservierungsstoff: Natriumnitrit, Kaliumnitrat; Starterkulturen, Rauch. Kann Spuren enthalten von: MILCH, SENF, SELLERIE. 100g Produkt werden hergestellt aus 103g H\xc3\xa4hnchenfleisch.Allergenhinweise: Enth\xc3\xa4lt: Keine deklarationspflichtigen Allergene enthalten. Kann enthalten: Milch und Milcherzeugnisse (einschlie\xc3\x9flich Lactose). Sellerie und Sellerieerzeugnisse. Senf- und Senferzeugnisse.N\xc3\xa4hrwerteDurchschnittliche N\xc3\xa4hrwerteUnzubereitet pro 100 gEnergie1.100 kJEnergie265 kcalFett21 gFett, davon ges\xc3\xa4ttigte Fetts\xc3\xa4uren6,3 gKohlenhydrate0,5 gKohlenhydrate, davon Zucker0,5 gEiwei\xc3\x9f19 gSalz3,2 gHinweiseAufbewahrungs- und Verwendungshinweis: Unter +7\xc2\xb0C lagern, nach dem \xc3\x96ffnen innerhalb kurzer Zeit verzehren.Information: Antioxidationsmittel: E301 (Natriumascorbat); Farbstoff: E120 (Echtes Karmin); S\xc3\xa4ureregulator: E270 (Milchs\xc3\xa4ure); Konservierungsstoff: E250 (Natriumnitrit), E252 (Kaliumnitrat); Wursth\xc3\xbclle nicht essbar.ArtikeldetailsUrsprungsland: BelgienKontaktKontaktname: Imperial Meat Products N.V.Kontaktadresse: Grote Baan 200, 9920 LievegemF\xc3\xbcr die vorstehenden Angaben wird keine Haftung \xc3\xbcbernommen. Bitte pr\xc3\xbcfen Sie im Einzelfall die Angaben auf der jeweiligen Produktverpackung, nur diese sind verbindlich.Das Produktdesign kann von der Abbildung abweichen.'",Im Weiher 14,Rewe,Frische & Convenience,2023-07-09,"Gültig ab morgen bis Samstag, 15.07.2023"
Deutsche See Lachs-Filet,https://img.rewe-static.de/REWE_CENTER_HZ28_2023/8437260/30793152-8_digital-image.png?impolicy=s-offers&imwidth=200&output-format=image/webp,,https://shop.rewe.de/productList?search=2832136,,"mit Haut , je 250-g-Schale , (1 kg = 19.96)",Aktion,"4,99 €","b'ProduktbeschreibungArtikelnummer 8437260Zutaten & AllergeneZutaten: LACHSFILETAllergenhinweise: Enth\xc3\xa4lt: Fisch und Fischerzeugnisse.N\xc3\xa4hrwerteDurchschnittliche N\xc3\xa4hrwerteUnzubereitet pro 100 gEnergie924 kJEnergie222 kcalFett16 gFett, davon ges\xc3\xa4ttigte Fetts\xc3\xa4uren3,3 gKohlenhydrate0 gKohlenhydrate, davon Zucker0 gEiwei\xc3\x9f20,2 gSalz0,24 gHinweiseAufbewahrungs- und Verwendungshinweis: bei 0 - 2\xc2\xb0CInformation: Nur im durchgegarten Zustand verzehren!. Auf 70 \xc2\xb0C Kerntemperatur erhitzen und mind. 2 Min. halten. Unter Schutzatmosp\xc3\xa4re verpackt.ArtikeldetailsMarke: Deutsche SeeUrsprungsland: DeutschlandKontaktKontaktname: Deutsche See GmbHKontaktadresse: Maifischstrasse 3-9, 27572 BremerhavenF\xc3\xbcr die vorstehenden Angaben wird keine Haftung \xc3\xbcbernommen. Bitte pr\xc3\xbcfen Sie im Einzelfall die Angaben auf der jeweiligen Produktverpackung, nur diese sind verbindlich.Das Produktdesign kann von der Abbildung abweichen.'",Im Weiher 14,Rewe,Frische & Convenience,2023-07-09,"Gültig ab morgen bis Samstag, 15.07.2023"
Merl Zarte Heringsfilets,https://img.rewe-static.de/REWE_CENTER_HZ28_2023/6920730/7398540-35_digital-image.png?impolicy=s-offers&imwidth=200&output-format=image/webp,,https://shop.rewe.de/productList?search=2832136,,"in Sahnesauce, versch. Sorten , je 250-g-Becher , (1 kg = 9.16)",Aktion,"2,29 €","b'ProduktbeschreibungArtikelnummer 6920730Ohne KonservierungsstoffeZutaten & AllergeneZutaten: 40% enth\xc3\xa4utete HERINGSFILETS ,40% Sahnesauce ( Raps\xc3\xb6l,Trinkwasser, Zucker, SAURE SAHNE, 10% SCHLAGSAHNE,Branntweinessig, EIGELB, Speisesalz, SENFMEHL, Gew\xc3\xbcrze,Verdickungsmittel (Johannisbrotkernmehl,Guarkernmehl)), 7% \xc3\x84pfel,7% Zwiebeln, 6% Gurken.Hering (Clupea harengus),gefangen im Nordostatlantik (Nordsee undNorwegische See),FAO (27-16,27-03),Fangmethoden: Ringwaden ohne FADs und pelagische SchleppnetzeN\xc3\xa4hrwerteDurchschnittliche N\xc3\xa4hrwerteUnzubereitet pro 100 gEnergie1.033 kJEnergie249 kcalFett20,7 gFett, davon ges\xc3\xa4ttigte Fetts\xc3\xa4uren3,1 gKohlenhydrate7,2 gKohlenhydrate, davon Zucker7,1 gBallaststoffe0,3 gEiwei\xc3\x9f7,8 gSalz1,4 gHinweiseAufbewahrungs- und Verwendungshinweis: Bei +2\xc2\xb0C bis +7\xc2\xb0C mindestens haltbar bis: siehe AufdruckArtikeldetailsMarke: MerlNettof\xc3\xbcllmenge: 250 GUrsprungsland: DeutschlandSorte: In SahnesauceKontaktKontaktname: Edmund Merl GmbH & Co. KGKontaktadresse: 50321 Br\xc3\xbchl Wesselinger Str. 18-20Maximale Bestellmenge: 15 St\xc3\xbcckF\xc3\xbcr die vorstehenden Angaben wird keine Haftung \xc3\xbcbernommen. Bitte pr\xc3\xbcfen Sie im Einzelfall die Angaben auf der jeweiligen Produktverpackung, nur diese sind verbindlich.Das Produktdesign kann von der Abbildung abweichen.'",Im Weiher 14,Rewe,Frische & Convenience,2023-07-09,"Gültig ab morgen bis Samstag, 15.07.2023"
Bergamino Di Bufala,https://img.rewe-static.de/REWE_CENTER_HZ28_2023/8287537/29437626-10_digital-image.png?impolicy=s-offers&imwidth=200&output-format=image/webp,,https://shop.rewe.de/productList?search=2832136,,"ital. Weichkäse, aus Büffelmilch hergestellt, mind. 60% Fett i.Tr. , je 100 g",Aktion,"2,29 €","b'ProduktbeschreibungArtikelnummer 8287537Frisch f\xc3\xbcr dich aus unserer Servicetheke. Zutaten & AllergeneZutaten: B\xc3\x9cFFELMILCH, Salz, Labaustauschstoff, Penicillium.Allergenhinweise: Enth\xc3\xa4lt: Milch und Milcherzeugnisse (einschlie\xc3\x9flich Lactose).N\xc3\xa4hrwerteDurchschnittliche N\xc3\xa4hrwerteUnzubereitet pro 100 gEnergie1.254 kJEnergie303 kcalFett28 gFett, davon ges\xc3\xa4ttigte Fetts\xc3\xa4uren20,4 gKohlenhydrate0,2 gKohlenhydrate, davon Zucker0,2 gEiwei\xc3\x9f12,6 gSalz1,3 gHinweiseAufbewahrungs- und Verwendungshinweis: bei maximal +8\xc2\xb0C lagernArtikeldetailsUrsprungsland: ItalienKontaktKontaktname: Ruwisch & Zuck - Die K\xc3\xa4sespezialisten GmbH & Co. KGKontaktadresse: H\xc3\xa4genstra\xc3\x9fe 11, 30559 HannoverF\xc3\xbcr die vorstehenden Angaben wird keine Haftung \xc3\xbcbernommen. Bitte pr\xc3\xbcfen Sie im Einzelfall die Angaben auf der jeweiligen Produktverpackung, nur diese sind verbindlich.Das Produktdesign kann von der Abbildung abweichen.'",Im Weiher 14,Rewe,Frische & Convenience,2023-07-09,"Gültig ab morgen bis Samstag, 15.07.2023"
Virginia Pfefferschinken,https://img.rewe-static.de/REWE_CENTER_HZ28_2023/1428942/37769208-6_digital-image.png?impolicy=s-offers&imwidth=200&output-format=image/webp,,https://shop.rewe.de/productList?search=2832136,,"geräuchert und luftgetrocknet, besonders mild , je 100 g",Aktion,"2,79 €","b'ProduktbeschreibungArtikelnummer 1428942Frisch f\xc3\xbcr dich aus unserer Servicetheke. \n \nZutaten: Schweinefleisch, Speisesalz, Dextrose, Maltodextrin, Gew\xc3\xbcrze, Kr\xc3\xa4uter, Kr\xc3\xa4uterextrakte, S\xc3\xa4ureregulator: Natriumlactat, Geschmacksverst\xc3\xa4rker: Mononatriumglutamat, Antioxidationsmittel: Natriumascorbat, Konservierungsstoff: Natriumnitrit, Kaliumnitrat, Fermente, Raucharoma, Rauch. \n \nPfefferh\xc3\xbclle: Pfeffer, St\xc3\xa4rke, MILCHPULVER, Schweinegelatine, Konservierungsstoff: Kaliumsorbat. \n \n100g Produkt bereitet aus 135g Fleisch und 4g Pfeffer. Zutaten & AllergeneAllergenhinweise: nullN\xc3\xa4hrwerteDurchschnittliche N\xc3\xa4hrwerteUnzubereitet pro 100 gEnergie602 kJEnergie143 kcalFett3 gFett, davon ges\xc3\xa4ttigte Fetts\xc3\xa4uren1,1 gKohlenhydrate0,9 gKohlenhydrate, davon Zucker0,9 gEiwei\xc3\x9f28 gSalz4,4 gMaximale Bestellmenge: 15 St\xc3\xbcckF\xc3\xbcr die vorstehenden Angaben wird keine Haftung \xc3\xbcbernommen. Bitte pr\xc3\xbcfen Sie im Einzelfall die Angaben auf der jeweiligen Produktverpackung, nur diese sind verbindlich.Das Produktdesign kann von der Abbildung abweichen.'",Im Weiher 14,Rewe,Frische & Convenience,2023-07-09,"Gültig ab morgen bis Samstag, 15.07.2023"
REWE Beste Wahl Tagliatelle,https://img.rewe-static.de/REWE_CENTER_HZ28_2023/0118047/22923270-33_digital-image.png?impolicy=s-offers&imwidth=200&output-format=image/webp,,https://shop.rewe.de/productList?search=2832136,,"je 400-g-Btl , (1 kg = 3.73)",Aktion,"1,49 €","b'ProduktbeschreibungArtikelnummer 118047Hergestellt f\xc3\xbcr: REWE Markt GmbH, D-50603 K\xc3\xb6ln Zutaten & AllergeneZutaten: HARTWEIZENGRIESS, Wasser, VOLLEI* 13%, Raps\xc3\xb6l, Speisesalz.*aus FreilandhaltungAllergenhinweise: Eier und Eierzeugnisse , Glutenhaltiges Getreide (Weizen, Gerste, Roggen, Hafer, Dinkel, Kamut oder Hybridst\xc3\xa4mme)N\xc3\xa4hrwerteDurchschnittliche N\xc3\xa4hrwertepro 100 gEnergie759 kJEnergie180 kcalFett2,5 gFett, davon ges\xc3\xa4ttigte Fetts\xc3\xa4uren0,5 gKohlenhydrate31 gKohlenhydrate, davon Zucker0,5 gEiwei\xc3\x9f7 gSalz0,5 gHinweiseVerwendungshinweise: bei +2 \xc2\xb0C bis +7 \xc2\xb0C lagernArtikeldetailsMarke: REWE Beste WahlUrsprungsland: DeutschlandKontaktKontaktname: Landmanns GmbHKontaktadresse: 91183 Abenberg, DeutschlandMaximale Bestellmenge: 15 St\xc3\xbcckF\xc3\xbcr die vorstehenden Angaben wird keine Haftung \xc3\xbcbernommen. Bitte pr\xc3\xbcfen Sie im Einzelfall die Angaben auf der jeweiligen Produktverpackung, nur diese sind verbindlich.Das Produktdesign kann von der Abbildung abweichen.'",Im Weiher 14,Rewe,Frische & Convenience,2023-07-09,"Gültig ab morgen bis Samstag, 15.07.2023"
Dermaris Pizzabrötchen,https://img.rewe-static.de/REWE_CENTER_HZ28_2023/1439807/21344536-24_digital-image.png?impolicy=s-offers&imwidth=200&output-format=image/webp,,https://shop.rewe.de/productList?search=2832136,,"Natur , je 250-g-Pckg , (1 kg = 7.16)",Aktion,"1,79 €","b'ProduktbeschreibungArtikelnummer 1439807Zutaten & AllergeneZutaten: WEIZENMEHL, Trinkwasser, pflanzliche \xc3\x96le (Raps\xc3\xb6l, natives Oliven\xc3\xb6l extra), HARTWEIZENGRIESS, Zucker, Backhefe, Speisesalz.Kann Spuren von Milch und Milcherzeugnissen enthalten.Allergenhinweise: Enth\xc3\xa4lt: Weizen und Weizenerzeugnisse (glutenhaltiges Getreide). Kann enthalten: Milch und Milcherzeugnisse (einschlie\xc3\x9flich Lactose). Milchzucker (Laktose).N\xc3\xa4hrwerteDurchschnittliche N\xc3\xa4hrwerteUnzubereitet pro 100 gEnergie1.064 kJEnergie252 kcalFett4,6 gFett, davon ges\xc3\xa4ttigte Fetts\xc3\xa4uren0,5 gKohlenhydrate44 gKohlenhydrate, davon Zucker3,5 gEiwei\xc3\x9f7,5 gSalz1,53 gHinweiseAufbewahrungs- und Verwendungshinweis: Unge\xc3\xb6ffnet bei unter + 7\xc2\xb0 C mindestens haltbar bis s. MHD.ArtikeldetailsMarke: DermarisUrsprungsland: DeutschlandSorte: NaturKontaktKontaktname: Dermaris GmbHKontaktadresse: Schanzenweg 3D-59557 LippstadtF\xc3\xbcr die vorstehenden Angaben wird keine Haftung \xc3\xbcbernommen. Bitte pr\xc3\xbcfen Sie im Einzelfall die Angaben auf der jeweiligen Produktverpackung, nur diese sind verbindlich.Das Produktdesign kann von der Abbildung abweichen.'",Im Weiher 14,Rewe,Frische & Convenience,2023-07-09,"Gültig ab morgen bis Samstag, 15.07.2023"
REWE Beste Wahl Frische Pastasauce,https://img.rewe-static.de/REWE_CENTER_HZ28_2023/0941229/20216520-13_digital-image.png?impolicy=s-offers&imwidth=200&output-format=image/webp,,https://shop.rewe.de/productList?search=2832136,,"versch. Sorten , je 200-g-Btl , (1 kg = 7.45)",Aktion,"1,49 €","b'ProduktbeschreibungArtikelnummer 941229Hergestellt f\xc3\xbcr: REWE Markt GmbH, D-50603 K\xc3\xb6ln Zutaten & AllergeneZutaten: Tomaten 38%, Wasser, CR\xc3\x88ME FRA\xc3\x8eCHE 10%, SAHNE, Mozzarella 5% (MILCH, Speisesalz, S\xc3\xa4uerungskulturen, mikrobielles Lab), natives Oliven\xc3\xb6l, Zwiebeln, getrocknete Tomaten 4% (Tomaten, Speisesalz), Zucker, jodiertes Speisesalz (Speisesalz, Kaliumjodat), Gew\xc3\xbcrze, Kr\xc3\xa4uter.  Kann Spuren von Gluten, Soja, Sellerie und Sesamsamen enthalten.Allergenhinweise: Milch und Milcherzeugnisse (einschlie\xc3\x9flich Lactose)N\xc3\xa4hrwerteDurchschnittliche N\xc3\xa4hrwertepro 100 gEnergie484 kJEnergie117 kcalFett8,5 gFett, davon ges\xc3\xa4ttigte Fetts\xc3\xa4uren4 gKohlenhydrate6 gKohlenhydrate, davon Zucker4 gEiwei\xc3\x9f3 gSalz1 gHinweiseVerwendungshinweise: bei +2 \xc2\xb0C bis +7 \xc2\xb0C lagernArtikeldetailsMarke: REWE Beste WahlUrsprungsland: DeutschlandSorte: Tomate-MozzarellaKontaktKontaktname: Steinhaus GmbHKontaktadresse: Tenter Weg 13, 42897 Remscheid, DeutschlandF\xc3\xbcr die vorstehenden Angaben wird keine Haftung \xc3\xbcbernommen. Bitte pr\xc3\xbcfen Sie im Einzelfall die Angaben auf der jeweiligen Produktverpackung, nur diese sind verbindlich.Das Produktdesign kann von der Abbildung abweichen.'",Im Weiher 14,Rewe,Frische & Convenience,2023-07-09,"Gültig ab morgen bis Samstag, 15.07.2023"
Reinert Aspik-Aufschnitt,https://img.rewe-static.de/REWE_CENTER_HZ28_2023/8844402/39006025-7_digital-image.png?impolicy=s-offers&imwidth=200&output-format=image/webp,,https://shop.rewe.de/productList?search=2832136,,"versch. Sorten , je 100 g",Aktion,"1,19 €","b'ProduktbeschreibungArtikelnummer 8844402Frisch f\xc3\xbcr dich aus unserer Servicetheke.\n\nZutaten: 51% Schweinefleisch, Wasser, 5% Champignons, Branntweinessig, Zucker, Speisegelatine (Schwein), Speisesalz, S\xc3\xa4uerungsmittel: Citronens\xc3\xa4ure; Stabilisator: Diphosphate; Antioxidationsmittel: Natriumascorbat; Konservierungsstoff: Natriumnitrit. Wursth\xc3\xbclle nicht essbar Zutaten & AllergeneAllergenhinweise: nullN\xc3\xa4hrwerteDurchschnittliche N\xc3\xa4hrwerteUnzubereitet pro 100 gEnergie408 kJEnergie97 kcalFett2 gFett, davon ges\xc3\xa4ttigte Fetts\xc3\xa4uren0,8 gKohlenhydrate2,5 gKohlenhydrate, davon Zucker2 gEiwei\xc3\x9f17 gSalz2 gArtikeldetailsMarke: ReinertMaximale Bestellmenge: 15 St\xc3\xbcckF\xc3\xbcr die vorstehenden Angaben wird keine Haftung \xc3\xbcbernommen. Bitte pr\xc3\xbcfen Sie im Einzelfall die Angaben auf der jeweiligen Produktverpackung, nur diese sind verbindlich.Das Produktdesign kann von der Abbildung abweichen.'",Im Weiher 14,Rewe,Frische & Convenience,2023-07-09,"Gültig ab morgen bis Samstag, 15.07.2023"
Meisterklasse Schinkenzwiebel- mettwurst,https://img.rewe-static.de/REWE_CENTER_HZ28_2023/5926556/3903460-31_digital-image.png?impolicy=s-offers&imwidth=200&output-format=image/webp,,https://shop.rewe.de/productList?search=2832136,,"je 200-g-Pckg , (1 kg = 9.95)",Aktion,"1,99 €","b'ProduktbeschreibungArtikelnummer 5926556Zutaten & AllergeneZutaten: Schweinefleisch 94%, jodiertes Speisesalz (Speisesalz, Kaliumjodat), Konservierungsstoff (Natriumnitrit), S\xc3\xa4ureregulator (Kaliumlactat), S\xc3\xa4uerungsmittel (Milchs\xc3\xa4ure), Zwiebeln, Gew\xc3\xbcrze, Verdickungsmittel (Guarkernmehl), Antioxidationsmittel (Natriumascorbat, Ascorbins\xc3\xa4ure), f\xc3\xa4rbendes Lebensmittel Rote-Bete-Pulver, Gew\xc3\xbcrzextrakte, Dextrose, Reifekulturen.  Kann Spuren von Sellerie und Senf enthalten Zusatzstoffe: E250, E270, E300, E301, E326, E412N\xc3\xa4hrwerteDurchschnittliche N\xc3\xa4hrwertepro 100 gEnergie689 kJEnergie165 kcalFett10 gFett, davon ges\xc3\xa4ttigte Fetts\xc3\xa4uren4 gKohlenhydrate< 0,5 gKohlenhydrate, davon Zucker< 0,5 gBallaststoffe< 0,5 gEiwei\xc3\x9f18 gSalz2,6 gArtikeldetailsMarke: MeisterklasseKontaktKontaktname: OVO Vertriebs-GmbHKontaktadresse: Domstra\xc3\x9fe 2050668 K\xc3\xb6lnF\xc3\xbcr die vorstehenden Angaben wird keine Haftung \xc3\xbcbernommen. Bitte pr\xc3\xbcfen Sie im Einzelfall die Angaben auf der jeweiligen Produktverpackung, nur diese sind verbindlich.Das Produktdesign kann von der Abbildung abweichen.'",Im Weiher 14,Rewe,Frische & Convenience,2023-07-09,"Gültig ab morgen bis Samstag, 15.07.2023"
Palatum Partyschale,https://img.rewe-static.de/REWE_CENTER_HZ28_2023/1387047/24370859-16_digital-image.png?impolicy=s-offers&imwidth=200&output-format=image/webp,,https://shop.rewe.de/productList?search=2832136,,"versch. Sorten , je 270-g-Schale , (1 kg = 14.78)",Aktion,"3,99 €","b'ProduktbeschreibungArtikelnummer 1387047Zutaten & AllergeneZutaten: Oliven gr\xc3\xbcn ohne Stein , Gem\xc3\xbcsek\xc3\xbcrbisse, Champignon gegrillt, Sonnenblumen\xc3\xb6l, FRISCHK\xc3\x84SE (66 % Fett i.Tr., aus Kuhmilch), Kirschpaprika, Oliven\xc3\xb6l, Zucker, Peperoni, Salz, Ahornsirup, Kr\xc3\xa4uter, Gew\xc3\xbcrzmischung, Knoblauch, modifizierte St\xc3\xa4rke (Mais), Festigungsmittel: Calciumchlorid, Antioxidationsmittel: Ascorbins\xc3\xa4ure, S\xc3\xa4uerungsmittel: Milchs\xc3\xa4ure, Citronens\xc3\xa4ure und Essigs\xc3\xa4ure, Konservierungsstoff: Sorbins\xc3\xa4ure und Benzoes\xc3\xa4ure. Spuren von GLUTEN/WEIZEN und SELLERIE m\xc3\xb6glich.Allergenhinweise: Enth\xc3\xa4lt: Milch und Milcherzeugnisse (einschlie\xc3\x9flich Lactose). Kann enthalten: Weizen und Weizenerzeugnisse (glutenhaltiges Getreide). Sellerie und Sellerieerzeugnisse.N\xc3\xa4hrwerteDurchschnittliche N\xc3\xa4hrwerteUnzubereitet pro 100 gEnergie743 kJEnergie180 kcalFett15,6 gFett, davon ges\xc3\xa4ttigte Fetts\xc3\xa4uren3,7 gKohlenhydrate6,2 gKohlenhydrate, davon Zucker5,4 gBallaststoffe2 gEiwei\xc3\x9f2,6 gSalz1,89 gHinweiseAufbewahrungs- und Verwendungshinweis: Bei 4-7 \xc2\xb0C lagern. Nach dem \xc3\x96ffnen innerhalb von 3 Tagen verzehren.Information: Unter Schutzatmosph\xc3\xa4re verpackt.ArtikeldetailsNettof\xc3\xbcllmenge: 270 GEigenschaften: VegetarischUrsprungsland: DeutschlandKontaktKontaktname: Palatum Feinkost KGKontaktadresse: Carl-von-Linde-Str. 28, 85716 Unterschlei\xc3\x9fheim, DEMaximale Bestellmenge: 15 St\xc3\xbcckF\xc3\xbcr die vorstehenden Angaben wird keine Haftung \xc3\xbcbernommen. Bitte pr\xc3\xbcfen Sie im Einzelfall die Angaben auf der jeweiligen Produktverpackung, nur diese sind verbindlich.Das Produktdesign kann von der Abbildung abweichen.'",Im Weiher 14,Rewe,Frische & Convenience,2023-07-09,"Gültig ab morgen bis Samstag, 15.07.2023"
Old Amsterdam Tasty Grill,https://img.rewe-static.de/REWE_CENTER_HZ28_2023/7644610/39134492-10_digital-image.png?impolicy=s-offers&imwidth=200&output-format=image/webp,,https://shop.rewe.de/productList?search=2832136,,"je 140-g-Pckg , (1 kg = 19.93)",Aktion,"2,79 €","b'ProduktbeschreibungArtikelnummer 7644610Mit dem charaktervollen Geschmack von Old Amsterdam. Schnell und einfach auf dem Grill oder in der Pfanne zubereitet. Rezeptinspiration finden Sie auf: www.oldamsterdam.nl.Zutaten & AllergeneZutaten: 69,0% K\xc3\xa4se (MILCH (pasteurisiert), Salz, Starterkulturen (enth\xc3\xa4lt MILCH), mikrobieller Labaustauschstoff, Konservierungsstoff (E251),Farbstoff (Carotin)), Wasser, SAHNE, H\xc3\x9cHNEREI-EIWEISSPULVER, St\xc3\xa4rkeAllergenhinweise: Milch, sahne, h\xc3\xbchnerei-eiwei\xc3\x9fpulver,Enth\xc3\xa4lt: Milch und Milcherzeugnisse (einschlie\xc3\x9flich Lactose). Milchzucker (Laktose). Eier und Eierzeugnisse.N\xc3\xa4hrwerteDurchschnittliche N\xc3\xa4hrwerteUnzubereitet pro 100 gEnergie1.357 kJEnergie327 kcalFett25 gFett, davon ges\xc3\xa4ttigte Fetts\xc3\xa4uren18 gKohlenhydrate4,6 gKohlenhydrate, davon Zucker0,4 gEiwei\xc3\x9f21 gSalz1,4 gHinweiseAufbewahrungs- und Verwendungshinweis: Gek\xc3\xbchlt lagern bei max 7\xc2\xbaCInformation: Unter Schutzatmosph\xc3\xa4re verpacktArtikeldetailsMarke: Old AmsterdamUrsprungsland: DeutschlandKontaktKontaktname: Westland Kaasspecialiteiten B.V.Kontaktadresse: PO box 13, NL-1270AA Huizen, HollandF\xc3\xbcr die vorstehenden Angaben wird keine Haftung \xc3\xbcbernommen. Bitte pr\xc3\xbcfen Sie im Einzelfall die Angaben auf der jeweiligen Produktverpackung, nur diese sind verbindlich.Das Produktdesign kann von der Abbildung abweichen.'",Im Weiher 14,Rewe,Frische & Convenience,2023-07-09,"Gültig ab morgen bis Samstag, 15.07.2023"
Ananas,https://img.rewe-static.de/REWE_CENTER_HZ28_2023/7718364/38355056-8_digital-image.png?impolicy=s-offers&imwidth=200&output-format=image/webp,,https://shop.rewe.de/productList?search=2832136,,"ganz, geschält , je 400-g-Becher , (1 kg = 6.98)",Aktion,"2,79 €",nan,Im Weiher 14,Rewe,Frische & Convenience,2023-07-09,"Gültig ab morgen bis Samstag, 15.07.2023"
Mondarella Grill-Camembert,https://img.rewe-static.de/REWE_CENTER_HZ28_2023/7684624/39489687-7_digital-image.png?impolicy=s-offers&imwidth=200&output-format=image/webp,,https://shop.rewe.de/productList?search=2832136,,"versch. Sorten , je 95-g-Pckg , (1 kg = 20.95)",Aktion,"1,99 €","b'ProduktbeschreibungArtikelnummer 7684624Zutaten & AllergeneZutaten: Wasser, pflanzliches Fett (Sheabutter), 10 % Mandeln (gemahlen), native St\xc3\xa4rke, Salz, Verdickungsmittel (Carrageen), Dextrose, nat\xc3\xbcrliches Aroma, Inulin, S\xc3\xa4uerungsmittel (\xc3\x84pfels\xc3\xa4ure), vegane EdelschimmelkulturenAllergenhinweise: Enth\xc3\xa4lt: Mandeln und Mandelerzeugnisse.N\xc3\xa4hrwerteDurchschnittliche N\xc3\xa4hrwerteUnzubereitet pro 100 gEnergie1.001 kJEnergie242 kcalFett21 gFett, davon ges\xc3\xa4ttigte Fetts\xc3\xa4uren9 gKohlenhydrate8,1 gKohlenhydrate, davon Zucker0,9 gBallaststoffe3,1 gEiwei\xc3\x9f3,6 gSalz1,9 gHinweiseAufbewahrungs- und Verwendungshinweis: Unge\xc3\xb6ffnet bei max. +8\xc2\xb0C mindestens haltbar bis: tt.mm.jjjjArtikeldetailsEigenschaften: Laktosefrei, VeganUrsprungsland: DeutschlandKontaktKontaktname: Mondarella GmbHKontaktadresse: Oberwallstr. 6 10117 Berlin, DeutschlandF\xc3\xbcr die vorstehenden Angaben wird keine Haftung \xc3\xbcbernommen. Bitte pr\xc3\xbcfen Sie im Einzelfall die Angaben auf der jeweiligen Produktverpackung, nur diese sind verbindlich.Das Produktdesign kann von der Abbildung abweichen.'",Im Weiher 14,Rewe,Frische & Convenience,2023-07-09,"Gültig ab morgen bis Samstag, 15.07.2023"
Meister Filet-Räucherling,https://img.rewe-static.de/REWE_CENTER_HZ28_2023/8733656/35461800-10_digital-image.png?impolicy=s-offers&imwidth=200&output-format=image/webp,,https://shop.rewe.de/productList?search=2832136,,je 100 g,Aktion,"1,59 €","b'ProduktbeschreibungArtikelnummer 8733656Frisch f\xc3\xbcr dich aus unserer Servicetheke.\n\nZutaten: Schweinefleisch, jodiertes Speisesalz (Speisesalz, Kaliumjodat), W\xc3\xbcrze, Dextrose, Glucosesirup, Gew\xc3\xbcrzextrakte, Antioxidations- mittel (Natriumascorbat), Stabilisator (Diposphate), Konservierungsstoff (Natriumnitrit, Natriumacetate), Buchenholzrauch.\n\nN\xc3\xa4hrwerte je 100g:\nEnergie: 474kJ\nEnergie: 112kcal\nFett: 2g\nFett, davon ges\xc3\xa4ttigte Fetts\xc3\xa4uren: 0,8g\nKohlenhydrate: 0,5g\nKohlenhydrate, davon Zucker: 0,5g\nEiwei\xc3\x9f: 23g\nSalz: 2,5g F\xc3\xbcr die vorstehenden Angaben wird keine Haftung \xc3\xbcbernommen. Bitte pr\xc3\xbcfen Sie im Einzelfall die Angaben auf der jeweiligen Produktverpackung, nur diese sind verbindlich.Das Produktdesign kann von der Abbildung abweichen.'",Im Weiher 14,Rewe,Frische & Convenience,2023-07-09,"Gültig ab morgen bis Samstag, 15.07.2023"
Houdek Kabanos,https://img.rewe-static.de/REWE_CENTER_HZ28_2023/0147757/1513960-88_digital-image.png?impolicy=s-offers&imwidth=200&output-format=image/webp,,https://shop.rewe.de/productList?search=2832136,,"versch. Sorten , je 150-g-Pckg , (1 kg = 13.27)",Aktion,"1,99 €","b'ProduktbeschreibungArtikelnummer 147757Mit K\xc3\xa4se aus Heumilch verfeinert. Im Sommer bekommen die K\xc3\xbche f\xc3\xbcr die Heumilch Gr\xc3\xa4ser undKr\xc3\xa4uter auf der Weide, im Winter Heu.Zutaten & AllergeneZutaten: Schweinefleisch, HARTK\xc3\x84SE (aus Heumilch g.t.S.)* 45% Fett i.Tr., jodiertes Speisesalz (Speisesalz, Kaliumiodat), Gew\xc3\xbcrze, getrockneter Glucosesirup, Zucker, Dextrose, Antioxidationsmittel: Natriumascorbat, Ascorbins\xc3\xa4ure; Konservierungsstoff: Natriumnitrit, Naturdarm (Schwein),Buchenholzrauch. *mit Rohmilch hergestellt100g sind hergestellt aus 100g Schweinefleisch und 19g HARTK\xc3\x84SE. Kann Spuren von SENF und SELLERIE enthalten.Allergenhinweise: Enth\xc3\xa4lt: Milch und Milcherzeugnisse (einschlie\xc3\x9flich Lactose).N\xc3\xa4hrwerteDurchschnittliche N\xc3\xa4hrwerteUnzubereitet pro 100 gEnergie1.300 kJEnergie313 kcalFett24 gFett, davon ges\xc3\xa4ttigte Fetts\xc3\xa4uren11 gKohlenhydrate2 gKohlenhydrate, davon Zucker1,5 gBallaststoffe0,5 gEiwei\xc3\x9f22 gSalz2,5 gHinweiseAufbewahrungs- und Verwendungshinweis: Nach dem \xc3\x96ffnen auch gek\xc3\xbchlt nur begrenzt haltbar.Information: Unter Schutzatmosph\xc3\xa4re verpackt.ArtikeldetailsMarke: HoudekUrsprungsland: DeutschlandKontaktKontaktname: Rudolf und Robert Houdek GmbHKontaktadresse: 82319 StarnbergF\xc3\xbcr die vorstehenden Angaben wird keine Haftung \xc3\xbcbernommen. Bitte pr\xc3\xbcfen Sie im Einzelfall die Angaben auf der jeweiligen Produktverpackung, nur diese sind verbindlich.Das Produktdesign kann von der Abbildung abweichen.'",Im Weiher 14,Rewe,Frische & Convenience,2023-07-09,"Gültig ab morgen bis Samstag, 15.07.2023"
Palatum Mammut Oliven,https://img.rewe-static.de/REWE_CENTER_HZ28_2023/3356124/22260138-4_digital-image.png?impolicy=s-offers&imwidth=200&output-format=image/webp,,https://shop.rewe.de/productList?search=2832136,,"mit Paprika gefüllt , je 100 g",Aktion,"1,79 €","b'ProduktbeschreibungArtikelnummer 3356124Frisch f\xc3\xbcr dich aus unserer Servicetheke. gr\xc3\xbcne griechische Mammut Oliven, mit Paprika gef\xc3\xbcllt, in \xc3\x96l und frischenKr\xc3\xa4utern eingelegtZutaten & AllergeneZutaten: Gr\xc3\xbcne Oliven mit Naturpaprika (80%) (gr\xc3\xbcne Oliven, Paprika (15%), Salz, S\xc3\xa4uerungsmittel: Citronens\xc3\xa4ure und Milchs\xc3\xa4ure; Antioxidationsmittel: Ascorbins\xc3\xa4ure); Raps\xc3\xb6l, Knoblauch, Kr\xc3\xa4uter, Oliven\xc3\xb6l, Konservierungsstoff: Sorbins\xc3\xa4ure. Kann Spuren von MILCH/LACTOSE und MANDELN/N\xc3\x9cSSEN enthalten.Allergenhinweise: Enth\xc3\xa4lt: Keine deklarationspflichtigen Allergene enthalten. Kann enthalten: N\xc3\xbcsse und Nusserzeugnisse. Mandeln und Mandelerzeugnisse. Milch und Milcherzeugnisse (einschlie\xc3\x9flich Lactose).N\xc3\xa4hrwerteDurchschnittliche N\xc3\xa4hrwerteUnzubereitet pro 100 gEnergie1.208 kJEnergie294 kcalFett31 gFett, davon ges\xc3\xa4ttigte Fetts\xc3\xa4uren3,3 gKohlenhydrate1,3 gKohlenhydrate, davon Zucker0,1 gEiwei\xc3\x9f1,3 gSalz2,43 gHinweiseAufbewahrungs- und Verwendungshinweis: Unter +7\xc2\xb0C lagern, nach dem \xc3\x96ffnen innerhalb kurzer Zeit verzehren.Information: Verdickungsmittel: E401 (Natriumalginat), E412 (Guarkernmehl);Antioxidationsmittel: E300 (Ascorbins\xc3\xa4ure);S\xc3\xa4uerungsmittel: E330 (Citronens\xc3\xa4ure), E270 (Milchs\xc3\xa4ure); Konservierungsstoff: E202 (Kaliumsorbat);Festigungsmittel: E509 (Calciumchlorid); Unter Schutzatmosph\xc3\xa4re verpackt.ArtikeldetailsNettof\xc3\xbcllmenge: 0,8 KGUrsprungsland: DeutschlandAbtropfgewicht: 700 gKontaktKontaktname: Palatum Feinkost KGKontaktadresse: Carl-von-Linde-Str. 28, 85716 Unterschlei\xc3\x9fheimF\xc3\xbcr die vorstehenden Angaben wird keine Haftung \xc3\xbcbernommen. Bitte pr\xc3\xbcfen Sie im Einzelfall die Angaben auf der jeweiligen Produktverpackung, nur diese sind verbindlich.Das Produktdesign kann von der Abbildung abweichen.Bei abgewogenen Waren zahlen Sie die im Markt tats\xc3\xa4chlich gewogene Menge. Der bei Abholung oder Lieferung zu zahlende Betrag kann deshalb von dem hier angegebenen Betrag abweichen. F\xc3\xbcr die Berechnung des hier angegebenen Betrags wird ein Durchschnittsgewicht des jeweiligen Artikels zu Grunde gelegt.'",Im Weiher 14,Rewe,Frische & Convenience,2023-07-09,"Gültig ab morgen bis Samstag, 15.07.2023"
Garnelen,https://img.rewe-static.de/REWE_CENTER_HZ28_2023/9163107/22260227-5_digital-image.png?impolicy=s-offers&imwidth=200&output-format=image/webp,,https://shop.rewe.de/productList?search=2832136,,"mit Kopf und Schale, gegart, getaut , je 100 g",Aktion,"1,89 €","b'ProduktbeschreibungArtikelnummer 9163107Frisch f\xc3\xbcr dich aus unserer Servicetheke. Zutaten & AllergeneZutaten: 1) GARNELEN 99 %, Salz, Zucker, Konservierungsstoff: NATRIUMMETABISULFIT, S\xc3\xa4uerungsmittel: Citronens\xc3\xa4ure 2) GARNELEN 99 %, Salz, Konservierungsstoff: NATRIUMMETABISULFIT, S\xc3\xa4uerungsmittel: Citronens\xc3\xa4ureAllergenhinweise: Enth\xc3\xa4lt: Krebstiere und Krebstiererzeugnisse. Schwefeldioxid und Sulfite.N\xc3\xa4hrwerteDurchschnittliche N\xc3\xa4hrwerteUnzubereitet pro 100 gEnergie437 kJEnergie103 kcalFett1,8 gFett, davon ges\xc3\xa4ttigte Fetts\xc3\xa4uren0,4 gKohlenhydrate0 gKohlenhydrate, davon Zucker0 gEiwei\xc3\x9f21,8 gSalz1,8 gHinweiseAufbewahrungs- und Verwendungshinweis: Gek\xc3\xbchlt bei 0 - 2 \xc2\xb0CInformation: Unter Schutzatmosph\xc3\xa4re verpackt, geschwefeltArtikeldetailsUrsprungsland: DeutschlandKontaktKontaktname: Deutsche See GmbHKontaktadresse: Maifischstrasse 3-9, 27572 BremerhavenF\xc3\xbcr die vorstehenden Angaben wird keine Haftung \xc3\xbcbernommen. Bitte pr\xc3\xbcfen Sie im Einzelfall die Angaben auf der jeweiligen Produktverpackung, nur diese sind verbindlich.Das Produktdesign kann von der Abbildung abweichen.'",Im Weiher 14,Rewe,Frische & Convenience,2023-07-09,"Gültig ab morgen bis Samstag, 15.07.2023"
Rinder-Pfanne »Stroganoff«,https://img.rewe-static.de/REWE_CENTER_HZ28_2023/0505230/34645528-6_digital-image.png?impolicy=s-offers&imwidth=200&output-format=image/webp,,https://shop.rewe.de/productList?search=2832136,,"Rindergeschnetzeltes mit Zwiebeln und Gurken in Würzsauce, mit Sahne verfeinert , je 100 g",Aktion,"1,49 €",nan,Im Weiher 14,Rewe,Frische & Convenience,2023-07-09,"Gültig ab morgen bis Samstag, 15.07.2023"
Meica Bratmaxe,https://img.rewe-static.de/REWE_CENTER_HZ28_2023/8559132/32684863-3_digital-image.png?impolicy=s-offers&imwidth=200&output-format=image/webp,,https://shop.rewe.de/productList?search=2832136,,"für Grill & Pfanne, versch. Sorten , je 560-g-Pckg , (1 kg = 10.70)",Aktion,"5,99 €",nan,Im Weiher 14,Rewe,Frische & Convenience,2023-07-09,"Gültig ab morgen bis Samstag, 15.07.2023"
Teres Major,https://img.rewe-static.de/REWE_CENTER_HZ28_2023/8497452/30762701-8_digital-image.png?impolicy=s-offers&imwidth=200&output-format=image/webp,,https://shop.rewe.de/productList?search=2832136,,"aus Irland , je 100 g",Aktion,"1,99 €",nan,Im Weiher 14,Rewe,Frische & Convenience,2023-07-09,"Gültig ab morgen bis Samstag, 15.07.2023"
Rinder-Brust,https://img.rewe-static.de/REWE_CENTER_HZ28_2023/3473023/39614801-2_digital-image.png?impolicy=s-offers&imwidth=200&output-format=image/webp,,https://shop.rewe.de/productList?search=2832136,,"ohne Knochen , je 100 g",Aktion,"0,99 €","b'ProduktbeschreibungArtikelnummer 3473023Frisch f\xc3\xbcr dich aus unserer Servicetheke. F\xc3\xbcr die vorstehenden Angaben wird keine Haftung \xc3\xbcbernommen. Bitte pr\xc3\xbcfen Sie im Einzelfall die Angaben auf der jeweiligen Produktverpackung, nur diese sind verbindlich.Das Produktdesign kann von der Abbildung abweichen.'",Im Weiher 14,Rewe,Frische & Convenience,2023-07-09,"Gültig ab morgen bis Samstag, 15.07.2023"
Bonduelle Gartensalat,https://img.rewe-static.de/REWE_CENTER_HZ28_2023/2284666/27054891-28_digital-image.png?impolicy=s-offers&imwidth=200&output-format=image/webp,,https://shop.rewe.de/productList?search=2832136,,"je 150-g-Pckg , (1 kg = 11.93)",Aktion,"1,79 €","b'ProduktbeschreibungArtikelnummer 2284666Zutaten & AllergeneZutaten: Gr\xc3\xbcner Salanova-Kopfsalat, roter Salatnova-Kopfsalat, PetersilieN\xc3\xa4hrwerteDurchschnittliche N\xc3\xa4hrwerteUnzubereitet pro 100 gEnergie64 kJEnergie15 kcalFett0,2 gFett, davon ges\xc3\xa4ttigte Fetts\xc3\xa4uren0 gKohlenhydrate1,3 gKohlenhydrate, davon Zucker1 gBallaststoffe1,5 gEiwei\xc3\x9f1,3 gSalz0,02 gHinweiseAufbewahrungs- und Verwendungshinweis: K\xc3\xbchl lagern bei +2\xc2\xb0 bis +7\xc2\xb0C.Information: Unter Schutzatmosph\xc3\xa4re verpacktArtikeldetailsMarke: BonduelleUrsprungsland: DeutschlandKontaktKontaktname: Bonduelle Deutschland GmbHKontaktadresse: Am Heilbrunnen 136/13872766 ReutlingenMaximale Bestellmenge: 15 St\xc3\xbcckF\xc3\xbcr die vorstehenden Angaben wird keine Haftung \xc3\xbcbernommen. Bitte pr\xc3\xbcfen Sie im Einzelfall die Angaben auf der jeweiligen Produktverpackung, nur diese sind verbindlich.Das Produktdesign kann von der Abbildung abweichen.'",Im Weiher 14,Rewe,Frische & Convenience,2023-07-09,"Gültig ab morgen bis Samstag, 15.07.2023"
Kabeljau-Filet,https://img.rewe-static.de/REWE_CENTER_HZ28_2023/1946152/27766870-8_digital-image.png?impolicy=s-offers&imwidth=200&output-format=image/webp,,https://shop.rewe.de/productList?search=2832136,,"weißes, saftiges, fettarmes Fleisch , je 100 g",Aktion,"2,29 €","b'ProduktbeschreibungArtikelnummer 1946152Frisch f\xc3\xbcr dich aus unserer Servicetheke. Zutaten & AllergeneZutaten: KABELJAUFIELTAllergenhinweise: Enth\xc3\xa4lt: Fisch und Fischerzeugnisse.N\xc3\xa4hrwerteDurchschnittliche N\xc3\xa4hrwerteUnzubereitet pro 100 gEnergie332 kJEnergie79 kcalFett0,84 gFett, davon ges\xc3\xa4ttigte Fetts\xc3\xa4uren0,2 gKohlenhydrate0 gKohlenhydrate, davon Zucker0 gEiwei\xc3\x9f17,7 gSalz0,18 gHinweiseAufbewahrungs- und Verwendungshinweis: 0 bis +2\xc2\xb0C oder unter schmelzendem EisInformation: lat. Bezeichnung, FanggebietArtikeldetailsUrsprungsland: DeutschlandKontaktKontaktname: Sch\xc3\xbcttler & Seifert GmbHKontaktadresse: An der Packhalle XIII Abt. 9, 27572 BremerhavenF\xc3\xbcr die vorstehenden Angaben wird keine Haftung \xc3\xbcbernommen. Bitte pr\xc3\xbcfen Sie im Einzelfall die Angaben auf der jeweiligen Produktverpackung, nur diese sind verbindlich.Das Produktdesign kann von der Abbildung abweichen.'",Im Weiher 14,Rewe,Frische & Convenience,2023-07-09,"Gültig ab morgen bis Samstag, 15.07.2023"
Krone Räucher-Lachs,https://img.rewe-static.de/REWE_CENTER_HZ28_2023/3264868/26395435-15_digital-image.png?impolicy=s-offers&imwidth=200&output-format=image/webp,,https://shop.rewe.de/productList?search=2832136,,"je 150-g-Pckg , (1 kg = 29.93)",Aktion,"4,49 €","b'ProduktbeschreibungArtikelnummer 3264868Zutaten & AllergeneZutaten: LACHS, Speisesalz, S\xc3\xa4ureregulator: Natriumlactat, Edelholzrauch.Allergenhinweise: Enth\xc3\xa4lt:N\xc3\xa4hrwerteDurchschnittliche N\xc3\xa4hrwerteUnzubereitet pro 100 gEnergie750 kJEnergie180 kcalFett11 gFett, davon ges\xc3\xa4ttigte Fetts\xc3\xa4uren2 gFett, davon einfach unges\xc3\xa4ttigte Fetts\xc3\xa4uren5,3 gFett, davon mehrfach unges\xc3\xa4ttigte Fetts\xc3\xa4uren3,3 gKohlenhydrate< 0,5 gKohlenhydrate, davon Zucker< 0,5 gEiwei\xc3\x9f21 gSalz3,07 gHinweiseAufbewahrungs- und Verwendungshinweis: Bei max. +7\xc2\xb0C zu verbrauchen bis: siehe Aufdruck/Zusatzetikett.ArtikeldetailsMarke: KroneUrsprungsland: Europ\xc3\xa4ische UnionPackungsgr\xc3\xb6\xc3\x9fe: 150gKontaktKontaktname: KRONE GMBHKontaktadresse: D-61449 Steinbach (Taunus)F\xc3\xbcr die vorstehenden Angaben wird keine Haftung \xc3\xbcbernommen. Bitte pr\xc3\xbcfen Sie im Einzelfall die Angaben auf der jeweiligen Produktverpackung, nur diese sind verbindlich.Das Produktdesign kann von der Abbildung abweichen.'",Im Weiher 14,Rewe,Frische & Convenience,2023-07-09,"Gültig ab morgen bis Samstag, 15.07.2023"
Werz Käseknacker,https://img.rewe-static.de/REWE_CENTER_HZ28_2023/0560657/23781380-9_digital-image.png?impolicy=s-offers&imwidth=200&output-format=image/webp,,https://shop.rewe.de/productList?search=2832136,,je 100 g,Aktion,"1,29 €","b'ProduktbeschreibungArtikelnummer 50677N\xc3\xa4hrwerteDurchschnittliche N\xc3\xa4hrwerteUnzubereitet pro 1 lKalium1,5 mgChlorid5,2 mgCalcium16,2 mgMagnesium3,1 mgMangan< 0,05 mgBikarbonat8 mgNatrium6,8 mgNitrate< 1 mgSulfat 4+55 mgHinweiseAufbewahrungs- und Verwendungshinweis: Bitte k\xc3\xbchl, trocken und lichtgesch\xc3\xbctzt lagern.Information: aus der Bad Liebenwerda Mineralquelle, Bad Liebenwerda, Analysenauszug vom15.11.17 des SGS INSTITUT FRESENIUS, best\xc3\xa4tigt durch laufende KontrollenArtikeldetailsMarke: Bad LiebenwerdaNettof\xc3\xbcllmenge: 0,5 LKontaktKontaktname: Mineralquellen Bad Liebenwerda GmbHKontaktadresse: 04924 Bad LiebenwerdaF\xc3\xbcr die vorstehenden Angaben wird keine Haftung \xc3\xbcbernommen. Bitte pr\xc3\xbcfen Sie im Einzelfall die Angaben auf der jeweiligen Produktverpackung, nur diese sind verbindlich.Das Produktdesign kann von der Abbildung abweichen.'",Im Weiher 14,Rewe,Frische & Convenience,2023-07-09,"Gültig ab morgen bis Samstag, 15.07.2023"
Butcher’s Burger Patties,https://img.rewe-static.de/REWE_CENTER_HZ28_2023/7938024/33031415-14_digital-image.png?impolicy=s-offers&imwidth=200&output-format=image/webp,,https://shop.rewe.de/productList?search=2832136,,"vom Rind, versch. Sorten , je 230-g-Pckg , (1 kg = 15.17)",Aktion,"3,49 €","ProduktbeschreibungArtikelnummer 7938024Zutaten & AllergeneZutaten: Rindfleisch 98 %, Speisesalz, Gewürze, Gewürzextrakte, Antioxidationsmittel Ascorbinsäure.  Kann Spuren von Senf und Sellerie enthalten.NährwerteDurchschnittliche Nährwertepro 100 gEnergie1.038 kJEnergie250 kcalFett20 gFett, davon gesättigte Fettsäuren8 gKohlenhydrate0,5 gKohlenhydrate, davon Zucker0,5 gBallaststoffe0 gEiweiß17 gSalz1,5 gArtikeldetailsMarke: Butcher's BurgerFür die vorstehenden Angaben wird keine Haftung übernommen. Bitte prüfen Sie im Einzelfall die Angaben auf der jeweiligen Produktverpackung, nur diese sind verbindlich.Das Produktdesign kann von der Abbildung abweichen.",Im Weiher 14,Rewe,Frische & Convenience,2023-07-09,"Gültig ab morgen bis Samstag, 15.07.2023"
Forelle,https://img.rewe-static.de/REWE_CENTER_HZ28_2023/9208593/22260257-3_digital-image.png?impolicy=s-offers&imwidth=200&output-format=image/webp,,https://shop.rewe.de/productList?search=2832136,,"rotfleischig, ideal zum Braten und Garen in Folie , je 100 g",Aktion,"1,49 €","b'ProduktbeschreibungArtikelnummer 9208593Frisch f\xc3\xbcr dich aus unserer Servicetheke. F\xc3\xbcr die vorstehenden Angaben wird keine Haftung \xc3\xbcbernommen. Bitte pr\xc3\xbcfen Sie im Einzelfall die Angaben auf der jeweiligen Produktverpackung, nur diese sind verbindlich.Das Produktdesign kann von der Abbildung abweichen.'",Im Weiher 14,Rewe,Frische & Convenience,2023-07-09,"Gültig ab morgen bis Samstag, 15.07.2023"
REWE Beste Wahl Lasagne Bolognese,https://img.rewe-static.de/REWE_CENTER_HZ28_2023/2316984/23559547-28_digital-image.png?impolicy=s-offers&imwidth=200&output-format=image/webp,,https://shop.rewe.de/productList?search=2832136,,"je 400-g-Pckg , (1 kg = 5.73)",Aktion,"2,29 €","b'ProduktbeschreibungArtikelnummer 2316984Zutaten & AllergeneZutaten: Wasser, Rindfleisch gegart 14%, HARTWEIZENGRIESS, Tomatenkonzentrat 7%, Tomaten 6%, Emmentaler 6%, modifizierte St\xc3\xa4rke, Zwiebeln, Raps\xc3\xb6l, St\xc3\xa4rke, MILCHPULVER, WEIZENMEHL, Speisesalz, Gew\xc3\xbcrze, Gew\xc3\xbcrzextrakte, Dextrose, Zucker, Branntweinessigpulver, Kr\xc3\xa4uter, Olivenextrakt.  Kann Spuren von Ei, Soja und Sellerie enthalten.N\xc3\xa4hrwerteDurchschnittliche N\xc3\xa4hrwertepro 100 gEnergie549 kJEnergie131 kcalFett5,7 gFett, davon ges\xc3\xa4ttigte Fetts\xc3\xa4uren2,6 gKohlenhydrate13,4 gKohlenhydrate, davon Zucker2,5 gEiwei\xc3\x9f6 gSalz0,89 gHinweiseVerwendungshinweise: bei +2 \xc2\xb0C bis +7 \xc2\xb0C lagernArtikeldetailsMarke: REWE Beste WahlUrsprungsland: \xc3\x96sterreichKontaktKontaktname: Condeli GmbHKontaktadresse: Gewerbepark 1, 4193 Reichenthal, \xc3\x96sterreichMaximale Bestellmenge: 15 St\xc3\xbcckF\xc3\xbcr die vorstehenden Angaben wird keine Haftung \xc3\xbcbernommen. Bitte pr\xc3\xbcfen Sie im Einzelfall die Angaben auf der jeweiligen Produktverpackung, nur diese sind verbindlich.Das Produktdesign kann von der Abbildung abweichen.'",Im Weiher 14,Rewe,Frische & Convenience,2023-07-09,"Gültig ab morgen bis Samstag, 15.07.2023"
Flat Iron Steak,https://img.rewe-static.de/REWE_CENTER_HZ28_2023/8501979/39615037-2_digital-image.png?impolicy=s-offers&imwidth=200&output-format=image/webp,,https://shop.rewe.de/productList?search=2832136,,"aus Irland , je 100 g",Aktion,"1,89 €","b'ProduktbeschreibungArtikelnummer 8501979Frisch f\xc3\xbcr dich aus unserer Servicetheke. F\xc3\xbcr die vorstehenden Angaben wird keine Haftung \xc3\xbcbernommen. Bitte pr\xc3\xbcfen Sie im Einzelfall die Angaben auf der jeweiligen Produktverpackung, nur diese sind verbindlich.Das Produktdesign kann von der Abbildung abweichen.'",Im Weiher 14,Rewe,Frische & Convenience,2023-07-09,"Gültig ab morgen bis Samstag, 15.07.2023"
Flanksteak,https://img.rewe-static.de/REWE_CENTER_HZ28_2023/8050572/26091639-8_digital-image.png?impolicy=s-offers&imwidth=200&output-format=image/webp,,https://shop.rewe.de/productList?search=2832136,,"aus Irland , je 100 g",Aktion,"1,49 €",nan,Im Weiher 14,Rewe,Frische & Convenience,2023-07-09,"Gültig ab morgen bis Samstag, 15.07.2023"
Greenforce Vegane Fleischalternative,https://img.rewe-static.de/REWE_CENTER_HZ28_2023/8678106/34780508-16_digital-image.png?impolicy=s-offers&imwidth=200&output-format=image/webp,,https://shop.rewe.de/productList?search=2832136,,"versch. Sorten , je 180-g-Pckg , (1 kg = 14.94)",Aktion,"2,69 €","b'ProduktbeschreibungArtikelnummer 8678106Zutaten & AllergeneZutaten: Trinkwasser, 13% texturiertes Erbsenprotein (Erbsenprotein, Erbsenextrakt), Paprika, Raps\xc3\xb6l, Gew\xc3\xbcrze, Sonnenblumenkerne teilent\xc3\xb6lt, Zwiebeln, Kokosfett(ganz geh\xc3\xa4rtet), Verdickungsmittel: Methylcellulose, Cellulose; 3% Erbsenmehl, 2% Erbseneiwei\xc3\x9f, Speisesalz, Kartoffelst\xc3\xa4rke, Aromen, Rauch, S\xc3\xa4ureregulatoren: Kaliumlactat, Natriumacetate; Maltodextrin.Allergenhinweise: Kann enthalten: Soja und Sojaerzeugnisse. Glutenhaltiges Getreide und glutenhaltige Getreideerzeugnisse. Senf- und Senferzeugnisse.N\xc3\xa4hrwerteDurchschnittliche N\xc3\xa4hrwerteUnzubereitet pro 100 gEnergie972 kJEnergie234 kcalFett16 gFett, davon ges\xc3\xa4ttigte Fetts\xc3\xa4uren4 gKohlenhydrate6,5 gKohlenhydrate, davon Zucker1,5 gBallaststoffe6 gEiwei\xc3\x9f13 gSalz2,2 gHinweiseAufbewahrungs- und Verwendungshinweis: im K\xc3\xbchlschrank bei max. 7\xc2\xb0 GradArtikeldetailsMarke: GREENFORCEEigenschaften: VeganKontaktKontaktname: Greenforce Future Food AGKontaktadresse: Tal 12, D-80331 M\xc3\xbcnchenF\xc3\xbcr die vorstehenden Angaben wird keine Haftung \xc3\xbcbernommen. Bitte pr\xc3\xbcfen Sie im Einzelfall die Angaben auf der jeweiligen Produktverpackung, nur diese sind verbindlich.Das Produktdesign kann von der Abbildung abweichen.'",Im Weiher 14,Rewe,Frische & Convenience,2023-07-09,"Gültig ab morgen bis Samstag, 15.07.2023"
Lamm-Keule,https://img.rewe-static.de/REWE_CENTER_HZ28_2023/0499226/3251580-11_digital-image.png?impolicy=s-offers&imwidth=200&output-format=image/webp,,https://shop.rewe.de/productList?search=2832136,,"mit Röhrenknochen, SB-verpackt , je 1 kg",Aktion,"11,99 €",nan,Im Weiher 14,Rewe,Frische & Convenience,2023-07-09,"Gültig ab morgen bis Samstag, 15.07.2023"
Yayla Sucuk,https://img.rewe-static.de/REWE_CENTER_HZ28_2023/0811795/20910223-21_digital-image.png?impolicy=s-offers&imwidth=200&output-format=image/webp,,https://shop.rewe.de/productList?search=2832136,,"Knoblauchwurst , je 250-g-Pckg , (1 kg = 11.96)",Aktion,"2,99 €","b'ProduktbeschreibungArtikelnummer 811795Knoblauchwurst. Zutaten & AllergeneZutaten: 115g Fleisch (Rind), Sojaeiwei\xc3\x9f, Gew\xc3\xbcrze, Zuckerstoffe, Nitrip\xc3\xb6kelsalz E 250, Antioxidationsmittel E300, Geschmacksverst\xc3\xa4rker E621, Farbstoff E162.bezogen auf 100g Fertigerzeugnis.N\xc3\xa4hrwerteDurchschnittliche N\xc3\xa4hrwerteUnzubereitet pro 100 gEnergie1.049,2 kJEnergie250,6 kcalFett15,2 gFett, davon ges\xc3\xa4ttigte Fetts\xc3\xa4uren6,3 gKohlenhydrate4,4 gKohlenhydrate, davon Zucker0,1 gEiwei\xc3\x9f23,9 gSalz0,55 gArtikeldetailsMarke: YaylaUrsprungsland: NiederlandeKontaktKontaktname: Yayla T\xc3\xbcrk GmbHKontaktadresse: Emil-Sch\xc3\xa4fer-Str. 18 47800 KrefeldF\xc3\xbcr die vorstehenden Angaben wird keine Haftung \xc3\xbcbernommen. Bitte pr\xc3\xbcfen Sie im Einzelfall die Angaben auf der jeweiligen Produktverpackung, nur diese sind verbindlich.Das Produktdesign kann von der Abbildung abweichen.'",Im Weiher 14,Rewe,Frische & Convenience,2023-07-09,"Gültig ab morgen bis Samstag, 15.07.2023"
Schweine-Nacken,https://img.rewe-static.de/REWE_CENTER_HZ28_2023/3468321/29796119-6_digital-image.png?impolicy=s-offers&imwidth=200&output-format=image/webp,,https://shop.rewe.de/productList?search=2832136,,"ohne Knochen, am Stück oder in Scheiben, Haltungsform 2 , je 100 g",Aktion,"0,69 €","b'ProduktbeschreibungArtikelnummer 3468321Frisch f\xc3\xbcr dich aus unserer Servicetheke. NachhaltigkeitWeitere Informationen zu den Siegeln findest du in unserer Siegelkunde.F\xc3\xbcr die vorstehenden Angaben wird keine Haftung \xc3\xbcbernommen. Bitte pr\xc3\xbcfen Sie im Einzelfall die Angaben auf der jeweiligen Produktverpackung, nur diese sind verbindlich.Das Produktdesign kann von der Abbildung abweichen.'",Im Weiher 14,Rewe,Frische & Convenience,2023-07-09,"Gültig ab morgen bis Samstag, 15.07.2023"
Schweine-Geschnetzeltes,https://img.rewe-static.de/REWE_CENTER_HZ28_2023/8348783/37347909-6_digital-image.png?impolicy=s-offers&imwidth=200&output-format=image/webp,,https://shop.rewe.de/productList?search=2832136,,"natur oder gewürzt , je 100 g",Aktion,"1,59 €",nan,Im Weiher 14,Rewe,Frische & Convenience,2023-07-09,"Gültig ab morgen bis Samstag, 15.07.2023"
Spanferkel-Cevapcici,https://img.rewe-static.de/REWE_CENTER_HZ28_2023/8405213/31022150-11_digital-image.png?impolicy=s-offers&imwidth=200&output-format=image/webp,,https://shop.rewe.de/productList?search=2832136,,"je 300-g-Pckg , (1 kg = 9.97)",Aktion,"2,99 €","b'ProduktbeschreibungArtikelnummer 8405213Zutaten & AllergeneZutaten: Spanferkelfleisch (98%), jodiertes Speisesalz (Kochsalz, Kaliumjodat), Speisesalz, Zwiebel, Gew\xc3\xbcrze, W\xc3\xbcrze, Glukosesirup, Knoblauch, Gew\xc3\xbcrzextrakte, Stabilisator: E 262, E331; Dextrose, St\xc3\xa4rke.Allergenhinweise: Enth\xc3\xa4lt: Keine deklarationspflichtigen Allergene enthalten.N\xc3\xa4hrwerteDurchschnittliche N\xc3\xa4hrwerteUnzubereitet pro 100 gEnergie929 kJEnergie223 kcalFett13,3 gFett, davon ges\xc3\xa4ttigte Fetts\xc3\xa4uren5,1 gKohlenhydrate6,2 gKohlenhydrate, davon Zucker1,8 gEiwei\xc3\x9f19,5 gSalz2,5 gHinweiseAufbewahrungs- und Verwendungshinweis: unge\xc3\xb6ffnet und gek\xc3\xbchlt bei +2\xc2\xb0C bis +4\xc2\xb0C zu verbrauchen bis: siehe VerpackungsaufdruckArtikeldetailsMarke: BeckUrsprungsland: Europ\xc3\xa4ische UnionNachhaltigkeitWeitere Informationen zu den Siegeln findest du in unserer Siegelkunde.KontaktKontaktname: Beck GmbH & Co. KGKontaktadresse: Flurweg 21, 74635 Neu-KupferF\xc3\xbcr die vorstehenden Angaben wird keine Haftung \xc3\xbcbernommen. Bitte pr\xc3\xbcfen Sie im Einzelfall die Angaben auf der jeweiligen Produktverpackung, nur diese sind verbindlich.Das Produktdesign kann von der Abbildung abweichen.'",Im Weiher 14,Rewe,Frische & Convenience,2023-07-09,"Gültig ab morgen bis Samstag, 15.07.2023"
Fjordforellen-Filet,https://img.rewe-static.de/REWE_CENTER_HZ28_2023/1281163/22259674-10_digital-image.png?impolicy=s-offers&imwidth=200&output-format=image/webp,,https://shop.rewe.de/productList?search=2832136,,"aus Norwegens Fjorden, mit Haut, festes tiefrotes Fleisch, mild im Geschmack , je 100 g",Aktion,"2,79 €","b'ProduktbeschreibungArtikelnummer 1281163Frisch f\xc3\xbcr dich aus unserer Servicetheke. Zutaten & AllergeneZutaten: LACHSFORELLENFILETAllergenhinweise: Enth\xc3\xa4lt: Fisch und Fischerzeugnisse.HinweiseAufbewahrungs- und Verwendungshinweis: Bei 0-2\xc2\xb0C lagernArtikeldetailsUrsprungsland: DeutschlandKontaktKontaktname: Deutsche See GmbHKontaktadresse: Maifischstrasse 3-9, 27572 BremerhavenF\xc3\xbcr die vorstehenden Angaben wird keine Haftung \xc3\xbcbernommen. Bitte pr\xc3\xbcfen Sie im Einzelfall die Angaben auf der jeweiligen Produktverpackung, nur diese sind verbindlich.Das Produktdesign kann von der Abbildung abweichen.'",Im Weiher 14,Rewe,Frische & Convenience,2023-07-09,"Gültig ab morgen bis Samstag, 15.07.2023"
Stielkotelett,https://img.rewe-static.de/REWE_CENTER_HZ28_2023/3666352/39614637-2_digital-image.png?impolicy=s-offers&imwidth=200&output-format=image/webp,,https://shop.rewe.de/productList?search=2832136,,je 100 g,Aktion,"1,19 €",nan,Im Weiher 14,Rewe,Frische & Convenience,2023-07-09,"Gültig ab morgen bis Samstag, 15.07.2023"
Aoste Ringsalami,https://img.rewe-static.de/REWE_CENTER_HZ28_2023/2152240/2456630-90_digital-image.png?impolicy=s-offers&imwidth=200&output-format=image/webp,,https://shop.rewe.de/productList?search=2832136,,"luftgetrocknet , je 250-g-Pckg , (1 kg = 17.96)",Aktion,"4,49 €","b'ProduktbeschreibungArtikelnummer 2152240Zutaten & AllergeneZutaten: Schweinefleisch, Salz, LAKTOSE, Dextrose, Zucker, Gew\xc3\xbcrze, Konservierungsstoffe: Kaliumnitrat, Natriumnitrit; Starterkulturen. Salami-H\xc3\xbclle nicht essbar. Bitte vor Verzehr entfernen. Kann Spuren von Schalenfr\xc3\xbcchten und Milcheiwei\xc3\x9fen enthalten. 100 g Salami werden aus 160 g Schweinefleisch hergestellt.Allergenhinweise: Enth\xc3\xa4lt LAKTOSE.Enth\xc3\xa4lt: Milchzucker (Laktose). Kann enthalten: N\xc3\xbcsse und Nusserzeugnisse. Milch und Milcherzeugnisse (einschlie\xc3\x9flich Lactose).N\xc3\xa4hrwerteDurchschnittliche N\xc3\xa4hrwerteUnzubereitet pro 100 gEnergie1.845 kJEnergie445 kcalFett37 gFett, davon ges\xc3\xa4ttigte Fetts\xc3\xa4uren15 gKohlenhydrate2 gKohlenhydrate, davon Zucker1,5 gEiwei\xc3\x9f26 gSalz5 gHinweiseAufbewahrungs- und Verwendungshinweis: Vor Hitze sch\xc3\xbctzen und trocken lagern. Nach dem \xc3\x96ffnen innerhalb kurzer Zeit verzehren.Information: Unter Schutzatmosph\xc3\xa4re verpackt.Salami-H\xc3\xbclle nicht essbar. Bitte vor Verzehr entfernen.Identit\xc3\xa4tskennzeichen: FR 69.238.001 CEArtikeldetailsMarke: AosteUrsprungsland: FrankreichPackungsgr\xc3\xb6\xc3\x9fe: 250gKontaktKontaktname: Aoste SNCKontaktadresse: Hameau de Saint Didier - RD 592 - 38490 Aoste - FranceMaximale Bestellmenge: 15 St\xc3\xbcckF\xc3\xbcr die vorstehenden Angaben wird keine Haftung \xc3\xbcbernommen. Bitte pr\xc3\xbcfen Sie im Einzelfall die Angaben auf der jeweiligen Produktverpackung, nur diese sind verbindlich.Das Produktdesign kann von der Abbildung abweichen.'",Im Weiher 14,Rewe,Frische & Convenience,2023-07-09,"Gültig ab morgen bis Samstag, 15.07.2023"
Rostbratwurst,https://img.rewe-static.de/REWE_CENTER_HZ28_2023/8940242/39624544-8_digital-image.png?impolicy=s-offers&imwidth=200&output-format=image/webp,,https://shop.rewe.de/productList?search=2832136,,"je 300-g-Pckg , (1 kg = 11.30)",Aktion,"3,39 €",nan,Im Weiher 14,Rewe,Frische & Convenience,2023-07-09,"Gültig ab morgen bis Samstag, 15.07.2023"
Kalbs-Tafelspitz,https://img.rewe-static.de/REWE_CENTER_HZ28_2023/0922048/38900259-2_digital-image.png?impolicy=s-offers&imwidth=200&output-format=image/webp,,https://shop.rewe.de/productList?search=2832136,,je 100 g,Aktion,"1,29 €",nan,Im Weiher 14,Rewe,Frische & Convenience,2023-07-09,"Gültig ab morgen bis Samstag, 15.07.2023"
Südtiroler Pfefferkäse,https://img.rewe-static.de/REWE_CENTER_HZ28_2023/2119259/39751558-8_digital-image.png?impolicy=s-offers&imwidth=200&output-format=image/webp,,https://shop.rewe.de/productList?search=2832136,,"ital. Schnittkäse, mind. 45% Fett i.Tr. , je 100 g",Aktion,"2,19 €","b'ProduktbeschreibungArtikelnummer 2119259Frisch f\xc3\xbcr dich aus unserer Servicetheke.\n\nItalienischer SCHNITTK\xc3\x84SE mindestens 45% Fett i. Tr. \nZutaten: pasteurisierte MILCH, 1,3% Pfeffer, MILCHS\xc3\x84UREBAKTERIEN, Salz, mikrobielles Lab, auf der Rinde: Pfeffer, MILCHPROTEIN, Konservierungsstoff: Kaliumsorbat.\n\nvon Natur aus laktosefrei* *Laktosegehalt: unter 0,1g/100g\n\nRinde zum Verzehr geeignet!\n\nN\xc3\xa4hrwerte je 100g:\nEnergie: 1437kJ\nEnergie: 346kcal\nFett: 28g\nFett, davon ges\xc3\xa4ttigte Fetts\xc3\xa4uren: 10g\nKohlenhydrate: 0,6g\nKohlenhydrate, davon Zucker: 0,6g\nEiwei\xc3\x9f: 23g\nSalz: 1,6g... mehr anzeigenArtikeldetailsMarke: MilaMaximale Bestellmenge: 15 St\xc3\xbcckF\xc3\xbcr die vorstehenden Angaben wird keine Haftung \xc3\xbcbernommen. Bitte pr\xc3\xbcfen Sie im Einzelfall die Angaben auf der jeweiligen Produktverpackung, nur diese sind verbindlich.Das Produktdesign kann von der Abbildung abweichen.'",Im Weiher 14,Rewe,Frische & Convenience,2023-07-09,"Gültig ab morgen bis Samstag, 15.07.2023"
Citterio Prosciutto di Parma,https://img.rewe-static.de/REWE_CENTER_HZ28_2023/3017150/2598150-34_digital-image.png?impolicy=s-offers&imwidth=200&output-format=image/webp,,https://shop.rewe.de/productList?search=2832136,,"je 70-g-Pckg , (1 kg = 38.43)",Aktion,"2,69 €","b'ProduktbeschreibungArtikelnummer 3017150luftgetrockneter Schinken, mild-w\xc3\xbcrzig, mit Interleaver, im lackierten DisplaykartonZutaten & AllergeneZutaten: Schweinekeule, Kochsalz.Allergenhinweise: Enth\xc3\xa4lt: Keine deklarationspflichtigen Allergene enthalten.N\xc3\xa4hrwerteDurchschnittliche N\xc3\xa4hrwerteUnzubereitet pro 100 gEnergie1.014 kJEnergie243 kcalFett15 gFett, davon ges\xc3\xa4ttigte Fetts\xc3\xa4uren5,3 gKohlenhydrate0,5 gKohlenhydrate, davon Zucker0,5 gEiwei\xc3\x9f27 gSalz4,6 gHinweiseAufbewahrungs- und Verwendungshinweis: Unter +7\xc2\xb0C lagern und nach dem \xc3\x96ffnen innerhalb von 2-3 Tagen verbrauchen.Information: keine deklarationspflichtigen Zusatzstoffe vorhanden, unter Schutzatmosph\xc3\xa4re verpacktArtikeldetailsMarke: CitterioUrsprungsland: ItalienKontaktKontaktname: Giuseppe Citterio Salumificio S.P.A.Kontaktadresse: Corso Europa 206, 20017 RhoF\xc3\xbcr die vorstehenden Angaben wird keine Haftung \xc3\xbcbernommen. Bitte pr\xc3\xbcfen Sie im Einzelfall die Angaben auf der jeweiligen Produktverpackung, nur diese sind verbindlich.Das Produktdesign kann von der Abbildung abweichen.'",Im Weiher 14,Rewe,Frische & Convenience,2023-07-09,"Gültig ab morgen bis Samstag, 15.07.2023"
Rougette Grill- und Ofentaler,https://img.rewe-static.de/REWE_CENTER_HZ28_2023/8920655/38882164-4_digital-image.png?impolicy=s-offers&imwidth=200&output-format=image/webp,,https://shop.rewe.de/productList?search=2832136,,"versch. Sorten , je 140-g-Pckg , (1 kg = 15.86)",Aktion,"2,22 €","b'ProduktbeschreibungArtikelnummer 8920655Ein runder Genuss f\xc3\xbcr alle ROUGETTE-Fans! Der vegane Grill- & Ofentaler raffiniert mariniert in der praktischen Aluschale, das ist leckere Abwechslung f\xc3\xbcr jeden Tag.Zutaten & AllergeneZutaten: 86 % Pflanzliche Lebensmittelzubereitung (Wasser, Raps\xc3\xb6l, St\xc3\xa4rke, modifizierte St\xc3\xa4rke, Verdickungsmittel: Cellulose, Methylcellulose; 6 % gesch\xc3\xa4lte Hanfsamen, 6 % Blumenkohl, glutenfreies HAFERvollkornmehl, Salz, nat\xc3\xbcrliches Aroma, S\xc3\xa4uerungsmittel: Zitronens\xc3\xa4ure), 14 % Marinade (Raps\xc3\xb6l, Gew\xc3\xbcrze, Kr\xc3\xa4uter, Paprika, Raps\xc3\xb6l (ganz geh\xc3\xa4rtet), Zucker, nat\xc3\xbcrliches Aroma, Salz, Gew\xc3\xbcrzextrakt).N\xc3\xa4hrwerteDurchschnittliche N\xc3\xa4hrwerteUnzubereitet pro 100 gEnergie1.328 kJEnergie321 kcalFett29 gFett, davon ges\xc3\xa4ttigte Fetts\xc3\xa4uren2,5 gKohlenhydrate13 gKohlenhydrate, davon Zucker1,4 gEiwei\xc3\x9f2 gSalz2,7 gHinweiseAufbewahrungs- und Verwendungshinweis: Bei +2\xc2\xb0C - +8\xc2\xb0C mindestens haltbar bis: siehe VerpackungsaufdruckArtikeldetailsMarke: RougetteEigenschaften: Laktosefrei, VeganUrsprungsland: DeutschlandKontaktKontaktname: K\xc3\xa4serei ChampignonKontaktadresse: Kemptener Stra\xc3\x9fe 17-2487493 Lauben/Allg\xc3\xa4uMaximale Bestellmenge: 15 St\xc3\xbcckF\xc3\xbcr die vorstehenden Angaben wird keine Haftung \xc3\xbcbernommen. Bitte pr\xc3\xbcfen Sie im Einzelfall die Angaben auf der jeweiligen Produktverpackung, nur diese sind verbindlich.Das Produktdesign kann von der Abbildung abweichen.'",Im Weiher 14,Rewe,Frische & Convenience,2023-07-09,"Gültig ab morgen bis Samstag, 15.07.2023"
Rinder-Filet,https://img.rewe-static.de/REWE_CENTER_HZ28_2023/3455289/39482382-2_digital-image.png?impolicy=s-offers&imwidth=200&output-format=image/webp,,https://shop.rewe.de/productList?search=2832136,,"am Stück oder in Scheiben , je 100 g",Aktion,"4,99 €","b'ProduktbeschreibungArtikelnummer 3455289Frisch f\xc3\xbcr dich aus unserer Servicetheke. F\xc3\xbcr die vorstehenden Angaben wird keine Haftung \xc3\xbcbernommen. Bitte pr\xc3\xbcfen Sie im Einzelfall die Angaben auf der jeweiligen Produktverpackung, nur diese sind verbindlich.Das Produktdesign kann von der Abbildung abweichen.'",Im Weiher 14,Rewe,Frische & Convenience,2023-07-09,"Gültig ab morgen bis Samstag, 15.07.2023"
Tilapia-Filet,https://img.rewe-static.de/REWE_CENTER_HZ28_2023/6092195/22260172-9_digital-image.png?impolicy=s-offers&imwidth=200&output-format=image/webp,,https://shop.rewe.de/productList?search=2832136,,"weißes, sehr zartes Fleisch, getaut , je 100 g",Aktion,"1,29 €","b'ProduktbeschreibungArtikelnummer 6092195Frisch f\xc3\xbcr dich aus unserer Servicetheke. F\xc3\xbcr die vorstehenden Angaben wird keine Haftung \xc3\xbcbernommen. Bitte pr\xc3\xbcfen Sie im Einzelfall die Angaben auf der jeweiligen Produktverpackung, nur diese sind verbindlich.Das Produktdesign kann von der Abbildung abweichen.'",Im Weiher 14,Rewe,Frische & Convenience,2023-07-09,"Gültig ab morgen bis Samstag, 15.07.2023"
Frische Puten-Medaillons,https://img.rewe-static.de/REWE_CENTER_HZ28_2023/2045778/23735045-22_digital-image.png?impolicy=s-offers&imwidth=200&output-format=image/webp,,https://shop.rewe.de/productList?search=2832136,,"Haltungsform 2 , je 400-g-Pckg , (1 kg = 13.88)",Aktion,"5,55 €","b'ProduktbeschreibungArtikelnummer 2045778Ursprung: Deutschland, \xc3\x96sterreich, Niederlande oder Italien. Um einen Hinweis zur tats\xc3\xa4chlichen Herkunft zu erhalten, beachten Sie bitte die Angaben auf der Ihnen gelieferten Ware selbst; nur diese sind ma\xc3\x9fgeblich wie auch verbindlich. VOR DEM VERZEHR GUT DURCHGAREN. NICHT ZUM ROHVERZEHR GEEIGNET. Die Haltbarkeit des Produktes ist bis zum angegebenen Datum durch die Einhaltung der angegebenen Temperatur gesichert. Bei einer Unterbrechung der K\xc3\xbchlkette \xc3\xbcber +4 \xc2\xb0C, empfehlen wir Ihnen den Verzehr am Tag des Einkaufes. Nach \xc3\x96ffnen der Packung Ware noch am selben Tag verwenden. Rohes Gefl\xc3\xbcgelfleisch nicht mit anderen Lebensmittel in Kontakt bringen. Tropfsaft sorgf\xc3\xa4ltig entsorgen. Geschirr und H\xc3\xa4nde gr\xc3\xbcndlich reinigen.... mehr anzeigenN\xc3\xa4hrwerteDurchschnittliche N\xc3\xa4hrwertepro 100 gEnergie435 kJEnergie103 kcalFett1,2 gFett, davon ges\xc3\xa4ttigte Fetts\xc3\xa4uren0,4 gKohlenhydrate0 gKohlenhydrate, davon Zucker0 gBallaststoffe0 gEiwei\xc3\x9f23 gSalz0 gArtikeldetailsMarke: Wilhelm BrandenburgNachhaltigkeitWeitere Informationen zu den Siegeln findest du in unserer Siegelkunde.F\xc3\xbcr die vorstehenden Angaben wird keine Haftung \xc3\xbcbernommen. Bitte pr\xc3\xbcfen Sie im Einzelfall die Angaben auf der jeweiligen Produktverpackung, nur diese sind verbindlich.Das Produktdesign kann von der Abbildung abweichen.'",Im Weiher 14,Rewe,Frische & Convenience,2023-07-09,"Gültig ab morgen bis Samstag, 15.07.2023"
Bonduelle Wildkräutersalat,https://img.rewe-static.de/REWE_CENTER_HZ28_2023/8741381/35929479-7_digital-image.png?impolicy=s-offers&imwidth=200&output-format=image/webp,,https://shop.rewe.de/productList?search=2832136,,"je 110-g-Btl , (1 kg = 16.27)",Aktion,"1,79 €",nan,Im Weiher 14,Rewe,Frische & Convenience,2023-07-09,"Gültig ab morgen bis Samstag, 15.07.2023"
Leerdammer Brat- und Backtaler,https://img.rewe-static.de/REWE_CENTER_HZ28_2023/7770205/36668491-9_digital-image.png?impolicy=s-offers&imwidth=200&output-format=image/webp,,https://shop.rewe.de/productList?search=2832136,,"je 160-g-Pckg , (1 kg = 17.44)",Aktion,"2,79 €",nan,Im Weiher 14,Rewe,Frische & Convenience,2023-07-09,"Gültig ab morgen bis Samstag, 15.07.2023"
REWE Beste Wahl Grüne & Rote Pfefferonen,https://img.rewe-static.de/REWE_CENTER_HZ28_2023/2028724/21917891-21_digital-image.png?impolicy=s-offers&imwidth=200&output-format=image/webp,,https://shop.rewe.de/productList?search=2832136,,"je 150-g-Schale , (1 kg = 11.93)",Aktion,"1,79 €","b'ProduktbeschreibungArtikelnummer 2028724Hergestellt f\xc3\xbcr: REWE Markt GmbH, D-50603 K\xc3\xb6ln. Zutaten & AllergeneZutaten: Gr\xc3\xbcne und rote Peperoni 42%, FRISCHK\xc3\x84SE 34%, Raps\xc3\xb6l, Kalamata Oliven mit Stein 3 %, Branntweinessig, St\xc3\xa4rke, Zucker, jodiertes Speisesalz, Kr\xc3\xa4uter, Speisesalz, Gew\xc3\xbcrze, Knoblauch, Chili, S\xc3\xa4uerungsmittel Citronens\xc3\xa4ureAllergenhinweise: Enth\xc3\xa4lt: Milch und Milcherzeugnisse (einschlie\xc3\x9flich Lactose).N\xc3\xa4hrwerteDurchschnittliche N\xc3\xa4hrwerteUnzubereitet pro 100 gEnergie1.141 kJEnergie277 kcalFett26,9 gFett, davon ges\xc3\xa4ttigte Fetts\xc3\xa4uren7,5 gKohlenhydrate5,3 gKohlenhydrate, davon Zucker1,5 gEiwei\xc3\x9f2,9 gSalz1,72 gHinweiseAufbewahrungs- und Verwendungshinweis: Unge\xc3\xb6ffnet bei unter +7\xc2\xb0C mindestens haltbar bis: siehe AufdruckInformation: unter Schutzatmosph\xc3\xa4re verpacktArtikeldetailsMarke: REWE Beste WahlNettof\xc3\xbcllmenge: 150 GUrsprungsland: DeutschlandAbtropfgewicht: 150 gKontaktKontaktname: Heinrich K\xc3\xbchlmann GmbH & Co.KGKontaktadresse: 33397 RietbergMaximale Bestellmenge: 15 St\xc3\xbcckF\xc3\xbcr die vorstehenden Angaben wird keine Haftung \xc3\xbcbernommen. Bitte pr\xc3\xbcfen Sie im Einzelfall die Angaben auf der jeweiligen Produktverpackung, nur diese sind verbindlich.Das Produktdesign kann von der Abbildung abweichen.'",Im Weiher 14,Rewe,Frische & Convenience,2023-07-09,"Gültig ab morgen bis Samstag, 15.07.2023"
Frische Hähnchen-Unterschenkel,https://img.rewe-static.de/REWE_CENTER_HZ28_2023/7697813/25859719-6_digital-image.png?impolicy=s-offers&imwidth=200&output-format=image/webp,,https://shop.rewe.de/productList?search=2832136,,"natur, Hkl. A, oder gewürzt, Haltungsform 2, SB-verpackt , je 1 kg",Aktion,"4,99 €","b'ProduktbeschreibungArtikelnummer 7697813Ursprung: Deutschland, \xc3\x96sterreich, Niederlande oder Italien. Um einen Hinweis zur tats\xc3\xa4chlichen Herkunft zu erhalten, beachten Sie bitte die Angaben auf der Ihnen gelieferten Ware selbst; nur diese sind ma\xc3\x9fgeblich wie auch verbindlich. VOR DEM VERZEHR GUT DURCHGAREN. NICHT ZUM ROHVERZEHR GEEIGNET. Die Haltbarkeit des Produktes ist bis zum angegebenen Datum durch die Einhaltung der angegebenen Temperatur gesichert. Bei einer Unterbrechung der K\xc3\xbchlkette \xc3\xbcber +4 \xc2\xb0C, empfehlen wir Ihnen den Verzehr am Tag des Einkaufes. Nach \xc3\x96ffnen der Packung Ware noch am selben Tag verwenden. Rohes Gefl\xc3\xbcgelfleisch nicht mit anderen Lebensmittel in Kontakt bringen. Tropfsaft sorgf\xc3\xa4ltig entsorgen. Geschirr und H\xc3\xa4nde gr\xc3\xbcndlich reinigen.... mehr anzeigenZutaten & AllergeneZutaten: KEINE  KEINEN\xc3\xa4hrwerteDurchschnittliche N\xc3\xa4hrwertepro 100 gEnergie543 kJEnergie130 kcalFett6,4 gFett, davon ges\xc3\xa4ttigte Fetts\xc3\xa4uren2,1 gKohlenhydrate0 gKohlenhydrate, davon Zucker0 gBallaststoffe0 gEiwei\xc3\x9f18 gSalz0,2 gArtikeldetailsMarke: Wilhelm BrandenburgNachhaltigkeitWeitere Informationen zu den Siegeln findest du in unserer Siegelkunde.F\xc3\xbcr die vorstehenden Angaben wird keine Haftung \xc3\xbcbernommen. Bitte pr\xc3\xbcfen Sie im Einzelfall die Angaben auf der jeweiligen Produktverpackung, nur diese sind verbindlich.Das Produktdesign kann von der Abbildung abweichen.'",Im Weiher 14,Rewe,Frische & Convenience,2023-07-09,"Gültig ab morgen bis Samstag, 15.07.2023"
Butcher’s Wagyu Beef Burger Patties,https://img.rewe-static.de/REWE_CENTER_HZ28_2023/8736116/35959929-13_digital-image.png?impolicy=s-offers&imwidth=200&output-format=image/webp,,https://shop.rewe.de/productList?search=2832136,,"je 230-g-Pckg , (1 kg = 24.13)",Aktion,"5,55 €","ProduktbeschreibungArtikelnummer 8736116Zutaten & AllergeneZutaten: Rindfleisch 98 %, Speisesalz, Gewürze, Gewürzextrakte, Antioxidationsmittel Ascorbinsäure.  Senf, SellerieNährwerteDurchschnittliche Nährwertepro 100 gEnergie1.223 kJEnergie295 kcalFett25 gFett, davon gesättigte Fettsäuren10 gKohlenhydrate0,5 gKohlenhydrate, davon Zucker0,5 gBallaststoffe0 gEiweiß17 gSalz1,5 gArtikeldetailsMarke: Butcher's BurgerNachhaltigkeitWeitere Informationen zu den Siegeln findest du in unserer Siegelkunde.Für die vorstehenden Angaben wird keine Haftung übernommen. Bitte prüfen Sie im Einzelfall die Angaben auf der jeweiligen Produktverpackung, nur diese sind verbindlich.Das Produktdesign kann von der Abbildung abweichen.",Im Weiher 14,Rewe,Frische & Convenience,2023-07-09,"Gültig ab morgen bis Samstag, 15.07.2023"
Lamm-Kotelett,https://img.rewe-static.de/REWE_CENTER_HZ28_2023/3453642/17456100-18_digital-image.png?impolicy=s-offers&imwidth=200&output-format=image/webp,,https://shop.rewe.de/productList?search=2832136,,je 100 g,Aktion,"2,22 €","b'ProduktbeschreibungArtikelnummer 3453642Frisch f\xc3\xbcr dich aus unserer Servicetheke. F\xc3\xbcr die vorstehenden Angaben wird keine Haftung \xc3\xbcbernommen. Bitte pr\xc3\xbcfen Sie im Einzelfall die Angaben auf der jeweiligen Produktverpackung, nur diese sind verbindlich.Das Produktdesign kann von der Abbildung abweichen.'",Im Weiher 14,Rewe,Frische & Convenience,2023-07-09,"Gültig ab morgen bis Samstag, 15.07.2023"
Räucher- oder Graved-Lachs,https://img.rewe-static.de/REWE_CENTER_HZ28_2023/9666087/22260264-8_digital-image.png?impolicy=s-offers&imwidth=200&output-format=image/webp,,https://shop.rewe.de/productList?search=2832136,,"geschnitten , je 100 g",Aktion,"3,99 €","b'ProduktbeschreibungArtikelnummer 9666087Frisch f\xc3\xbcr dich aus unserer Servicetheke. \n \nSalmo Salar aus Aquakultur in Norwegen/F\xc3\xa4r\xc3\xb6er Zutaten & AllergeneZutaten: LACHSFILET, Salz, Rauch 100 g ger\xc3\xa4uchertes Produkt wurde hergestellt aus 110 g RohwareAllergenhinweise: Enth\xc3\xa4lt: Fisch und Fischerzeugnisse.N\xc3\xa4hrwerteDurchschnittliche N\xc3\xa4hrwerteUnzubereitet pro 100 gEnergie842 kJEnergie202 kcalFett12,5 gFett, davon ges\xc3\xa4ttigte Fetts\xc3\xa4uren3,2 gKohlenhydrate0 gKohlenhydrate, davon Zucker0 gEiwei\xc3\x9f22,3 gSalz2,5 gHinweiseAufbewahrungs- und Verwendungshinweis: bei +2 \xc2\xb0C bis +7 \xc2\xb0C lagernArtikeldetailsUrsprungsland: DeutschlandKontaktKontaktname: Deutsche See GmbHKontaktadresse: Maifischstrasse 3-9, 27572 BremerhavenF\xc3\xbcr die vorstehenden Angaben wird keine Haftung \xc3\xbcbernommen. Bitte pr\xc3\xbcfen Sie im Einzelfall die Angaben auf der jeweiligen Produktverpackung, nur diese sind verbindlich.Das Produktdesign kann von der Abbildung abweichen.'",Im Weiher 14,Rewe,Frische & Convenience,2023-07-09,"Gültig ab morgen bis Samstag, 15.07.2023"
Schweine-Nackensteaks,https://img.rewe-static.de/REWE_CENTER_HZ28_2023/2172863/25004517-4_digital-image.png?impolicy=s-offers&imwidth=200&output-format=image/webp,,https://shop.rewe.de/productList?search=2832136,,"Classic BBQ Spicy , je 1 kg",Aktion,"12,90 €",nan,Im Weiher 14,Rewe,Frische & Convenience,2023-07-09,"Gültig ab morgen bis Samstag, 15.07.2023"
Holzfällerscheiben,https://img.rewe-static.de/REWE_CENTER_HZ28_2023/0728472/24586057-8_digital-image.png?impolicy=s-offers&imwidth=200&output-format=image/webp,,https://shop.rewe.de/productList?search=2832136,,"aus der Schweineschulter, mit Knochen, mariniert, Haltungsform 2 , je 100 g",Aktion,"0,55 €",nan,Im Weiher 14,Rewe,Frische & Convenience,2023-07-09,"Gültig ab morgen bis Samstag, 15.07.2023"
Grünländer mild & nussig,https://img.rewe-static.de/REWE_CENTER_HZ28_2023/4092074/34973807-8_digital-image.png?impolicy=s-offers&imwidth=200&output-format=image/webp,,https://shop.rewe.de/productList?search=2832136,,"Schnittkäse, 48% Fett i.Tr. , je 100 g",Knaller,"0,99 €","b'ProduktbeschreibungArtikelnummer 4092074Frisch f\xc3\xbcr dich aus unserer Servicetheke. \n \nZutaten: pasteurisierte MILCH, Farbstoff: Beta-Carotin, mikrobielles Lab, Kulturen, Speisesalz. \n \nLaktosefrei* \n*Laktosegehalt: unter 0, 1g/100g \n \nRinde zum Verzehr geeignet! Zutaten & AllergeneAllergenhinweise: nullN\xc3\xa4hrwerteDurchschnittliche N\xc3\xa4hrwerteUnzubereitet pro 100 gEnergie1.481 kJEnergie357 kcalFett29 gFett, davon ges\xc3\xa4ttigte Fetts\xc3\xa4uren19 gKohlenhydrate0,1 gKohlenhydrate, davon Zucker0,1 gEiwei\xc3\x9f24 gSalz0,8 gArtikeldetailsMarke: Gr\xc3\xbcnl\xc3\xa4nderMaximale Bestellmenge: 15 St\xc3\xbcckF\xc3\xbcr die vorstehenden Angaben wird keine Haftung \xc3\xbcbernommen. Bitte pr\xc3\xbcfen Sie im Einzelfall die Angaben auf der jeweiligen Produktverpackung, nur diese sind verbindlich.Das Produktdesign kann von der Abbildung abweichen.'",Im Weiher 14,Rewe,Frische & Convenience,2023-07-09,"Gültig ab morgen bis Samstag, 15.07.2023"
Wiltmann Salami,https://img.rewe-static.de/REWE_CENTER_HZ28_2023/4240936/6554940-38_digital-image.png?impolicy=s-offers&imwidth=200&output-format=image/webp,,https://shop.rewe.de/productList?search=2832136,,"versch. Sorten , je 80-g-Pckg , (1 kg = 16.13)",Knaller,"1,29 €","b'ProduktbeschreibungArtikelnummer 4240936Feinschmecker-Salami aus Rind- und Schweinefleisch. Zutaten & AllergeneZutaten: Schweinefleisch, Rindfleisch, jodierters Speisesalz (Speisesalz, Kaliumiodat), Traubenzucker, Trockenglucose, Gew\xc3\xbcrze, Gew\xc3\xbcrzextrakte, Antioxidationsmittel: Natriumascorbat; Konservierungsstoff: Natriumnitrit; Reifekulturen, Buchenholzrauch. 100g Salami, hergestellt aus 119g Schweinefleisch und 21g Rindfleisch.N\xc3\xa4hrwerteDurchschnittliche N\xc3\xa4hrwerteUnzubereitet pro 100 gEnergie1.474 kJEnergie355 kcalFett28,1 gFett, davon ges\xc3\xa4ttigte Fetts\xc3\xa4uren11 gKohlenhydrate1 gKohlenhydrate, davon Zucker1 gEiwei\xc3\x9f24,1 gSalz4,1 gHinweiseAufbewahrungs- und Verwendungshinweis: Bei maximal 7\xc2\xb0C unge\xc3\xb6ffnet mindestens haltbar bis: siehe VerpackungsaufdruckArtikeldetailsMarke: WiltmannUrsprungsland: DeutschlandKontaktKontaktname: Franz Wiltmann GmbH & Co. KGKontaktadresse: Wilhelm-Kleine-Strasse 16, D-33775 VersmoldMaximale Bestellmenge: 15 St\xc3\xbcckF\xc3\xbcr die vorstehenden Angaben wird keine Haftung \xc3\xbcbernommen. Bitte pr\xc3\xbcfen Sie im Einzelfall die Angaben auf der jeweiligen Produktverpackung, nur diese sind verbindlich.Das Produktdesign kann von der Abbildung abweichen.'",Im Weiher 14,Rewe,Frische & Convenience,2023-07-09,"Gültig ab morgen bis Samstag, 15.07.2023"
Homann Kartoffel- oder Pellkartoffelsalat,https://img.rewe-static.de/REWE_CENTER_HZ28_2023/8698632/34937248-11_digital-image.png?impolicy=s-offers&imwidth=200&output-format=image/webp,,https://shop.rewe.de/productList?search=2832136,,"versch. Sorten , je 400-g-Pckg , (1 kg = 4.23)",Knaller,"1,69 €","b'ProduktbeschreibungArtikelnummer 8698632Zutaten & AllergeneZutaten: 62% Kartoffeln, Raps\xc3\xb6l, 8% H\xc3\x9cHNEREIER, 6% Gurken, Wasser, Zucker, Branntweinessig, 2% Zwiebeln, Speisesalz, H\xc3\x9cHNEREIGELB, S\xc3\xa4ureregulatoren: Calciumchlorid und Natriumacetate, Sahne (MILCH), Konservierungsstoff: Kaliumsorbat, St\xc3\xa4rke, Gew\xc3\xbcrze (enth\xc3\xa4lt SENF), f\xc3\xa4rbendes Lebensmittel: Karottenkonzentrat, Verdickungsmittel: Guarkernmehl, S\xc3\xa4uerungsmittel: Citronens\xc3\xa4ure, Antioxidationsmittel: Ascorbins\xc3\xa4ure, Stabilisator: Carrageen. Kann Spuren von Erdn\xc3\xbcssen, Fischen, glutenhaltiges Getreide, Krebstieren, Schalenfr\xc3\xbcchten, Sellerie, Sesamsamen und Sojabohnen enthalten.Allergenhinweise: Enth\xc3\xa4lt: Eier und Eierzeugnisse. Milch und Milcherzeugnisse (einschlie\xc3\x9flich Lactose). Senf- und Senferzeugnisse. Kann enthalten: Erdn\xc3\xbcsse und Erdnusserzeugnisse. Glutenhaltiges Getreide und glutenhaltige Getreideerzeugnisse. N\xc3\xbcsse und Nusserzeugnisse. Sellerie und Sellerieerzeugnisse. Sesamsamen und Sesamsamenerzeugnisse. Soja und Sojaerzeugnisse. Weizen und Weizenerzeugnisse (glutenhaltiges Getreide). Fisch und Fischerzeugnisse.N\xc3\xa4hrwerteDurchschnittliche N\xc3\xa4hrwerteUnzubereitet pro 100 gEnergie770 kJEnergie185 kcalFett13,2 gFett, davon ges\xc3\xa4ttigte Fetts\xc3\xa4uren1,2 gKohlenhydrate12,8 gKohlenhydrate, davon Zucker3 gEiwei\xc3\x9f2,6 gSalz1,3 gHinweiseAufbewahrungs- und Verwendungshinweis: Gek\xc3\xbchlt bei max. +7\xc2\xb0CArtikeldetailsMarke: HomannUrsprungsland: NiederlandeKontaktKontaktname: Signature Foods Deutschland GmbHKontaktadresse: Winkelhausenstra\xc3\x9fe 10, 49090 Osnabr\xc3\xbcckMaximale Bestellmenge: 15 St\xc3\xbcckF\xc3\xbcr die vorstehenden Angaben wird keine Haftung \xc3\xbcbernommen. Bitte pr\xc3\xbcfen Sie im Einzelfall die Angaben auf der jeweiligen Produktverpackung, nur diese sind verbindlich.Das Produktdesign kann von der Abbildung abweichen.'",Im Weiher 14,Rewe,Frische & Convenience,2023-07-09,"Gültig ab morgen bis Samstag, 15.07.2023"
Arla Finello Gratinkäse,https://img.rewe-static.de/REWE_CENTER_HZ28_2023/0674328/21064797-16_digital-image.png?impolicy=s-offers&imwidth=200&output-format=image/webp,,https://shop.rewe.de/productList?search=2832136,,"dän. Reibekäse , je 150-g-Pckg , (1 kg = 9.93)",Aktion,"1,49 €","b'ProduktbeschreibungArtikelnummer 674328Zutaten & AllergeneZutaten: K\xc3\x84SE, Kartoffelst\xc3\xa4rke.Allergenhinweise: Enth\xc3\xa4lt: Milch und Milcherzeugnisse (einschlie\xc3\x9flich Lactose).N\xc3\xa4hrwerteDurchschnittliche N\xc3\xa4hrwerteUnzubereitet pro 100 gEnergie1.305 kJEnergie314 kcalFett23 gFett, davon ges\xc3\xa4ttigte Fetts\xc3\xa4uren14 gKohlenhydrate2,8 gKohlenhydrate, davon Zucker0,6 gEiwei\xc3\x9f24 gSalz1,5 gHinweiseAufbewahrungs- und Verwendungshinweis: Nach dem \xc3\x96ffnen k\xc3\xbchl aufbewahren.Bei 8 \xc2\xb0C mindestens haltbar bis: siehe VerpackungsaufdruckInformation: Unter Schutzatmosph\xc3\xa4re verpackt.ArtikeldetailsMarke: ArlaUrsprungsland: D\xc3\xa4nemarkSorte: Gratink\xc3\xa4seKontaktKontaktname: Arla Foods ambaKontaktadresse: DK-8260 Viby JMaximale Bestellmenge: 15 St\xc3\xbcckF\xc3\xbcr die vorstehenden Angaben wird keine Haftung \xc3\xbcbernommen. Bitte pr\xc3\xbcfen Sie im Einzelfall die Angaben auf der jeweiligen Produktverpackung, nur diese sind verbindlich.Das Produktdesign kann von der Abbildung abweichen.'",Im Weiher 14,Rewe,Frische & Convenience,2023-07-09,"Gültig ab morgen bis Samstag, 15.07.2023"
Salakis Schafskäse Natur,https://img.rewe-static.de/REWE_CENTER_HZ28_2023/8874226/37902848-5_digital-image.png?impolicy=s-offers&imwidth=200&output-format=image/webp,,https://shop.rewe.de/productList?search=2832136,,"je 180-g-Pckg , (1 kg = 9.94)",Aktion,"1,79 €","b'ProduktbeschreibungArtikelnummer 8874226Zutaten & AllergeneZutaten: pasteurisierte SchafMILCH, Lab, SalzAllergenhinweise: Enth\xc3\xa4lt: Milch und Milcherzeugnisse (einschlie\xc3\x9flich Lactose).N\xc3\xa4hrwerteDurchschnittliche N\xc3\xa4hrwerteUnzubereitet pro 100 gEnergie1.126 kJEnergie272 kcalFett23 gFett, davon ges\xc3\xa4ttigte Fetts\xc3\xa4uren16 gKohlenhydrate0,8 gKohlenhydrate, davon Zucker0,8 gEiwei\xc3\x9f16 gSalz2,8 gHinweiseAufbewahrungs- und Verwendungshinweis: bei 8\xc2\xb0C mindestens haltbar bis: siehe Verpackungsaufdruck: tt.mm.jjjjArtikeldetailsMarke: SalakisNettof\xc3\xbcllmenge: 180 GUrsprungsland: FrankreichKontaktKontaktname: Lactalis Deutschland GmbHKontaktadresse: Am Yachthafen 2, 77694 KehlMaximale Bestellmenge: 15 St\xc3\xbcckF\xc3\xbcr die vorstehenden Angaben wird keine Haftung \xc3\xbcbernommen. Bitte pr\xc3\xbcfen Sie im Einzelfall die Angaben auf der jeweiligen Produktverpackung, nur diese sind verbindlich.Das Produktdesign kann von der Abbildung abweichen.'",Im Weiher 14,Rewe,Frische & Convenience,2023-07-09,"Gültig ab morgen bis Samstag, 15.07.2023"
Bresso Feine Kräuter,https://img.rewe-static.de/REWE_CENTER_HZ28_2023/0396707/3684540-43_digital-image.png?impolicy=s-offers&imwidth=200&output-format=image/webp,,https://shop.rewe.de/productList?search=2832136,,"60% Fett i.Tr. , je 120-g-Pckg , (1 kg = 11.58)",Aktion,"1,39 €","b""ProduktbeschreibungArtikelnummer 396707BRESSO steht f\xc3\xbcr unbeschwerten Frischk\xc3\xa4se-Genuss & provenzalisch-mediterrane Lebensweise. Eine Frischk\xc3\xa4se-Spezialit\xc3\xa4t mit feinen Kr\xc3\xa4utern veredelt und mit Knoblauch raffiniert abgerundet \xe2\x80\x93 unser Klassiker unter den BRESSO Frischk\xc3\xa4se-Portionen \xe2\x80\x93 mit aromatischer Geschmacksnote. Als Packung mit acht praktischen Portionen erh\xc3\xa4ltlich.Zutaten & AllergeneZutaten: FRISCHK\xc3\x84SE (pasteurisierte KUHMILCH, pasteurisierte SAHNE/RAHM), Speisesalz, Knoblauch, Kr\xc3\xa4uter, Pfeffer, Konservierungsstoff (Kaliumsorbat). Dieser Frischk\xc3\xa4se kann Spuren von Schalenfr\xc3\xbcchten und Ziegenmilch enthalten.Allergenhinweise: Frischk\xc3\xa4se, Kuhmilch, Sahne/RahmEnth\xc3\xa4lt: Milch und Milcherzeugnisse (einschlie\xc3\x9flich Lactose). Kann enthalten: N\xc3\xbcsse und Nusserzeugnisse.N\xc3\xa4hrwerteDurchschnittliche N\xc3\xa4hrwerteUnzubereitet pro 100 gEnergie1.391 kJEnergie337 kcalFett32 gFett, davon ges\xc3\xa4ttigte Fetts\xc3\xa4uren23 gKohlenhydrate3 gKohlenhydrate, davon Zucker2,4 gEiwei\xc3\x9f9,2 gSalz1,2 gHinweiseAufbewahrungs- und Verwendungshinweis: Bei +2\xc2\xb0C bis +8\xc2\xb0C mindestens haltbar bis: siehe VerpackungsaufdruckInformation: DoppelrahmstufeArtikeldetailsMarke: BressoUrsprungsland: FrankreichKontaktKontaktname: FromarsacKontaktadresse: Marsac sur L'Isle, 24052 P\xc3\xa9rigueux, Cedex 9, FranceMaximale Bestellmenge: 15 St\xc3\xbcckF\xc3\xbcr die vorstehenden Angaben wird keine Haftung \xc3\xbcbernommen. Bitte pr\xc3\xbcfen Sie im Einzelfall die Angaben auf der jeweiligen Produktverpackung, nur diese sind verbindlich.Das Produktdesign kann von der Abbildung abweichen.""",Im Weiher 14,Rewe,Frische & Convenience,2023-07-09,"Gültig ab morgen bis Samstag, 15.07.2023"
Rana Tortelloni,https://img.rewe-static.de/REWE_CENTER_HZ28_2023/8657317/33918696-8_digital-image.png?impolicy=s-offers&imwidth=200&output-format=image/webp,,https://shop.rewe.de/productList?search=2832136,,"versch. Sorten , je 250-g-Pckg , (1 kg = 10.76)",Aktion,"2,69 €","b'ProduktbeschreibungArtikelnummer 8657317Zutaten & AllergeneZutaten: F\xc3\x9cLLUNG 53%: Basilikum Pesto 35%,(Sonnenblumen\xc3\xb6l, Basilikum 27% Pecorino Romano g.U. (gesch\xc3\xbctzte Ursprungsbezeichnung) K\xc3\x84SE 14%, KACHUN\xc3\x9cSSE, geriebener K\xc3\x84SE, Kochsalz, Pinienkerne 3%), Ricotta 33% (MOLKE, MILCH, Kochsalz), Pflanzenfasern (Mais und Kartoffeln) Mozzarella K\xc3\x84SE, Paniermehl (WeichWEIZENmehl, Wasser, Kochsalz, Hefe), LAKTOSE, St\xc3\xa4rke, nat\xc3\xbcrliche Aromen (enth\xc3\xa4lt GERSTE). TEIGWAREN 47%: WeichWEIZENmehl, EIER 30%,HartWEIZENgrie\xc3\x9f. Hergestellt in einem Werk, das auch SCHALENFR\xc3\x9cCHTE, FISCHE, KREBSTIERE, WICHTIERE, SOJABOHNEN und SELLERIE verwendet.Allergenhinweise: Enth\xc3\xa4lt: Glutenhaltiges Getreide und glutenhaltige Getreideerzeugnisse. Milch und Milcherzeugnisse (einschlie\xc3\x9flich Lactose). N\xc3\xbcsse und Nusserzeugnisse. Eier und Eierzeugnisse. Kann enthalten: Krebstiere und Krebstiererzeugnisse. Weichtiere und Weichtiererzeugnisse. Fisch und Fischerzeugnisse. Soja und Sojaerzeugnisse. Sellerie und Sellerieerzeugnisse.N\xc3\xa4hrwerteDurchschnittliche N\xc3\xa4hrwerteUnzubereitet pro 100 gEnergie1.225 kJEnergie292 kcalFett12 gFett, davon ges\xc3\xa4ttigte Fetts\xc3\xa4uren3,1 gKohlenhydrate32 gKohlenhydrate, davon Zucker4,1 gBallaststoffe6,2 gEiwei\xc3\x9f11 gSalz0,98 gHinweiseAufbewahrungs- und Verwendungshinweis: Im K\xc3\xbchlschrank bei +4\xc2\xb0C bis max. +7\xc2\xb0C aufbewahren. Nach dem \xc3\x96ffnen innerhalb von 3 Tagen verbrauchen.Information: Unter Schutzatmosph\xc3\xa4re verpackt.ArtikeldetailsMarke: Giovanni RanaUrsprungsland: ItalienKontaktKontaktname: Pastificio RANA S.p.A.Kontaktadresse: Via Pacinotti, 25 - 37057 San Giovanni Lupatoto (VR) - ItaliaMaximale Bestellmenge: 15 St\xc3\xbcckF\xc3\xbcr die vorstehenden Angaben wird keine Haftung \xc3\xbcbernommen. Bitte pr\xc3\xbcfen Sie im Einzelfall die Angaben auf der jeweiligen Produktverpackung, nur diese sind verbindlich.Das Produktdesign kann von der Abbildung abweichen.'",Im Weiher 14,Rewe,Frische & Convenience,2023-07-09,"Gültig ab morgen bis Samstag, 15.07.2023"
Alta Badia,https://img.rewe-static.de/REWE_CENTER_HZ28_2023/0351001/26962937-8_digital-image.png?impolicy=s-offers&imwidth=200&output-format=image/webp,,https://shop.rewe.de/productList?search=2832136,,"ital. Hartkäse, mind. 50% Fett i.Tr. , je 100 g",Aktion,"1,99 €","b'ProduktbeschreibungArtikelnummer 351001Frisch f\xc3\xbcr dich aus unserer Servicetheke. \n \nZutaten: pasteurisierte MILCH, Salz, MILCHS\xc3\x84UREBAKTERIEN, tierisches Lab, Konservierungsstoff: LYSOZYM (aus EI), Natamycin, Farbstoff: AMMONSULFITZUCKERKUL\xc3\x96R \n \nLaktosefrei* \n*Laktosegehalt: unter 0, 1g/100g \n \nRinde nicht zum Verzehr geeignet! \n \nN\xc3\xa4hrwerte je 100g: \nEnergie: 1704kJ \nEnergie: 411kcal \nFett: 33,5g \nFett, davon ges\xc3\xa4ttigte Fetts\xc3\xa4uren: 24,1g \nKohlenhydrate: 0,1g \nKohlenhydrate, davon Zucker: 0,1g \nEiwei\xc3\x9f: 27,3g \nSalz: 1,7g ArtikeldetailsEigenschaften: LaktosefreiMaximale Bestellmenge: 15 St\xc3\xbcckF\xc3\xbcr die vorstehenden Angaben wird keine Haftung \xc3\xbcbernommen. Bitte pr\xc3\xbcfen Sie im Einzelfall die Angaben auf der jeweiligen Produktverpackung, nur diese sind verbindlich.Das Produktdesign kann von der Abbildung abweichen.'",Im Weiher 14,Rewe,Frische & Convenience,2023-07-09,"Gültig ab morgen bis Samstag, 15.07.2023"
Campofrio Serrano-Schinken,https://img.rewe-static.de/REWE_CENTER_HZ28_2023/0515409/31641266-6_digital-image.png?impolicy=s-offers&imwidth=200&output-format=image/webp,,https://shop.rewe.de/productList?search=2832136,,je 100 g,Aktion,"2,19 €","b'ProduktbeschreibungArtikelnummer 515409Frisch f\xc3\xbcr dich aus unserer Servicetheke. \n \nZutaten: Schweinefleisch, Salz, Konservierungsstoff: Kaliumnitrat, Natriumnitrit. \n \nN\xc3\xa4hrwerte je 100g: \nEnergie: 889kJ \nEnergie: 2120kcal \nFett: 10g \nFett, davon ges\xc3\xa4ttigte Fetts\xc3\xa4uren: 3,8g \nKohlenhydrate: 0,5g \nKohlenhydrate, davon Zucker: 0,5g \nEiwei\xc3\x9f: 30g \nSalz: 5g Zutaten & AllergeneAllergenhinweise: nullN\xc3\xa4hrwerteDurchschnittliche N\xc3\xa4hrwerteUnzubereitet pro 100 gEnergie889 kJEnergie212 kcalFett10 gFett, davon ges\xc3\xa4ttigte Fetts\xc3\xa4uren3,8 gKohlenhydrate0,5 gKohlenhydrate, davon Zucker0,5 gEiwei\xc3\x9f30 gSalz5 gArtikeldetailsMarke: CampofrioMaximale Bestellmenge: 15 St\xc3\xbcckF\xc3\xbcr die vorstehenden Angaben wird keine Haftung \xc3\xbcbernommen. Bitte pr\xc3\xbcfen Sie im Einzelfall die Angaben auf der jeweiligen Produktverpackung, nur diese sind verbindlich.Das Produktdesign kann von der Abbildung abweichen.'",Im Weiher 14,Rewe,Frische & Convenience,2023-07-09,"Gültig ab morgen bis Samstag, 15.07.2023"
Galbani Mozzarella Mini,https://img.rewe-static.de/REWE_CENTER_HZ28_2023/0594382/965610-29_digital-image.png?impolicy=s-offers&imwidth=200&output-format=image/webp,,https://shop.rewe.de/productList?search=2832136,,"38% Fett i.Tr. , je 260-g-Pckg , (1 kg = 13.27) , 150-g-Abtropfgew.",Aktion,"1,99 €","b'ProduktbeschreibungArtikelnummer 594382Zutaten & AllergeneZutaten: pasteurisierte KuhMILCH, Lab, Salz, S\xc3\xa4uerungsmittel:Zitronens\xc3\xa4ureAllergenhinweise: Enth\xc3\xa4lt: Milch und Milcherzeugnisse (einschlie\xc3\x9flich Lactose).N\xc3\xa4hrwerteDurchschnittliche N\xc3\xa4hrwerteUnzubereitet pro 100 gEnergie819 kJEnergie197 kcalFett13,5 gFett, davon ges\xc3\xa4ttigte Fetts\xc3\xa4uren9,4 gKohlenhydrate1,3 gKohlenhydrate, davon Zucker0,6 gEiwei\xc3\x9f17,5 gSalz0,6 gHinweiseAufbewahrungs- und Verwendungshinweis: bei 8\xc2\xb0C mindestens haltbar bis: siehe VerpackungsaufdruckArtikeldetailsMarke: GalbaniNettof\xc3\xbcllmenge: 260 GUrsprungsland: ItalienAbtropfgewicht: 150 gKontaktKontaktname: Lactalis Deutschland GmbHKontaktadresse: Am Yachthafen 2, 77694 KehlMaximale Bestellmenge: 15 St\xc3\xbcckF\xc3\xbcr die vorstehenden Angaben wird keine Haftung \xc3\xbcbernommen. Bitte pr\xc3\xbcfen Sie im Einzelfall die Angaben auf der jeweiligen Produktverpackung, nur diese sind verbindlich.Das Produktdesign kann von der Abbildung abweichen.'",Im Weiher 14,Rewe,Frische & Convenience,2023-07-09,"Gültig ab morgen bis Samstag, 15.07.2023"
REWE Feine Welt Burrata,https://img.rewe-static.de/REWE_CENTER_HZ28_2023/8643941/34631257-8_digital-image.png?impolicy=s-offers&imwidth=200&output-format=image/webp,,https://shop.rewe.de/productList?search=2832136,,"je 250-g-Becher-Pckg , (1 kg = 14.90) , 100-g-Abtropfgew.",Aktion,"1,49 €","b'ProduktbeschreibungArtikelnummer 8643941Zutaten & AllergeneZutaten: Zutaten: K\xc3\x84SEREIMILCH, SAHNE 41 %, Speisesalz, mikrobielles Lab, S\xc3\xa4uerungsmittel Milchs\xc3\xa4ure, Konservierungsstoff Kaliumsorbat. Zusatzstoffe: E 202, E 270Allergenhinweise: Milch und Milcherzeugnisse (einschlie\xc3\x9flich Lactose)N\xc3\xa4hrwerteDurchschnittliche N\xc3\xa4hrwertepro 100 gEnergie1.054 kJEnergie255 kcalFett23,9 gFett, davon ges\xc3\xa4ttigte Fetts\xc3\xa4uren15,3 gKohlenhydrate2 gKohlenhydrate, davon Zucker2 gEiwei\xc3\x9f8 gSalz0,54 gArtikeldetailsMarke: REWE Feine WeltNettof\xc3\xbcllmenge: 250 GUrsprungsland: ItalienAbtropfgewicht: 100 gKontaktKontaktname: DELIZIA S.P.A.Kontaktadresse: Contrada Pizunzo Z.I., Noci (BA), 70015, ItalienMaximale Bestellmenge: 15 St\xc3\xbcckF\xc3\xbcr die vorstehenden Angaben wird keine Haftung \xc3\xbcbernommen. Bitte pr\xc3\xbcfen Sie im Einzelfall die Angaben auf der jeweiligen Produktverpackung, nur diese sind verbindlich.Das Produktdesign kann von der Abbildung abweichen.'",Im Weiher 14,Rewe,Frische & Convenience,2023-07-09,"Gültig ab morgen bis Samstag, 15.07.2023"
REWE Beste Wahl Gnocchi,https://img.rewe-static.de/REWE_CENTER_HZ28_2023/0118000/23128380-35_digital-image.png?impolicy=s-offers&imwidth=200&output-format=image/webp,,https://shop.rewe.de/productList?search=2832136,,"frische, italienische Kartoffelklößchen aus 78% Kartoffelpüree , je 400-g-Btl , (1 kg = 3.73)",Aktion,"1,49 €","b'ProduktbeschreibungArtikelnummer 118000Zutaten & AllergeneZutaten: Kartoffelp\xc3\xbcree 80% (Wasser, Kartoffelflocken 16%), WEIZENMEHL, Kartoffelst\xc3\xa4rke, Reismehl, Speisesalz.  Kann Spuren von Soja enthalten.Allergenhinweise: Glutenhaltiges Getreide (Weizen, Gerste, Roggen, Hafer, Dinkel, Kamut oder Hybridst\xc3\xa4mme)N\xc3\xa4hrwerteDurchschnittliche N\xc3\xa4hrwertepro 100 gEnergie630 kJEnergie149 kcalFett0,6 gFett, davon ges\xc3\xa4ttigte Fetts\xc3\xa4uren0 gKohlenhydrate32 gKohlenhydrate, davon Zucker0,3 gEiwei\xc3\x9f3,3 gSalz1,08 gHinweiseAufbewahrungshinweise:  Nach dem \xc3\x96ffnen k\xc3\xbchl lagern und innerhalb von drei Tagen verzehren.Verwendungshinweise: Bei +4 \xc2\xb0C bis +7 \xc2\xb0CArtikeldetailsMarke: REWE Beste WahlUrsprungsland: ItalienPackungsgr\xc3\xb6\xc3\x9fe: 400gKontaktKontaktname: CIEMME ALIMENTARI S.R.L.Kontaktadresse: VIA FOGGIA, 28/30, BARLETTA, 76121, ItalienMaximale Bestellmenge: 15 St\xc3\xbcckF\xc3\xbcr die vorstehenden Angaben wird keine Haftung \xc3\xbcbernommen. Bitte pr\xc3\xbcfen Sie im Einzelfall die Angaben auf der jeweiligen Produktverpackung, nur diese sind verbindlich.Das Produktdesign kann von der Abbildung abweichen.'",Im Weiher 14,Rewe,Frische & Convenience,2023-07-09,"Gültig ab morgen bis Samstag, 15.07.2023"
Noel Chorizo Paprikasalami,https://img.rewe-static.de/REWE_CENTER_HZ28_2023/2366337/30582194-6_digital-image.png?impolicy=s-offers&imwidth=200&output-format=image/webp,,https://shop.rewe.de/productList?search=2832136,,je 100 g,Aktion,"1,59 €","b'ProduktbeschreibungArtikelnummer 2366337Frisch f\xc3\xbcr dich aus unserer Servicetheke. \n \nZutaten: Schweinefleisch und Fett, Salz, Dextrin, Paprika, Dextrose, Laktose, Milchprotein, Cayennepfeffer, Knoblauch, Antioxidationsmittel (E316), Konservierungsmittel (E250, E252), Muskatnuss, Oregano. \n \n100g Chorizo extra werden aus 123g Schweinfleisch hergestellt. \n \nN\xc3\xa4hrwerte je 100g: \nEnergie: 1533kJ \nEnergie: 370kcal \nFett: 30g \nFett, davon ges\xc3\xa4ttigte Fetts\xc3\xa4uren: 11g \nKohlenhydrate: 2,9g \nKohlenhydrate, davon Zucker: 1,2g \nEiwei\xc3\x9f: 22g \nSalz: 3,5g... mehr anzeigenMaximale Bestellmenge: 15 St\xc3\xbcckF\xc3\xbcr die vorstehenden Angaben wird keine Haftung \xc3\xbcbernommen. Bitte pr\xc3\xbcfen Sie im Einzelfall die Angaben auf der jeweiligen Produktverpackung, nur diese sind verbindlich.Das Produktdesign kann von der Abbildung abweichen.'",Im Weiher 14,Rewe,Frische & Convenience,2023-07-09,"Gültig ab morgen bis Samstag, 15.07.2023"
Billie Green Veganer Bacon oder vegane Schinkenwürfel,https://img.rewe-static.de/REWE_CENTER_HZ28_2023/8778253/36494897-11_digital-image.png?impolicy=s-offers&imwidth=200&output-format=image/webp,,https://shop.rewe.de/productList?search=2832136,,"je 90-g-Pckg , (1 kg = 17.67)",Aktion,"1,59 €","b'ProduktbeschreibungArtikelnummer 8778253Zutaten & AllergeneZutaten: 45% WEIZENGLUTEN, Trinkwasser, Knoblauch, Zitronensaft aus Zitronensaftkonzentrat, Raps\xc3\xb6l, Dextrose, Speisesalz, Tomatenmark, nat\xc3\xbcrliches Aroma, fraktioniertes Erbsenmehl, f\xc3\xa4rbende Lebensmittel: Paprikakonzentrat, Rettichkonzentrat, Karottenkonzentrat; 0,7% texturiertes WEIZENPROTEIN (WEIZENPROTEIN, WEIZENMEHL), Zitrusfaser, Rauchsalz (Salz, Rauch), Buchenholzrauch. Kann Spuren von Ei, Soja, Milch und Laktose enthalten.Allergenhinweise: Enth\xc3\xa4lt: Weizen und Weizenerzeugnisse (glutenhaltiges Getreide). Kann enthalten: Eier und Eierzeugnisse. Soja und Sojaerzeugnisse. Milch und Milcherzeugnisse (einschlie\xc3\x9flich Lactose). Milchzucker (Laktose).N\xc3\xa4hrwerteDurchschnittliche N\xc3\xa4hrwerteUnzubereitet pro 100 gEnergie960 kJEnergie228 kcalFett6 gFett, davon ges\xc3\xa4ttigte Fetts\xc3\xa4uren0,8 gKohlenhydrate7,4 gKohlenhydrate, davon Zucker5,4 gBallaststoffe2,3 gEiwei\xc3\x9f35 gSalz2,8 gHinweiseAufbewahrungs- und Verwendungshinweis: Unge\xc3\xb6ffnet bei max. +7 \xc2\xb0C mindestens haltbar bis: siehe VerpackungsaufdruckInformation: Unter Schutzatmosph\xc3\xa4re verpackt.ArtikeldetailsMarke: Billie GreenEigenschaften: Vegetarisch, VeganUrsprungsland: DeutschlandKontaktKontaktname: The Plantly Butchers GmbH & Co. KGKontaktadresse: Lise-Meitner-Stra\xc3\x9fe 3, 49076 Osnabr\xc3\xbcckMaximale Bestellmenge: 15 St\xc3\xbcckF\xc3\xbcr die vorstehenden Angaben wird keine Haftung \xc3\xbcbernommen. Bitte pr\xc3\xbcfen Sie im Einzelfall die Angaben auf der jeweiligen Produktverpackung, nur diese sind verbindlich.Das Produktdesign kann von der Abbildung abweichen.'",Im Weiher 14,Rewe,Frische & Convenience,2023-07-09,"Gültig ab morgen bis Samstag, 15.07.2023"
Citterio Mailänder Salami Strafino,https://img.rewe-static.de/REWE_CENTER_HZ28_2023/5310075/23629963-7_digital-image.png?impolicy=s-offers&imwidth=200&output-format=image/webp,,https://shop.rewe.de/productList?search=2832136,,je 100 g,Aktion,"2,19 €","b'ProduktbeschreibungArtikelnummer 5310075Frisch f\xc3\xbcr dich aus unserer Servicetheke.\n\nZutaten: Schweinefleisch, Nitritp\xc3\xb6kelsalz (Kochsalz), Konservierungsstoff: E250 Gew\xc3\xbcrze, Zucker, Gew\xc3\xbcrzkr\xc3\xa4uter Antioxidationsmittel: E300, E 301, Konservierungsstoff. E252.\n\n100g Salami werden hergestellt aus 155g Schweinefleisch.\n\nN\xc3\xa4hrwerte je 100g:\nEnergie: 1660kj\nEnergie: 400kcal\nFett: 32g\nFett, davon ges\xc3\xa4ttigte Fetts\xc3\xa4uren: 13g\nKohlenhydrate: 0,5g\nKohlenhydrate, davon Zucker: 0,5g\nEiwei\xc3\x9f: 28g\nSalz: 4,6g fein gek\xc3\xb6rnte Spitzenqualit\xc3\xa4t, leicht ger\xc3\xa4uchert, mindestens 3 Monate gereiftZutaten & AllergeneZutaten: Schweinefleisch, Nitritp\xc3\xb6kelsalz (Kochsalz, Konservierungsstoff: Natriumnitrit), Zucker, Gew\xc3\xbcrze, Gew\xc3\xbcrzkr\xc3\xa4uter, Antioxidationsmittel: Natriumascorbat, Ascorbins\xc3\xa4ure; Konservierungsstoff: Kaliumnitrat. 100g Salami hergestellt aus 155g Schweinefleisch.Allergenhinweise: Enth\xc3\xa4lt: Keine deklarationspflichtigen Allergene enthalten.N\xc3\xa4hrwerteDurchschnittliche N\xc3\xa4hrwerteUnzubereitet pro 100 gEnergie1.660 kJEnergie400 kcalFett32 gFett, davon ges\xc3\xa4ttigte Fetts\xc3\xa4uren13 gKohlenhydrate0,5 gKohlenhydrate, davon Zucker0,5 gEiwei\xc3\x9f28 gSalz4,6 gHinweiseAufbewahrungs- und Verwendungshinweis: Unter +7\xc2\xb0C lagern, nach dem \xc3\x96ffnen innerhalb kurzer Zeit verzehren.Information: Konservierungsstoff: E250 (Natriumnitrit), E252(Kaliumnitrat); Antioxidationsmittel: E301 (Natriumascorbat), E300 (Ascorbins\xc3\xa4ure); Wursth\xc3\xbclle nicht essbar.ArtikeldetailsUrsprungsland: ItalienKontaktKontaktname: Giuseppe Citterio Salumificio S.P.A.Kontaktadresse: Corso Europa 206, 20017 RhoMaximale Bestellmenge: 15 St\xc3\xbcckF\xc3\xbcr die vorstehenden Angaben wird keine Haftung \xc3\xbcbernommen. Bitte pr\xc3\xbcfen Sie im Einzelfall die Angaben auf der jeweiligen Produktverpackung, nur diese sind verbindlich.Das Produktdesign kann von der Abbildung abweichen.'",Im Weiher 14,Rewe,Frische & Convenience,2023-07-09,"Gültig ab morgen bis Samstag, 15.07.2023"
Bonduelle Mild & Wild,https://img.rewe-static.de/REWE_CENTER_HZ28_2023/7696518/38578908-2_digital-image.png?impolicy=s-offers&imwidth=200&output-format=image/webp,,https://shop.rewe.de/productList?search=2832136,,"je 140-g-Btl , (1 kg = 12.79)",Aktion,"1,79 €",nan,Im Weiher 14,Rewe,Frische & Convenience,2023-07-09,"Gültig ab morgen bis Samstag, 15.07.2023"
Frischkäse- zubereitung,https://img.rewe-static.de/REWE_CENTER_HZ28_2023/7696999/33031571-2_digital-image.png?impolicy=s-offers&imwidth=200&output-format=image/webp,,https://shop.rewe.de/productList?search=2832136,,"mit Lauchzwiebel , je 100 g",Aktion,"1,19 €",nan,Im Weiher 14,Rewe,Frische & Convenience,2023-07-09,"Gültig ab morgen bis Samstag, 15.07.2023"
Bonduelle Kopfsalat,https://img.rewe-static.de/REWE_CENTER_HZ28_2023/3420657/31569161-16_digital-image.png?impolicy=s-offers&imwidth=200&output-format=image/webp,,https://shop.rewe.de/productList?search=2832136,,"je 175-g-Btl , (1 kg = 10.23)",Aktion,"1,79 €","b'ProduktbeschreibungArtikelnummer 3420657Zutaten & AllergeneZutaten: Kopfsalat, 3% Schnittlauch, 1% DillN\xc3\xa4hrwerteDurchschnittliche N\xc3\xa4hrwerteUnzubereitet pro 100 gEnergie62 kJEnergie15 kcalFett0,2 gFett, davon ges\xc3\xa4ttigte Fetts\xc3\xa4uren0 gKohlenhydrate1,1 gKohlenhydrate, davon Zucker1 gBallaststoffe1,5 gEiwei\xc3\x9f1,3 gSalz0,05 gHinweiseAufbewahrungs- und Verwendungshinweis: K\xc3\xbchl lagern bei +2\xc2\xb0C bis + 7\xc2\xb0C.Information: Unter Schutzatmosph\xc3\xa4re verpacktArtikeldetailsMarke: BonduelleUrsprungsland: DeutschlandKontaktKontaktname: Bonduelle Deutschland GmbHKontaktadresse: 72766 ReutlingenMaximale Bestellmenge: 15 St\xc3\xbcckF\xc3\xbcr die vorstehenden Angaben wird keine Haftung \xc3\xbcbernommen. Bitte pr\xc3\xbcfen Sie im Einzelfall die Angaben auf der jeweiligen Produktverpackung, nur diese sind verbindlich.Das Produktdesign kann von der Abbildung abweichen.'",Im Weiher 14,Rewe,Frische & Convenience,2023-07-09,"Gültig ab morgen bis Samstag, 15.07.2023"
Ponnath Delikatess Prosciutto Cotto,https://img.rewe-static.de/REWE_CENTER_HZ28_2023/2231617/25159847-9_digital-image.png?impolicy=s-offers&imwidth=200&output-format=image/webp,,https://shop.rewe.de/productList?search=2832136,,"je 150-g-Pckg , (1 kg = 15.27)",Aktion,"2,29 €","b'ProduktbeschreibungArtikelnummer 2231617Original italienisches Rezept. Zutaten & AllergeneZutaten: Schweinefleisch, S\xc3\xa4ureregulatoren: Kaliumlactat, Natriumacetate; jodiertes Speisesalz (Speisesalz, Kaliumjodat), Glukosesirup, Gew\xc3\xbcrzextrakte, Gew\xc3\xbcrze, Stabilisator: Triphosphate, Antioxidationsmittel: Natriumascorbat, Konservierungsstoff: Natriumnitrit.N\xc3\xa4hrwerteDurchschnittliche N\xc3\xa4hrwerteUnzubereitet pro 100 gEnergie455 kJEnergie108 kcalFett2,5 gFett, davon ges\xc3\xa4ttigte Fetts\xc3\xa4uren1,1 gKohlenhydrate1 gKohlenhydrate, davon Zucker0,8 gEiwei\xc3\x9f20,2 gSalz2,1 gHinweiseAufbewahrungs- und Verwendungshinweis: Bei unter + 7\xc2\xb0CInformation: Unter Schutzatmosph\xc3\xa4re verpackt.ArtikeldetailsMarke: PonnathUrsprungsland: DeutschlandKontaktKontaktname: Ponnath DIE MEISTERMETZGER GmbHKontaktadresse: Bayreuther Str. 40, D-95478 KemnathF\xc3\xbcr die vorstehenden Angaben wird keine Haftung \xc3\xbcbernommen. Bitte pr\xc3\xbcfen Sie im Einzelfall die Angaben auf der jeweiligen Produktverpackung, nur diese sind verbindlich.Das Produktdesign kann von der Abbildung abweichen.'",Im Weiher 14,Rewe,Frische & Convenience,2023-07-09,"Gültig ab morgen bis Samstag, 15.07.2023"
ja! Frisches ganzes Hähnchen,https://img.rewe-static.de/REWE_CENTER_HZ28_2023/7955894/37972233-17_digital-image.png?impolicy=s-offers&imwidth=200&output-format=image/webp,,https://shop.rewe.de/productList?search=2832136,,"ohne Hals und Innereien, Hkl. A, Haltungsform 2, SB-verpackt , je 1 kg",Tiefpreis,"4,99 €","b'ProduktbeschreibungArtikelnummer 7955894Zutaten & AllergeneZutaten: KEINE  KEINEN\xc3\xa4hrwerteDurchschnittliche N\xc3\xa4hrwertepro 100 gEnergie562 kJEnergie134 kcalFett6 gFett, davon ges\xc3\xa4ttigte Fetts\xc3\xa4uren2 gKohlenhydrate0 gKohlenhydrate, davon Zucker0 gBallaststoffe0 gEiwei\xc3\x9f20 gSalz0,15 gArtikeldetailsMarke: ja!NachhaltigkeitWeitere Informationen zu den Siegeln findest du in unserer Siegelkunde.F\xc3\xbcr die vorstehenden Angaben wird keine Haftung \xc3\xbcbernommen. Bitte pr\xc3\xbcfen Sie im Einzelfall die Angaben auf der jeweiligen Produktverpackung, nur diese sind verbindlich.Das Produktdesign kann von der Abbildung abweichen.'",Im Weiher 14,Rewe,Frische & Convenience,2023-07-09,"Gültig ab morgen bis Samstag, 15.07.2023"
Landliebe Joghurt mild,https://img.rewe-static.de/REWE_CENTER_HZ28_2023/4629582/3136260-24_digital-image.png?impolicy=s-offers&imwidth=200&output-format=image/webp,,https://shop.rewe.de/productList?search=2832136,,"1,5% Fett , je 200-g-Becher , (1 kg = 1.95)",Aktion,"0,39 €","b'ProduktbeschreibungArtikelnummer 4629582Zutaten & AllergeneAllergenhinweise: Enth\xc3\xa4lt: Milch und Milcherzeugnisse (einschlie\xc3\x9flich Lactose).N\xc3\xa4hrwerteDurchschnittliche N\xc3\xa4hrwerteUnzubereitet pro 100 gEnergie207 kJEnergie49 kcalFett1,5 gFett, davon ges\xc3\xa4ttigte Fetts\xc3\xa4uren1 gKohlenhydrate4,5 gKohlenhydrate, davon Zucker4,5 gEiwei\xc3\x9f4,4 gSalz0,14 gHinweiseAufbewahrungs- und Verwendungshinweis: Bei +8 \xc2\xb0C mindestens haltbar bis: siehe DeckelArtikeldetailsMarke: LandliebeUrsprungsland: DeutschlandPackungsgr\xc3\xb6\xc3\x9fe: 200gKontaktKontaktname: Landliebe Molkereiprodukte GmbHKontaktadresse: 74078 Heilbronn DEUTSCHLANDF\xc3\xbcr die vorstehenden Angaben wird keine Haftung \xc3\xbcbernommen. Bitte pr\xc3\xbcfen Sie im Einzelfall die Angaben auf der jeweiligen Produktverpackung, nur diese sind verbindlich.Das Produktdesign kann von der Abbildung abweichen.'",Im Weiher 14,Rewe,Kühlung,2023-07-09,"Gültig ab morgen bis Samstag, 15.07.2023"
Landliebe Vollmilchpudding,https://img.rewe-static.de/REWE_CENTER_HZ28_2023/8395149/37709425-7_digital-image.png?impolicy=s-offers&imwidth=200&output-format=image/webp,,https://shop.rewe.de/productList?search=2832136,,"Schoko , je 225-g-Becher , (1 kg = 2.18)",Aktion,"0,49 €","b'ProduktbeschreibungArtikelnummer 8395149Zutaten & AllergeneZutaten: 86% VOLLMILCH, Zucker, 4 % Schokoladenpulver (Zucker, Kakao), modifizierte St\xc3\xa4rke, 1,5 % fettarmer Kakao, St\xc3\xa4rke.Allergenhinweise: Enth\xc3\xa4lt: Milch und Milcherzeugnisse (einschlie\xc3\x9flich Lactose).N\xc3\xa4hrwerteDurchschnittliche N\xc3\xa4hrwerteUnzubereitet pro 100 gEnergie442 kJEnergie105 kcalFett3,7 gFett, davon ges\xc3\xa4ttigte Fetts\xc3\xa4uren2,5 gKohlenhydrate14 gKohlenhydrate, davon Zucker11 gEiwei\xc3\x9f3,5 gSalz0,15 gHinweiseAufbewahrungs- und Verwendungshinweis: Unge\xc3\xb6ffnet bei +8\xc2\xb0C mindestens haltbar bis: siehe Deckel.ArtikeldetailsMarke: LandliebeUrsprungsland: DeutschlandKontaktKontaktname: Landliebe Molkereiprodukte GmbHKontaktadresse: 74078 Heilbronn DEUTSCHLANDMaximale Bestellmenge: 15 St\xc3\xbcckF\xc3\xbcr die vorstehenden Angaben wird keine Haftung \xc3\xbcbernommen. Bitte pr\xc3\xbcfen Sie im Einzelfall die Angaben auf der jeweiligen Produktverpackung, nur diese sind verbindlich.Das Produktdesign kann von der Abbildung abweichen.'",Im Weiher 14,Rewe,Kühlung,2023-07-09,"Gültig ab morgen bis Samstag, 15.07.2023"
Landliebe Sahnepudding,https://img.rewe-static.de/REWE_CENTER_HZ28_2023/2861852/1862900-49_digital-image.png?impolicy=s-offers&imwidth=200&output-format=image/webp,,https://shop.rewe.de/productList?search=2832136,,"Schokolade , je 150-g-Becher , (1 kg = 3.27)",Aktion,"0,49 €","b'ProduktbeschreibungArtikelnummer 2861852Zutaten & AllergeneZutaten: 82% SAHNE, 9% Schokoladenpulver (Zucker, Kakao*), Zucker, modifizierte St\xc3\xa4rke, 0,9% fettarmer Kakao*, St\xc3\xa4rke.Allergenhinweise: Enth\xc3\xa4lt: Milch und Milcherzeugnisse (einschlie\xc3\x9flich Lactose).N\xc3\xa4hrwerteDurchschnittliche N\xc3\xa4hrwerteUnzubereitet pro 100 gEnergie680 kJEnergie163 kcalFett8,8 gFett, davon ges\xc3\xa4ttigte Fetts\xc3\xa4uren6 gKohlenhydrate17 gKohlenhydrate, davon Zucker14 gEiwei\xc3\x9f3,3 gSalz0,11 gHinweiseAufbewahrungs- und Verwendungshinweis: Bei +8 \xc2\xb0C mindestens haltbar bis: siehe Deckel.Information: * Rainforest Alliance-zertifizierter Kakao. Weitere Informationen unter ra.org.ArtikeldetailsMarke: LandliebeUrsprungsland: DeutschlandSorte: SchokoladeKontaktKontaktname: Landliebe Molkereiprodukte GmbHKontaktadresse: 74078 Heilbronn DEUTSCHLANDMaximale Bestellmenge: 15 St\xc3\xbcckF\xc3\xbcr die vorstehenden Angaben wird keine Haftung \xc3\xbcbernommen. Bitte pr\xc3\xbcfen Sie im Einzelfall die Angaben auf der jeweiligen Produktverpackung, nur diese sind verbindlich.Das Produktdesign kann von der Abbildung abweichen.'",Im Weiher 14,Rewe,Kühlung,2023-07-09,"Gültig ab morgen bis Samstag, 15.07.2023"
Landliebe Fruchtjoghurt,https://img.rewe-static.de/REWE_CENTER_HZ28_2023/8627792/33528272-4_digital-image.png?impolicy=s-offers&imwidth=200&output-format=image/webp,,https://shop.rewe.de/productList?search=2832136,,"Erdbeere , je 150-g-Becher , (1 kg = 2.60)",Aktion,"0,39 €","b'ProduktbeschreibungArtikelnummer 8627792Zutaten & AllergeneZutaten: JOGHURT, Erdbeeren*, Zucker, Erdbeersaft* aus Erdbeersaftkonzentrat, modifizierte St\xc3\xa4rke, f\xc3\xa4rbendes Pflanzenkonzentrat (Rote Bete), nat\xc3\xbcrliches Aroma, Verdickungsmittel Pektine.* Frucht im Endprodukt: 11%Allergenhinweise: Enth\xc3\xa4lt: Milch und Milcherzeugnisse (einschlie\xc3\x9flich Lactose).N\xc3\xa4hrwerteDurchschnittliche N\xc3\xa4hrwerteUnzubereitet pro 100 gEnergie370 kJEnergie88 kcalFett3,1 gFett, davon ges\xc3\xa4ttigte Fetts\xc3\xa4uren2,1 gKohlenhydrate12 gKohlenhydrate, davon Zucker10 gEiwei\xc3\x9f2,9 gSalz0,11 gHinweiseAufbewahrungs- und Verwendungshinweis: Bei +8 \xc2\xb0C mindestens haltbar bis: siehe DeckelArtikeldetailsMarke: LandliebeUrsprungsland: DeutschlandKontaktKontaktname: Landliebe Molkereiprodukte GmbHKontaktadresse: 74078 Heilbronn DEUTSCHLANDF\xc3\xbcr die vorstehenden Angaben wird keine Haftung \xc3\xbcbernommen. Bitte pr\xc3\xbcfen Sie im Einzelfall die Angaben auf der jeweiligen Produktverpackung, nur diese sind verbindlich.Das Produktdesign kann von der Abbildung abweichen.'",Im Weiher 14,Rewe,Kühlung,2023-07-09,"Gültig ab morgen bis Samstag, 15.07.2023"
Landliebe Joghurt,https://img.rewe-static.de/REWE_CENTER_HZ28_2023/6737188/7396340-14_digital-image.png?impolicy=s-offers&imwidth=200&output-format=image/webp,,https://shop.rewe.de/productList?search=2832136,,"versch. Sorten , je 500-g-Glas , (1 kg = 1.98) , zzgl. 0.15 Pfand",Aktion,"0,99 €","b'ProduktbeschreibungArtikelnummer 6737188Zutaten & AllergeneZutaten: Joghurt mildAllergenhinweise: Enth\xc3\xa4lt: Milch und Milcherzeugnisse (einschlie\xc3\x9flich Lactose).N\xc3\xa4hrwerteDurchschnittliche N\xc3\xa4hrwerteUnzubereitet pro 100 gEnergie336 kJEnergie80 kcalFett3,8 gFett, davon ges\xc3\xa4ttigte Fetts\xc3\xa4uren2,6 gKohlenhydrate6,2 gKohlenhydrate, davon Zucker6,2 gEiwei\xc3\x9f5,3 gSalz0,1 gHinweiseAufbewahrungs- und Verwendungshinweis: Bei +8 \xc2\xb0C mindestens haltbar bis:siehe VerpackungsaufdruckArtikeldetailsMarke: LandliebeUrsprungsland: DeutschlandKontaktKontaktname: Landliebe Molkereiprodukte GmbHKontaktadresse: 74078 Heilbronn DEUTSCHLANDMaximale Bestellmenge: 15 St\xc3\xbcckF\xc3\xbcr die vorstehenden Angaben wird keine Haftung \xc3\xbcbernommen. Bitte pr\xc3\xbcfen Sie im Einzelfall die Angaben auf der jeweiligen Produktverpackung, nur diese sind verbindlich.Das Produktdesign kann von der Abbildung abweichen.'",Im Weiher 14,Rewe,Kühlung,2023-07-09,"Gültig ab morgen bis Samstag, 15.07.2023"
Alpro Mandel Drink,https://img.rewe-static.de/REWE_CENTER_HZ28_2023/3215020/26398683-18_digital-image.png?impolicy=s-offers&imwidth=200&output-format=image/webp,,https://shop.rewe.de/productList?search=2832136,,"versch. Sorten , je 1-l-Pckg",Aktion,"1,99 €","b'ProduktbeschreibungArtikelnummer 3215020FEINER MARZIPAN-GESCHMACK. Unser Drink schmeckt frisch und cremig mit Mandeln, die aus Italien und Spanien kommen. Unger\xc3\xb6stet behalten sie ihr urspr\xc3\xbcnglich feines Aroma. Ein EINZIGARTIGES MANDELERLEBNIS nach italienischer Art. Ein Genuss zu M\xc3\xbcsli oder gek\xc3\xbchlt im Glas. DRINK \xe2\x80\x93 ALMOND \xe2\x80\x93 UNROASTED \xe2\x80\x93 NS \xe2\x80\x93 SD \xe2\x80\x93 LONG \xe2\x80\x93 SIG2 Mit CALCIUM und Vitamin D2, die zur Erhaltung der Knochen beitragen. Von Natur aus FETTARM. Au\xc3\x9ferdem OHNE ein einzigesg ZUCKER! VOR ALLEM DURCH REGEN BEW\xc3\x84SSERT, verbraucht 8-mal weniger Wasser als herk\xc3\xb6mmlich bew\xc3\xa4sserte Mandeln.* *Werte basieren auf einer \xc3\x96kobilanz des Alpro Mandeldrinks vs. Milch in der EU, (Expertengutachten: Quantis 2021). Unsere Mandeln verbrauchen 80% des f\xc3\xbcr die Herstellung dieses Produktes ben\xc3\xb6tigten Wassers. Unsere Mandeln brauchen mehr Land als herk\xc3\xb6mmlich bew\xc3\xa4sserte Mandeln. Ihr Wasserbedarf wird mindestens zu 2/3 durch Regen abgedeckt. Mehr auf alpro.com/planetZutaten & AllergeneZutaten: Wasser, MANDELN (2,3%), Calcium (Tricalciumphosphat), Meersalz, Stabilisatoren (Johannisbrotkernmehl, Gellan), Emulgator (Lecithine), nat\xc3\xbcrliches Aroma, Vitamine (B2, B12, E, D2). Mandeln aus Italien und Spanien. Kann Spuren von Schalenfr\xc3\xbcchten (keine Erdn\xc3\xbcsse) enthalten.Allergenhinweise: MANDELNEnth\xc3\xa4lt: N\xc3\xbcsse und Nusserzeugnisse.N\xc3\xa4hrwerteDurchschnittliche N\xc3\xa4hrwerteUnzubereitet pro 100 mlEnergie56 kJEnergie13 kcalFett1,1 gFett, davon ges\xc3\xa4ttigte Fetts\xc3\xa4uren0,1 gFett, davon einfach unges\xc3\xa4ttigte Fetts\xc3\xa4uren0,8 gFett, davon mehrfach unges\xc3\xa4ttigte Fetts\xc3\xa4uren0,2 gKohlenhydrate0 gKohlenhydrate, davon Zucker0 gBallaststoffe0,2 gEiwei\xc3\x9f0,5 gSalz0,14 gVitamin D0,75 \xc2\xb5gVitamin E1,8 mgVitamin C0 mgThiamin0,09 mgRiboflavin0,21 mgCalcium120 mgNatrium0,06 gVitamin B120,38 \xc2\xb5gLaktose0 gHinweiseAufbewahrungs- und Verwendungshinweis: Mindestens haltbar bis: siehe Oberseite. Nach Anbruch 5 Tage im K\xc3\xbchlschrank haltbar (+1\xc2\xb0C bis +7\xc2\xb0C). Gut sch\xc3\xbctteln.Information: Ohne ZuckerArtikeldetailsMarke: AlproEigenschaften: Laktosefrei, VeganUrsprungsland: GrossbritannienServiervorschlag: 100% pflanzlich.KontaktKontaktname: Danone Deutschland GmbHKontaktadresse: Postfach 100359, 60003 FrankfurtF\xc3\xbcr die vorstehenden Angaben wird keine Haftung \xc3\xbcbernommen. Bitte pr\xc3\xbcfen Sie im Einzelfall die Angaben auf der jeweiligen Produktverpackung, nur diese sind verbindlich.Das Produktdesign kann von der Abbildung abweichen.'",Im Weiher 14,Rewe,Kühlung,2023-07-09,"Gültig ab morgen bis Samstag, 15.07.2023"
Meggle Kräuter-Tube Vegan,https://img.rewe-static.de/REWE_CENTER_HZ28_2023/7814816/35135529-6_digital-image.png?impolicy=s-offers&imwidth=200&output-format=image/webp,,https://shop.rewe.de/productList?search=2832136,,"je 80-ml-Tube , (1 l = 18.63)",Aktion,"1,49 €","b'ProduktbeschreibungArtikelnummer 7814816Zutaten & AllergeneZutaten: Pflanzliche \xc3\x96le und Fette (Raps, Kokos, Shea, in ver\xc3\xa4nderlichen Gewichtsanteilen), Wasser, Zwiebeln 11%, Petersilie 6%, Knoblauch 4%, Salz, St\xc3\xa4rke, Gew\xc3\xbcrze, Kr\xc3\xa4uter, Zitronensaftkonzentrat, Emulgatoren: Lecithin (SOJA), Mono- und Diglyceride von Speisefetts\xc3\xa4uren; nat\xc3\xbcrliches Knoblaucharoma, Farbstoff: Beta-Carotin.N\xc3\xa4hrwerteDurchschnittliche N\xc3\xa4hrwerteUnzubereitet pro 100 gEnergie2.092 kJEnergie509 kcalFett55 gFett, davon ges\xc3\xa4ttigte Fetts\xc3\xa4uren16 gKohlenhydrate2,3 gKohlenhydrate, davon Zucker0,9 gEiwei\xc3\x9f0,6 gSalz1,9 gHinweiseAufbewahrungs- und Verwendungshinweis: K\xc3\xbchlung bei < 10 \xc2\xb0C ohne UnterbrechungArtikeldetailsMarke: MeggleEigenschaften: Vegan, LaktosefreiUrsprungsland: DeutschlandKontaktKontaktname: MEGGLE GmbH & Co. KGKontaktadresse: Megglestr. 6-12 83512 WasserburgF\xc3\xbcr die vorstehenden Angaben wird keine Haftung \xc3\xbcbernommen. Bitte pr\xc3\xbcfen Sie im Einzelfall die Angaben auf der jeweiligen Produktverpackung, nur diese sind verbindlich.Das Produktdesign kann von der Abbildung abweichen.'",Im Weiher 14,Rewe,Kühlung,2023-07-09,"Gültig ab morgen bis Samstag, 15.07.2023"
Meggle Kräuter-Butter,https://img.rewe-static.de/REWE_CENTER_HZ28_2023/4529472/7395990-34_digital-image.png?impolicy=s-offers&imwidth=200&output-format=image/webp,,https://shop.rewe.de/productList?search=2832136,,"je 5 x 20-g-Pckg , (1 kg = 14.90)",Aktion,"1,49 €","b'ProduktbeschreibungArtikelnummer 4529472Zutaten & AllergeneZutaten: BUTTER, Zwiebeln, Petersilie 6%, Knoblauch 3%, Salz, Kr\xc3\xa4uter, Gew\xc3\xbcrze, St\xc3\xa4rke, Zitronensaft*, nat\xc3\xbcrliches Knoblaucharoma. *aus KonzentratAllergenhinweise: Enth\xc3\xa4lt: Milch und Milcherzeugnisse (einschlie\xc3\x9flich Lactose).N\xc3\xa4hrwerteDurchschnittliche N\xc3\xa4hrwerteUnzubereitet pro 100 gEnergie2.377 kJEnergie578 kcalFett62 gFett, davon ges\xc3\xa4ttigte Fetts\xc3\xa4uren40 gKohlenhydrate3,3 gKohlenhydrate, davon Zucker2,4 gBallaststoffe0,6 gEiwei\xc3\x9f1,2 gSalz2,1 gNatrium0,85 gHinweiseAufbewahrungs- und Verwendungshinweis: K\xc3\xbchlung bei < 10 \xc2\xb0C ohne Unterbrechung oder tiefgek\xc3\xbchlt (\xe2\x89\xa4-18 \xc2\xb0C)ArtikeldetailsMarke: MeggleUrsprungsland: DeutschlandPackungsgr\xc3\xb6\xc3\x9fe: 5x20gKontaktKontaktname: MEGGLE GmbH & Co. KGKontaktadresse: Megglestr. 6-1283512 WasserburgMaximale Bestellmenge: 15 St\xc3\xbcckF\xc3\xbcr die vorstehenden Angaben wird keine Haftung \xc3\xbcbernommen. Bitte pr\xc3\xbcfen Sie im Einzelfall die Angaben auf der jeweiligen Produktverpackung, nur diese sind verbindlich.Das Produktdesign kann von der Abbildung abweichen.'",Im Weiher 14,Rewe,Kühlung,2023-07-09,"Gültig ab morgen bis Samstag, 15.07.2023"
Cheestrings Original,https://img.rewe-static.de/REWE_CENTER_HZ28_2023/7033238/26586529-15_digital-image.png?impolicy=s-offers&imwidth=200&output-format=image/webp,,https://shop.rewe.de/productList?search=2832136,,"je 4 x 20-g-Pckg , (1 kg = 21.13)",Aktion,"1,69 €","b'ProduktbeschreibungArtikelnummer 7033238Zutaten & AllergeneZutaten: MILCH (96%), Salz, S\xc3\xa4ureregulatoren (Citronens\xc3\xa4ure, Milchs\xc3\xa4ure), Mikrobieller Labersatzstoff, Starterkulturen (MILCH), Vitamin B6, Vitamin B12.Allergenhinweise: Enth\xc3\xa4lt: Milch und Milcherzeugnisse (einschlie\xc3\x9flich Lactose).N\xc3\xa4hrwerteDurchschnittliche N\xc3\xa4hrwerteUnzubereitet pro 100 gEnergie1.264 kJEnergie304 kcalFett22,5 gFett, davon ges\xc3\xa4ttigte Fetts\xc3\xa4uren14,2 gKohlenhydrate2,5 gKohlenhydrate, davon Zucker1 gEiwei\xc3\x9f23 gSalz1,8 gHinweiseAufbewahrungs- und Verwendungshinweis: Bei 4-8\xc2\xb0C mindestens haltbar bis: siehe VerpackungsaufdruckArtikeldetailsMarke: CheestringsUrsprungsland: IrlandKontaktKontaktname: Privatmolkerei Bauer GmbH & Co. KGKontaktadresse: 83512 Wasserburg/InnMaximale Bestellmenge: 15 St\xc3\xbcckF\xc3\xbcr die vorstehenden Angaben wird keine Haftung \xc3\xbcbernommen. Bitte pr\xc3\xbcfen Sie im Einzelfall die Angaben auf der jeweiligen Produktverpackung, nur diese sind verbindlich.Das Produktdesign kann von der Abbildung abweichen.'",Im Weiher 14,Rewe,Kühlung,2023-07-09,"Gültig ab morgen bis Samstag, 15.07.2023"
"Mini Donuts Kakao
            2",https://img.rewe-static.de/REWE_CENTER_HZ28_2023/8436921/31449449-7_digital-image.png?impolicy=s-offers&imwidth=200&output-format=image/webp,,https://shop.rewe.de/productList?search=2832136,,"frittiertes Hefeteiggebäck dekoriert mit dunkler kakaohaltiger Glasur , je 180-g-Pckg , (1 kg = 11.06)",Aktion,"1,99 €","b'ProduktbeschreibungArtikelnummer 8436921kakaohaltiger Fettglasur (15%); aufgetaut \n\nZutaten: Mehl (WEIZEN); pflanzliche \xc3\x96le und Fette (Palm; Kokos; Raps; Sonnenblumen); Wasser; Zucker; Hefe; fettarmes Kakaopulver (1,9%); S\xc3\x9cSSMOLKENPULVER (MILCH); Dextrose; Salz; SOJAMEHL; Backtriebmittel (E450i; E500ii); MAGERMILCHPULVER; Emulgator (E471; E481); nat\xc3\xbcrliches Aroma. \n\nKann Spuren von EI und SCHALENFR\xc3\x9cCHTEN enthalten.\n\nN\xc3\xa4hrwerte je 100g:\nEnergie: 412kcal\nEnergie: 1719KJ\nFett: 24g\nFett, davon ges\xc3\xa4ttigte Fetts\xc3\xa4uren: 14g\nKohlenhydrate: 39g\nKohlenhydrate, davon Zucker: 11g\nEiwei\xc3\x9f: 8,5g\nSalz: 1,1g... mehr anzeigenArtikeldetailsMarke: REWE Beste WahlF\xc3\xbcr die vorstehenden Angaben wird keine Haftung \xc3\xbcbernommen. Bitte pr\xc3\xbcfen Sie im Einzelfall die Angaben auf der jeweiligen Produktverpackung, nur diese sind verbindlich.Das Produktdesign kann von der Abbildung abweichen.'",Im Weiher 14,Rewe,Kühlung,2023-07-09,"Gültig ab morgen bis Samstag, 15.07.2023"
"Choc Sprinkle Donut
            2",https://img.rewe-static.de/REWE_CENTER_HZ28_2023/2968825/27053303-12_digital-image.png?impolicy=s-offers&imwidth=200&output-format=image/webp,,https://shop.rewe.de/productList?search=2832136,,je St,Aktion,"1,00 €",nan,Im Weiher 14,Rewe,Kühlung,2023-07-09,"Gültig ab morgen bis Samstag, 15.07.2023"
Riesengarnelen,https://img.rewe-static.de/REWE_CENTER_HZ28_2023/7238070/22260163-17_digital-image.png?impolicy=s-offers&imwidth=200&output-format=image/webp,,https://shop.rewe.de/productList?search=2832136,,"in Dillcreme , je 100 g",Aktion,"2,99 €","b'ProduktbeschreibungArtikelnummer 7238070Frisch f\xc3\xbcr dich aus unserer Servicetheke. Zutaten & AllergeneZutaten: ASC-GARNELEN 50 %, Raps\xc3\xb6l, JOGHURT, Wasser, Mango Chutney (Zucker, Mango, Zuckerrohr-Essig, Salz, Gew\xc3\xbcrze), Branntweinessig, EIGELB, Kr\xc3\xa4uter, Senf (Wasser, SENFSAATEN, Branntweinessig, Salz, Gew\xc3\xbcrz), modifizierte Kartoffelst\xc3\xa4rke, Maisst\xc3\xa4rke, Stabilisator: Guarkernmehl, Zucker, Schmelzk\xc3\xa4sezubereitung (K\xc3\x84SE, BUTTER, SPEISEQUARK, Wasser, MOLKENPULVER, Schmelzsalze: Natriumcitrate, Natriumpolyphosphat und Natriumphosphate, MILCHPROTEINE, Pfeffer), S\xc3\xa4uerungsmittel: Citronens\xc3\xa4ure, Essigs\xc3\xa4ure und Milchs\xc3\xa4ure, S\xc3\xa4ureregulator: Natriumacetat, Salz, Gew\xc3\xbcrze, Gew\xc3\xbcrzextraktAllergenhinweise: Enth\xc3\xa4lt: Krebstiere und Krebstiererzeugnisse. Eier und Eierzeugnisse. H\xc3\xbclsenfr\xc3\xbcchte und Nebenerzeugnisse. Senf- und Senferzeugnisse. Milchzucker (Laktose). Milch und Milcherzeugnisse (einschlie\xc3\x9flich Lactose). Mais und Maiserzeugnisse.N\xc3\xa4hrwerteDurchschnittliche N\xc3\xa4hrwerteUnzubereitet pro 100 gEnergie931 kJEnergie225 kcalFett20,1 gFett, davon ges\xc3\xa4ttigte Fetts\xc3\xa4uren2,1 gKohlenhydrate3,4 gKohlenhydrate, davon Zucker2,7 gEiwei\xc3\x9f7,3 gSalz1,7 gHinweiseAufbewahrungs- und Verwendungshinweis: bei +2 \xc2\xb0C bis +7 \xc2\xb0C lagernInformation: mit Milcheiwei\xc3\x9fArtikeldetailsMarke: BeeckNettof\xc3\xbcllmenge: 1 KGUrsprungsland: DeutschlandKontaktKontaktname: Deutsche See GmbHKontaktadresse: Maifischstrasse 3-9, 27572 BremerhavenF\xc3\xbcr die vorstehenden Angaben wird keine Haftung \xc3\xbcbernommen. Bitte pr\xc3\xbcfen Sie im Einzelfall die Angaben auf der jeweiligen Produktverpackung, nur diese sind verbindlich.Das Produktdesign kann von der Abbildung abweichen.'",Im Weiher 14,Rewe,Kühlung,2023-07-09,"Gültig ab morgen bis Samstag, 15.07.2023"
Milram Müritzer Scheiben,https://img.rewe-static.de/REWE_CENTER_HZ28_2023/7215406/27484152-9_digital-image.png?impolicy=s-offers&imwidth=200&output-format=image/webp,,https://shop.rewe.de/productList?search=2832136,,"Schnittkäse, 55% Fett i.Tr. , je 150-g-Pckg , (1 kg = 9.93)",Knaller,"1,49 €","b'ProduktbeschreibungArtikelnummer 7215406Zutaten & AllergeneZutaten: pasteurisierte KUHMILCH, Speisesalz, S\xc3\xa4uerungskulturen, mikrobielles Lab, Farbstoff: Carotin, Annatto Norbixin(pflanzlicher Farbstoff)Allergenhinweise: Enth\xc3\xa4lt: Milch und Milcherzeugnisse (einschlie\xc3\x9flich Lactose).N\xc3\xa4hrwerteDurchschnittliche N\xc3\xa4hrwerteUnzubereitet pro 100 gEnergie1.599 kJEnergie386 kcalFett33 gFett, davon ges\xc3\xa4ttigte Fetts\xc3\xa4uren22,8 gKohlenhydrate< 0,1 gKohlenhydrate, davon Zucker< 0,1 gEiwei\xc3\x9f21 gSalz1,8 gCalcium650 mgHinweiseAufbewahrungs- und Verwendungshinweis: Unge\xc3\xb6ffnet bei +4\xc2\xb0C bis +8\xc2\xb0C mindestens haltbar bis: Nach dem \xc3\x96ffnen k\xc3\xbchl lagern und innerhalb weniger Tage verbrauchen.Information: unter Schutzatmosph\xc3\xa4re verpackt.ArtikeldetailsMarke: MilramEigenschaften: LaktosefreiUrsprungsland: DeutschlandKontaktKontaktname: DMK GmbHKontaktadresse: 27400 ZevenMaximale Bestellmenge: 15 St\xc3\xbcckF\xc3\xbcr die vorstehenden Angaben wird keine Haftung \xc3\xbcbernommen. Bitte pr\xc3\xbcfen Sie im Einzelfall die Angaben auf der jeweiligen Produktverpackung, nur diese sind verbindlich.Das Produktdesign kann von der Abbildung abweichen.'",Im Weiher 14,Rewe,Kühlung,2023-07-09,"Gültig ab morgen bis Samstag, 15.07.2023"
"Rama zum Streichen, Backen & Kochen",https://img.rewe-static.de/REWE_CENTER_HZ28_2023/8826343/36666364-10_digital-image.png?impolicy=s-offers&imwidth=200&output-format=image/webp,,https://shop.rewe.de/productList?search=2832136,,"je 400-g-Becher , (1 kg = 2.98)",Knaller,"1,19 €","b'ProduktbeschreibungArtikelnummer 8826343100% nat\xc3\xbcrliche Zutaten, 100% Pflanzlich, \nGern k\xc3\xbchl lagern. Mit 100% nat\xc3\xbcrlichen Zutaten ist Rama auch k\xc3\xbchlschrankkalt immer einsatzbereit.Zutaten & AllergeneZutaten: pflanzliche \xc3\x96le und Fette (Raps, Palm, Sonnenblumen in ver\xc3\xa4nderlichen Gewichtsanteilen), Trinkwasser, Speisesalz (0.5%), Emulgatoren (Lecithine, Mono- und Diglyceride von Speisefetts\xc3\xa4uren), nat\xc3\xbcrliche Aromen, S\xc3\xa4uerungsmittel (Citronens\xc3\xa4ure), Vitamine (A, D, E), Farbstoff (Carotin).N\xc3\xa4hrwerteDurchschnittliche N\xc3\xa4hrwerteUnzubereitet pro 100 gEnergie2.235 kJEnergie536 kcalFett60 gFett, davon ges\xc3\xa4ttigte Fetts\xc3\xa4uren21 gKohlenhydrate< 0,5 gKohlenhydrate, davon Zucker< 0,5 gEiwei\xc3\x9f< 0,5 gSalz0,5 gVitamin A800 \xc2\xb5gVitamin D7,5 \xc2\xb5gVitamin E9,2 mgHinweiseAufbewahrungs- und Verwendungshinweis: Beste Lagerung zwischen +2\xc2\xb0C und +15 \xc2\xb0C.ArtikeldetailsMarke: RamaUrsprungsland: DeutschlandKontaktKontaktname: Upfield Deutschland GmbHKontaktadresse: Postfach 10 25 27 20017 HamburgMaximale Bestellmenge: 15 St\xc3\xbcckF\xc3\xbcr die vorstehenden Angaben wird keine Haftung \xc3\xbcbernommen. Bitte pr\xc3\xbcfen Sie im Einzelfall die Angaben auf der jeweiligen Produktverpackung, nur diese sind verbindlich.Das Produktdesign kann von der Abbildung abweichen.'",Im Weiher 14,Rewe,Kühlung,2023-07-09,"Gültig ab morgen bis Samstag, 15.07.2023"
Ehrmann Almighurt,https://img.rewe-static.de/REWE_CENTER_HZ28_2023/7659300/9176090-16_digital-image.png?impolicy=s-offers&imwidth=200&output-format=image/webp,,https://shop.rewe.de/productList?search=2832136,,"versch. Sorten , je 150-g-Becher , (1 kg = 2.20)",Knaller,"0,33 €","b'ProduktbeschreibungArtikelnummer 7659300Erlesene Fruchtzubereitung aus Deutschland.Gute Allg\xc3\xa4uer Milch von Familienh\xc3\xb6fen.Zutaten & AllergeneZutaten: JOGHURT mild, Zucker, Heidelbeeren 6,8%, modifizierte St\xc3\xa4rke, f\xc3\xa4rbendes Pflanzenkonzentrat (Karotte), Verdickungsmittel (Pektine, Guarkernmehl), Aroma. Ohne Konservierungsstoffe.Allergenhinweise: Enth\xc3\xa4lt: JoghurtEnth\xc3\xa4lt: Milch und Milcherzeugnisse (einschlie\xc3\x9flich Lactose). Milchzucker (Laktose).N\xc3\xa4hrwerteDurchschnittliche N\xc3\xa4hrwerteUnzubereitet pro 100 gEnergie389 kJEnergie92 kcalFett2,7 gFett, davon ges\xc3\xa4ttigte Fetts\xc3\xa4uren1,8 gKohlenhydrate14 gKohlenhydrate, davon Zucker13 gEiwei\xc3\x9f3 gSalz0,1 gHinweiseAufbewahrungs- und Verwendungshinweis: Bei max. +8 \xc2\xb0C mindestens haltbar bis: siehe DeckelArtikeldetailsMarke: EhrmannUrsprungsland: DeutschlandSorte: HeidelbeereKontaktKontaktname: Ehrmann GmbHKontaktadresse: A.-Ehrmann-Stra\xc3\x9fe 2, 87770 Obersch\xc3\xb6neggMaximale Bestellmenge: 15 St\xc3\xbcckF\xc3\xbcr die vorstehenden Angaben wird keine Haftung \xc3\xbcbernommen. Bitte pr\xc3\xbcfen Sie im Einzelfall die Angaben auf der jeweiligen Produktverpackung, nur diese sind verbindlich.Das Produktdesign kann von der Abbildung abweichen.'",Im Weiher 14,Rewe,Kühlung,2023-07-09,"Gültig ab morgen bis Samstag, 15.07.2023"
Mövenpick Caffè Macchiato,https://img.rewe-static.de/REWE_CENTER_HZ28_2023/2807955/969690-46_digital-image.png?impolicy=s-offers&imwidth=200&output-format=image/webp,,https://shop.rewe.de/productList?search=2832136,,"koffeinhaltig , je 190-ml-Becher , (1 l = 4.68)",Aktion,"0,89 €","b'ProduktbeschreibungArtikelnummer 2807955F\xc3\xbcr alle, die es gerne mild und cremig m\xc3\xb6gen, ist unser ""Iced Coffee Macchiato"" genau das Richtige. Hier treffen feinste Hochland-Arabica-Bohnen auf Robusta-Bohnen und einen Schuss Vollmilch und kreieren so einen einzigartigen runden und harmonischen Milchkaffee.Zutaten & AllergeneZutaten: 79 % VOLLMILCH, 16% Kaffee (fl\xc3\xbcssiger Kaffee-Extrakt, Wasser), Zucker, Verdickungsmittel: Carrageen. Koffeingehalt: ca. 34 mg/100 mlAllergenhinweise: Enth\xc3\xa4lt: Milch und Milcherzeugnisse (einschlie\xc3\x9flich Lactose).N\xc3\xa4hrwerteDurchschnittliche N\xc3\xa4hrwerteUnzubereitet pro 100 gEnergie351 kJEnergie82 kcalFett3,7 gFett, davon ges\xc3\xa4ttigte Fetts\xc3\xa4uren2,6 gKohlenhydrate9,2 gKohlenhydrate, davon Zucker8,8 gEiwei\xc3\x9f3,4 gSalz0,1 gHinweiseAufbewahrungs- und Verwendungshinweis: Bei +8\xc2\xb0C mindestens haltbar bis: siehe DeckelArtikeldetailsMarke: M\xc3\xb6venpickUrsprungsland: DeutschlandSorte: MacchiatoKontaktKontaktname: Privatmolkerei BauerKontaktadresse: 83512 Wasserburg/InnMaximale Bestellmenge: 15 St\xc3\xbcckF\xc3\xbcr die vorstehenden Angaben wird keine Haftung \xc3\xbcbernommen. Bitte pr\xc3\xbcfen Sie im Einzelfall die Angaben auf der jeweiligen Produktverpackung, nur diese sind verbindlich.Das Produktdesign kann von der Abbildung abweichen.'",Im Weiher 14,Rewe,Kühlung,2023-07-09,"Gültig ab morgen bis Samstag, 15.07.2023"
Mövenpick Caffè Cappuccino,https://img.rewe-static.de/REWE_CENTER_HZ28_2023/0021685/21145285-37_digital-image.png?impolicy=s-offers&imwidth=200&output-format=image/webp,,https://shop.rewe.de/productList?search=2832136,,"koffeinhaltig , je 189-ml-Becher , (1 l = 4.71)",Aktion,"0,89 €","b'ProduktbeschreibungArtikelnummer 21685F\xc3\xbcr alle, die es gerne mild und schokoladig m\xc3\xb6gen, ist unser ""Iced Coffee Cappuccino"" genau das Richtige. Hier treffen feinste Hochland-Arabica-Bohnen auf Robusta-Bohnen, beste Milch und feinsten Kakao. Ein cremig-schokoladiger Eiskaffee - f\xc3\xbcr echte Cappuccino-Freunde.Zutaten & AllergeneZutaten: 79% fettarme MILCH, 16% Kaffee (fl\xc3\xbcssiger Kaffee-Extrakt, Wasser), Zucker, 0,5% Kakaopulver, Verdickungsmittel Carrageen. Koffeingehalt: ca. 37 mg/100 mlAllergenhinweise: Enth\xc3\xa4lt: Milch und Milcherzeugnisse (einschlie\xc3\x9flich Lactose).N\xc3\xa4hrwerteDurchschnittliche N\xc3\xa4hrwerteUnzubereitet pro 100 gEnergie277 kJEnergie66 kcalFett1,5 gFett, davon ges\xc3\xa4ttigte Fetts\xc3\xa4uren1 gKohlenhydrate9,4 gKohlenhydrate, davon Zucker8,9 gEiwei\xc3\x9f3,6 gSalz0,1 gHinweiseAufbewahrungs- und Verwendungshinweis: Bei +8\xc2\xb0C mindestens haltbar: siehe DeckelArtikeldetailsMarke: M\xc3\xb6venpickUrsprungsland: DeutschlandSorte: CappuccinoKontaktKontaktname: Privatmolkerei BauerKontaktadresse: 83512 WasserburgMaximale Bestellmenge: 15 St\xc3\xbcckF\xc3\xbcr die vorstehenden Angaben wird keine Haftung \xc3\xbcbernommen. Bitte pr\xc3\xbcfen Sie im Einzelfall die Angaben auf der jeweiligen Produktverpackung, nur diese sind verbindlich.Das Produktdesign kann von der Abbildung abweichen.'",Im Weiher 14,Rewe,Kühlung,2023-07-09,"Gültig ab morgen bis Samstag, 15.07.2023"
Weihenstephan Butter oder die Streichzarte,https://img.rewe-static.de/REWE_CENTER_HZ28_2023/5005051/24074982-44_digital-image.png?impolicy=s-offers&imwidth=200&output-format=image/webp,,https://shop.rewe.de/productList?search=2832136,,"versch. Sorten , je 250-g-Pckg , (1 kg = 6.36)",Aktion,"1,59 €","b'ProduktbeschreibungArtikelnummer 5005051Zutaten & AllergeneAllergenhinweise: Enth\xc3\xa4lt: Milch und Milcherzeugnisse (einschlie\xc3\x9flich Lactose).N\xc3\xa4hrwerteDurchschnittliche N\xc3\xa4hrwerteUnzubereitet pro 100 gEnergie3.074 kJEnergie747 kcalFett82 gFett, davon ges\xc3\xa4ttigte Fetts\xc3\xa4uren55 gKohlenhydrate1 gKohlenhydrate, davon Zucker1 gEiwei\xc3\x9f0,6 gSalz0,04 gHinweiseAufbewahrungs- und Verwendungshinweis: Bei maximal +8 \xc2\xb0C mindestens haltbar bis: siehe Verpackungsaufdruck.ArtikeldetailsMarke: WeihenstephanUrsprungsland: DeutschlandKontaktKontaktname: Molkerei Weihenstephan GmbH & Co. KGKontaktadresse: Milchstr. 1, D-85354 FreisingMaximale Bestellmenge: 15 St\xc3\xbcckF\xc3\xbcr die vorstehenden Angaben wird keine Haftung \xc3\xbcbernommen. Bitte pr\xc3\xbcfen Sie im Einzelfall die Angaben auf der jeweiligen Produktverpackung, nur diese sind verbindlich.Das Produktdesign kann von der Abbildung abweichen.'",Im Weiher 14,Rewe,Kühlung,2023-07-09,"Gültig ab morgen bis Samstag, 15.07.2023"
Brunch Brotaufstrich,https://img.rewe-static.de/REWE_CENTER_HZ28_2023/8864032/37520400-10_digital-image.png?impolicy=s-offers&imwidth=200&output-format=image/webp,,https://shop.rewe.de/productList?search=2832136,,"versch. Sorten , je 185-g-Becher , (1 kg = 6.43)",Aktion,"1,19 €","b'ProduktbeschreibungArtikelnummer 8864032Brunch Natur. Genuss durch den unverwechselbaren Geschmack und die besonders cremige Textur. Ideal nicht nur zum Streichen sondern auch zum Kochen, Dippen und Backen.\nHergestellt mit Milch aus der Bodensee - Region.Zutaten & AllergeneZutaten: 66% RAHM, 28% MAGERMILCHJOGHURT, MILCHEIWEI\xc3\x9f, St\xc3\xa4rke, Speisesalz, Verdickungsmittel: Agar-Agar, Pektin.Allergenhinweise: MilchEnth\xc3\xa4lt: Milch und Milcherzeugnisse (einschlie\xc3\x9flich Lactose).N\xc3\xa4hrwerteDurchschnittliche N\xc3\xa4hrwerteUnzubereitet pro 100 gEnergie907 kJEnergie219 kcalFett20 gFett, davon ges\xc3\xa4ttigte Fetts\xc3\xa4uren13 gKohlenhydrate4,5 gKohlenhydrate, davon Zucker3,3 gEiwei\xc3\x9f5,3 gSalz0,7 gHinweiseAufbewahrungs- und Verwendungshinweis: D+A: Bei +2 bis +10\xc2\xb0C mindestens haltbar bis: siehe Verpackungsaufdruck CH: Zu verbrauchen bis: siehe VerpackungsaufdruckArtikeldetailsMarke: BrunchUrsprungsland: DeutschlandKontaktKontaktname: Edelweiss GmbH & Co.KGKontaktadresse: D-87435 KemptenMaximale Bestellmenge: 15 St\xc3\xbcckF\xc3\xbcr die vorstehenden Angaben wird keine Haftung \xc3\xbcbernommen. Bitte pr\xc3\xbcfen Sie im Einzelfall die Angaben auf der jeweiligen Produktverpackung, nur diese sind verbindlich.Das Produktdesign kann von der Abbildung abweichen.'",Im Weiher 14,Rewe,Kühlung,2023-07-09,"Gültig ab morgen bis Samstag, 15.07.2023"
Müller Kalinka Kefir oder Ayran,https://img.rewe-static.de/REWE_CENTER_HZ28_2023/2464084/36823096-10_digital-image.png?impolicy=s-offers&imwidth=200&output-format=image/webp,,https://shop.rewe.de/productList?search=2832136,,"je 500-g-Fl , (1 kg = 1.78)",Aktion,"0,89 €","b'ProduktbeschreibungArtikelnummer 2464084Zutaten & AllergeneAllergenhinweise: Enth\xc3\xa4lt: Milch und Milcherzeugnisse (einschlie\xc3\x9flich Lactose).N\xc3\xa4hrwerteDurchschnittliche N\xc3\xa4hrwerteUnzubereitet pro 100 gEnergie193 kJEnergie46 kcalFett1,5 gFett, davon ges\xc3\xa4ttigte Fetts\xc3\xa4uren1 gKohlenhydrate4,1 gKohlenhydrate, davon Zucker4,1 gEiwei\xc3\x9f3,4 gSalz0,12 gRiboflavin0,15 mgCalcium133 mgHinweiseAufbewahrungs- und Verwendungshinweis: Bei unter +8\xc2\xb0C mindestens haltbar bis: siehe Deckelaufdruck.Information: Neben einer abwechslungsreichen und ausgewogenen Ern\xc3\xa4hrung ist eine gesunde Lebensweise f\xc3\xbcr Ihr Wohlbefinden wichtig.ArtikeldetailsMarke: M\xc3\xbcllerUrsprungsland: DeutschlandKontaktKontaktname: Molkerei Alois M\xc3\xbcller GmbH & Co. KGKontaktadresse: Zollerstra\xc3\x9fe 7, DE-86850 AretsriedMaximale Bestellmenge: 15 St\xc3\xbcckF\xc3\xbcr die vorstehenden Angaben wird keine Haftung \xc3\xbcbernommen. Bitte pr\xc3\xbcfen Sie im Einzelfall die Angaben auf der jeweiligen Produktverpackung, nur diese sind verbindlich.Das Produktdesign kann von der Abbildung abweichen.'",Im Weiher 14,Rewe,Kühlung,2023-07-09,"Gültig ab morgen bis Samstag, 15.07.2023"
Bertolli Brotaufstrich,https://img.rewe-static.de/REWE_CENTER_HZ28_2023/4942531/3398660-52_digital-image.png?impolicy=s-offers&imwidth=200&output-format=image/webp,,https://shop.rewe.de/productList?search=2832136,,"mit mildem Olivenöl , je 250-g-Becher , (1 kg = 5.56)",Aktion,"1,39 €","b'ProduktbeschreibungArtikelnummer 4942531- Das Gute des Olivenbaums \n- Enth\xc3\xa4lt viele einfach unges\xc3\xa4ttigte Fetts\xc3\xa4uren \n- F\xc3\xbcr eine gesunde, ausgewogene Ern\xc3\xa4hrung. \n- Passt hervorragend zu herzhafen Brotbel\xc3\xa4gen \n- Aber auch zu S\xc3\xbc\xc3\x9fem, wie Marmelade oder Honig \n \nDas \xe2\x80\x9eGute des Olivenbaums\xe2\x80\x9c t\xc3\xa4glich aufs Brot! \nDer BERTOLLI Brotaufstrich enth\xc3\xa4lt viele einfach unges\xc3\xa4ttigte Fetts\xc3\xa4uren, die einen wichtigen Bestandteil der traditionellen mediterranen Ern\xc3\xa4hrung darstellen. \nDer BERTOLLI Brotaufstrich tr\xc3\xa4gt somit dem Trend nach einer gesunden und ausgewogenen Ern\xc3\xa4hrung Rechnung. \nEr passt hervorragend sowohl zu herzhaften Brotbel\xc3\xa4gen als auch zu S\xc3\xbc\xc3\x9fem, wie Marmelade oder Honig. Zu den beliebtesten Brotsorten geh\xc3\xb6ren Focaccia, Tramezzino, Ciabatta und Bruschetta. Die mediterranen Brotspezialit\xc3\xa4ten werden oft zusammen mit Tomaten, Oliven und anderen Leckereien als kleiner Imbiss f\xc3\xbcr zwischendurch gereicht. \nDie K\xc3\xbcche Italiens geh\xc3\xb6rt zu den bekanntesten und beliebtesten K\xc3\xbcchen der Welt. Vollkommen zu Recht, denn sie besticht durch ihre frischen Zutaten, ihren Abwechslungsreichtum und gilt zudem als gesund. Hier finden Sie typisch italienische K\xc3\xb6stlichkeiten, mit denen Sie sich \xe2\x80\x9ela Dolce Vita\xe2\x80\x9c in Ihr eigenes Zuhause holen k\xc3\xb6nnen. \n \nBERTOLLI Brotaufstrich ist in 250g und 500g Packungen erh\xc3\xa4ltlich.... mehr anzeigenDas Gute des OlivenbaumsZutaten & AllergeneZutaten: Trinkwasser, pflanzliche \xc3\x96le und Fette (Raps, Palm, Palm ganz geh\xc3\xa4rtet), 7,5% Oliven\xc3\xb6l, BUTTERMILCH, modifizierte St\xc3\xa4rke, Speisesalz (0,4%), Emulgatoren (Mono- und Diglyceride von Speisefetts\xc3\xa4uren, Lecithine), Konservierungsstoff (Kaliumsorbat), S\xc3\xa4uerungsmittel (Citronens\xc3\xa4ure), Aroma, Vitamine (A, D), Farbstoff (Carotin).Allergenhinweise: Enth\xc3\xa4lt: Milch und Milcherzeugnisse (einschlie\xc3\x9flich Lactose).N\xc3\xa4hrwerteDurchschnittliche N\xc3\xa4hrwerteUnzubereitet pro 100 gEnergie1.445 kJEnergie339 kcalFett38 gFett, davon ges\xc3\xa4ttigte Fetts\xc3\xa4uren9 gKohlenhydrate1,7 gKohlenhydrate, davon Zucker< 0,5 gEiwei\xc3\x9f< 0,5 gSalz0,4 gVitamin A800 \xc2\xb5gVitamin D7,5 \xc2\xb5gHinweiseAufbewahrungs- und Verwendungshinweis: Beste Lagerung zwischen +2\xc2\xb0C und +15\xc2\xb0CArtikeldetailsMarke: BertolliUrsprungsland: NiederlandePackungsgr\xc3\xb6\xc3\x9fe: 250gKontaktKontaktname: Upfield Deutschland GmbHKontaktadresse: Valentinskamp 88-90, 20355 HamburgMaximale Bestellmenge: 15 St\xc3\xbcckF\xc3\xbcr die vorstehenden Angaben wird keine Haftung \xc3\xbcbernommen. Bitte pr\xc3\xbcfen Sie im Einzelfall die Angaben auf der jeweiligen Produktverpackung, nur diese sind verbindlich.Das Produktdesign kann von der Abbildung abweichen.'",Im Weiher 14,Rewe,Kühlung,2023-07-09,"Gültig ab morgen bis Samstag, 15.07.2023"
Dr. Oetker Sahne Pudding oder Rote Grütze,https://img.rewe-static.de/REWE_CENTER_HZ28_2023/5905362/30785463-12_digital-image.png?impolicy=s-offers&imwidth=200&output-format=image/webp,,https://shop.rewe.de/productList?search=2832136,,"je 500-g-Becher , (1 kg = 3.98)",Aktion,"1,99 €","b'ProduktbeschreibungArtikelnummer 5905362Unser Dr. Oetker L\xc3\xb6ffelgl\xc3\xbcck Sahne Pudding Vollmilch-Schokolade ist ein beliebter Klassiker aus vollmundiger Sahne und echter Vollmilch-Schokolade. Seine sahnig-cremige Konsistenz und sein nat\xc3\xbcrlicher, schokoladiger Geschmack machen ihn zum Lieblingsdessert, welches perfekt zu Fr\xc3\xbcchten und Vanille-So\xc3\x9fe kombiniert oder einfach pur genossen werden kann. Mit dem L\xc3\xb6ffelgl\xc3\xbcck Sahne Pudding Vollmilch-Schokolade schenkst du dir oder deinen Liebsten einen Moment voll Genuss und ein Gef\xc3\xbchl von Zuhause und Geborgenheit. Der Dr. Oetker L\xc3\xb6ffelgl\xc3\xbcck Sahne Pudding Vollmilch-Schokolade im 500g Becher aus dem K\xc3\xbchlregal ist ideal f\xc3\xbcr den gro\xc3\x9fen Genussmoment und zum Teilen. Es gibt ihn auch im praktischen 200g Becher f\xc3\xbcr zwischendurch oder als Nachtisch.Zutaten & AllergeneZutaten: 85% SAHNE, Zucker, modifizierte St\xc3\xa4rke (Mais), 2,2% fettarmer Kakao, 1,5% VOLLMILCHSCHOKOLADE (Zucker, Kakaobutter, VOLLMILCHPULVER, Kakaomasse, MAGERMILCHPULVER, Emulgator (SOJALECITHINE), Aroma), Maisst\xc3\xa4rke, Verdickungsmittel (Carrageen).Allergenhinweise: Enth\xc3\xa4lt: Soja und Sojaerzeugnisse. Milch und Milcherzeugnisse (einschlie\xc3\x9flich Lactose).N\xc3\xa4hrwerteDurchschnittliche N\xc3\xa4hrwerteUnzubereitet pro 100 gEnergie671 kJEnergie161 kcalFett9,3 gFett, davon ges\xc3\xa4ttigte Fetts\xc3\xa4uren5,9 gKohlenhydrate15 gKohlenhydrate, davon Zucker13 gEiwei\xc3\x9f3,3 gSalz0,11 gHinweiseAufbewahrungs- und Verwendungshinweis: Nach dem \xc3\x96ffnen z\xc3\xbcgig genie\xc3\x9fen. Bei +8 \xc2\xb0C lagern.ArtikeldetailsMarke: Dr. OetkerUrsprungsland: DeutschlandSorte: Vollmilch-SchokoKontaktKontaktname: DR. AUGUST OETKER NAHRUNGSMITTEL KGKontaktadresse: 33547 BielefeldMaximale Bestellmenge: 15 St\xc3\xbcckF\xc3\xbcr die vorstehenden Angaben wird keine Haftung \xc3\xbcbernommen. Bitte pr\xc3\xbcfen Sie im Einzelfall die Angaben auf der jeweiligen Produktverpackung, nur diese sind verbindlich.Das Produktdesign kann von der Abbildung abweichen.'",Im Weiher 14,Rewe,Kühlung,2023-07-09,"Gültig ab morgen bis Samstag, 15.07.2023"
Followfish Kabeljau Filets,https://img.rewe-static.de/REWE_CENTER_HZ28_2023/3015656/25731044-16_digital-image.png?impolicy=s-offers&imwidth=200&output-format=image/webp,,https://shop.rewe.de/productList?search=2832136,,"portioniert, tiefgefroren , je 400-g-Btl , (1 kg = 14.98)",Aktion,"5,99 €","b'ProduktbeschreibungArtikelnummer 3015656MSC Kabeljau Filets, 3-6 Kabeljau Filetportionen, ohne Haut, praktisch gr\xc3\xa4tenfrei, tiefgek\xc3\xbchlt mit Wasserschutzglasur.Zutaten & AllergeneAllergenhinweise: Enth\xc3\xa4lt:N\xc3\xa4hrwerteDurchschnittliche N\xc3\xa4hrwerteUnzubereitet pro 100 gEnergie341 kJEnergie80 kcalFett0,7 gFett, davon ges\xc3\xa4ttigte Fetts\xc3\xa4uren0,2 gKohlenhydrate< 1 gKohlenhydrate, davon Zucker< 0,6 gEiwei\xc3\x9f19 gSalz0,23 gHinweiseAufbewahrungs- und Verwendungshinweis: Haltbarkeit/Aufbewahrung im Haushalt:Im K\xc3\xbchlschrank 24 Stunden*-Fach oder Eisw\xc3\xbcrfelfach (-6\xc2\xb0C) 3 Tage**-Fach (-12\xc2\xb0C) 3 Wochen***-Fach oder Tiefk\xc3\xbchltruhe bei -18\xc2\xb0C mindestens haltbar bis: siehe EindruckfeldNach dem Auftauen nicht wieder einfrieren!ArtikeldetailsMarke: FollowfishUrsprungsland: LitauenKontaktKontaktname: followfood GmbHKontaktadresse: Metzstra\xc3\x9fe 2, 88045 FriedrichshafenMaximale Bestellmenge: 15 St\xc3\xbcckF\xc3\xbcr die vorstehenden Angaben wird keine Haftung \xc3\xbcbernommen. Bitte pr\xc3\xbcfen Sie im Einzelfall die Angaben auf der jeweiligen Produktverpackung, nur diese sind verbindlich.Das Produktdesign kann von der Abbildung abweichen.'",Im Weiher 14,Rewe,Tiefkühl,2023-07-09,"Gültig ab morgen bis Samstag, 15.07.2023"
Coppenrath & Wiese Unsere Goldstücke 9 Baguette-Brötchen,https://img.rewe-static.de/REWE_CENTER_HZ28_2023/2666537/3406600-62_digital-image.png?impolicy=s-offers&imwidth=200&output-format=image/webp,,https://shop.rewe.de/productList?search=2832136,,"tiefgefroren , je 540-g-Btl , (1 kg = 2.57)",Aktion,"1,39 €","b'ProduktbeschreibungArtikelnummer 2666537Fertig gebacken. Zutaten & AllergeneZutaten: WEIZENMEHL, Wasser, jodiertes Speisesalz (Speisesalz, Kaliumjodat), Hefe. Kann m\xc3\xb6glicherweise Spuren von Sesam enthalten.Allergenhinweise: Enth\xc3\xa4lt: Glutenhaltiges Getreide und glutenhaltige Getreideerzeugnisse. Weizen und Weizenerzeugnisse (glutenhaltiges Getreide). Kann enthalten: Sesamsamen und Sesamsamenerzeugnisse.N\xc3\xa4hrwerteDurchschnittliche N\xc3\xa4hrwerteUnzubereitet pro 100 gEnergie1.092 kJEnergie258 kcalFett1 gFett, davon ges\xc3\xa4ttigte Fetts\xc3\xa4uren0,4 gKohlenhydrate53 gKohlenhydrate, davon Zucker1,4 gEiwei\xc3\x9f8,4 gSalz1,5 gHinweiseAufbewahrungs- und Verwendungshinweis: ***-Fach bei -18 \xc2\xb0C: siehe Mindesthaltbarkeitsdatum, **-Fach: 2 Wochen, *-Fach:3 Tage, 2 Tage im K\xc3\xbchlschrank. Nach dem Auftauen nicht wieder einfrieren.ArtikeldetailsMarke: Conditorei Coppenrath & WieseEigenschaften: LaktosefreiUrsprungsland: DeutschlandSorte: Baguettebr\xc3\xb6tchenKontaktKontaktname: Conditorei Coppenrath & Wiese KGKontaktadresse: Hansastra\xc3\x9fe 10 D-49497 MettingenMaximale Bestellmenge: 15 St\xc3\xbcckF\xc3\xbcr die vorstehenden Angaben wird keine Haftung \xc3\xbcbernommen. Bitte pr\xc3\xbcfen Sie im Einzelfall die Angaben auf der jeweiligen Produktverpackung, nur diese sind verbindlich.Das Produktdesign kann von der Abbildung abweichen.'",Im Weiher 14,Rewe,Tiefkühl,2023-07-09,"Gültig ab morgen bis Samstag, 15.07.2023"
Coppenrath & Wiese Unsere Goldstücke 9 Weizenbrötchen,https://img.rewe-static.de/REWE_CENTER_HZ28_2023/1234722/23887647-25_digital-image.png?impolicy=s-offers&imwidth=200&output-format=image/webp,,https://shop.rewe.de/productList?search=2832136,,"tiefgefroren , je 450-g-Btl , (1 kg = 3.09)",Aktion,"1,39 €","b'ProduktbeschreibungArtikelnummer 1234722K\xc3\xb6stlich duftende Br\xc3\xb6tchen aus dem Ofen \nEgal ob Fr\xc3\xbchst\xc3\xbccks-Brunch oder spontaner Kaffeeplausch: Mit Unseren Tiefk\xc3\xbchlprodukten sind Sie auch f\xc3\xbcr Ungeplantes bestens ger\xc3\xbcstet. Mit tiefgek\xc3\xbchltem Obst, Aufbackwaren und fertigen Desserts treffen Sie jeden Geschmack. \n\nDie wichtigsten Informationen zu Conditorei Coppenrath & Wiese Unsere Goldst\xc3\xbccke Weizenbr\xc3\xb6tchen 450g, 9 St\xc3\xbcck\n\nFertig gebacken \nDie Br\xc3\xb6tchen des Herstellers Conditorei Coppenrath & Wiese sind in der Tiefk\xc3\xbchlverpackung zu 9 St\xc3\xbcck verf\xc3\xbcgbar. Besonders praktisch: Entnehmen Sie einfach so viele der Br\xc3\xb6tchen wie Sie ben\xc3\xb6tigen und heben Sie die \xc3\x9cbrigen in der Tiefk\xc3\xbchlverpackung f\xc3\xbcr die n\xc3\xa4chste Gelegenheit auf. \nSchnell und bequem Tiefk\xc3\xbchlkost online bestellen \nDamit Sie f\xc3\xbcr jeden Anlass gut ger\xc3\xbcstet sind, bestellen Sie einfach Ihre haltbaren Lieblingsprodukte beim REWE Lieferservice \xe2\x80\x93 wir liefern direkt bis zur Wohnungst\xc3\xbcr.... mehr anzeigenZutaten & AllergeneZutaten: WEIZENMEHL, Wasser, GERSTENMALZMEHL, jodiertes Speisesalz (Speisesalz, Kaliumjodat), Hefe, Zucker, pflanzliches \xc3\x96l (Raps). Kann m\xc3\xb6glicherweise Spuren von Sesam enthalten.Allergenhinweise: Enth\xc3\xa4lt: Glutenhaltiges Getreide und glutenhaltige Getreideerzeugnisse. Weizen und Weizenerzeugnisse (glutenhaltiges Getreide). Kann enthalten: Sesamsamen und Sesamsamenerzeugnisse.N\xc3\xa4hrwerteDurchschnittliche N\xc3\xa4hrwerteUnzubereitet pro 100 gEnergie1.148 kJEnergie270 kcalFett2,1 gFett, davon ges\xc3\xa4ttigte Fetts\xc3\xa4uren0,5 gKohlenhydrate52 gKohlenhydrate, davon Zucker1,1 gEiwei\xc3\x9f9,1 gSalz1,8 gHinweiseAufbewahrungs- und Verwendungshinweis: ***-Fach bei -18 \xc2\xb0C: siehe Mindesthaltbarkeitsdatum, **-Fach: 2 Wochen, *-Fach:3 Tage, 2 Tage im K\xc3\xbchlschrank. Nach dem Auftauen nicht wieder einfrieren.ArtikeldetailsMarke: Conditorei Coppenrath & WieseEigenschaften: LaktosefreiUrsprungsland: DeutschlandSorte: Weizenbr\xc3\xb6tchenKontaktKontaktname: Conditorei Coppenrath & Wiese KGKontaktadresse: Hansastra\xc3\x9fe 10 D-49497 MettingenMaximale Bestellmenge: 15 St\xc3\xbcckF\xc3\xbcr die vorstehenden Angaben wird keine Haftung \xc3\xbcbernommen. Bitte pr\xc3\xbcfen Sie im Einzelfall die Angaben auf der jeweiligen Produktverpackung, nur diese sind verbindlich.Das Produktdesign kann von der Abbildung abweichen.'",Im Weiher 14,Rewe,Tiefkühl,2023-07-09,"Gültig ab morgen bis Samstag, 15.07.2023"
Frosta Gemüse Bowl,https://img.rewe-static.de/REWE_CENTER_HZ28_2023/8771582/36247078-21_digital-image.png?impolicy=s-offers&imwidth=200&output-format=image/webp,,https://shop.rewe.de/productList?search=2832136,,"tiefgefroren , je 480-g-Pckg , (1 kg = 4.63)",Aktion,"2,22 €","b'ProduktbeschreibungArtikelnummer 8771582Zutaten & AllergeneZutaten: Spinat (25%), K\xc3\xbcrbis (25%), Blumenkohl (f\xc3\xbcr AT: Karfiol), gegarte Linsen (10%) (Wasser, Linsen), Kokosnussmilch (Kokosnuss, Wasser), Wasser, kandierter Ingwer (Ingwer, Wasser, Zucker), Salz, Curry (Bockshornkleesamen, Kurkuma, Koriander, Kreuzk\xc3\xbcmmel, Fenchel, Cayennepfeffer), Knoblauch, Reisst\xc3\xa4rke  Wir verarbeiten bei uns noch viele weitere Produkte. Daher k\xc3\xb6nnte dieses Produkt Spuren von Weizen, Gerste, Roggen, Hafer, Krustentieren, Eiern, Fisch, Soja, Milch, Sellerie, Senf und Weichtieren enthalten.Allergenhinweise: Enth\xc3\xa4lt: Keine deklarationspflichtigen Allergene enthalten.N\xc3\xa4hrwerteDurchschnittliche N\xc3\xa4hrwerteUnzubereitet pro 100 gEnergie286 kJEnergie68 kcalFett2,2 gFett, davon ges\xc3\xa4ttigte Fetts\xc3\xa4uren1,7 gKohlenhydrate7,7 gKohlenhydrate, davon Zucker4,7 gBallaststoffe2,4 gEiwei\xc3\x9f3,2 gSalz0,8 gHinweiseAufbewahrungs- und Verwendungshinweis: **-Fach (-12\xc2\xb0C): 3 Wochen***-Fach (-18\xc2\xb0C): mindestens haltbar bis: siehe AufdruckNach dem Auftauen nicht wieder einfrieren.ArtikeldetailsMarke: FrostaEigenschaften: VeganUrsprungsland: DeutschlandKontaktKontaktname: FRoSTA Tiefk\xc3\xbchlkost GmbHKontaktadresse: Postfach 29 03 64, DE 27533 BremerhavenMaximale Bestellmenge: 15 St\xc3\xbcckF\xc3\xbcr die vorstehenden Angaben wird keine Haftung \xc3\xbcbernommen. Bitte pr\xc3\xbcfen Sie im Einzelfall die Angaben auf der jeweiligen Produktverpackung, nur diese sind verbindlich.Das Produktdesign kann von der Abbildung abweichen.'",Im Weiher 14,Rewe,Tiefkühl,2023-07-09,"Gültig ab morgen bis Samstag, 15.07.2023"
Frosta Rahm Geschnetzeltes,https://img.rewe-static.de/REWE_CENTER_HZ28_2023/2475153/24139590-36_digital-image.png?impolicy=s-offers&imwidth=200&output-format=image/webp,,https://shop.rewe.de/productList?search=2832136,,"tiefgefroren , je 375-g-Btl , (1 kg = 5.92)",Aktion,"2,22 €","b'ProduktbeschreibungArtikelnummer 2475153Zutaten & AllergeneZutaten: gegarte Eiersp\xc3\xa4tzle (41%) (Wasser, HARTWEIZENGRIESS, H\xc3\x9cHNEREI, Salz), Champignons, Wasser, marinierte, gegarte H\xc3\xa4hnchenbrust (12%) (H\xc3\xa4hnchenbrust (f\xc3\xbcr AT: H\xc3\xbchnerbrust), Salz, Soja\xc3\xb6l, Dextrose), Erbsen, SAHNE (5%) (f\xc3\xbcr AT: RAHM), Fr\xc3\xbchlingszwiebeln, VOLLMILCH, Salz, Tomatenmark (f\xc3\xbcr AT: 28% zweifach konzentriert), Schnittlauch, Rinderfond (Wasser, konzentrierter Rinderjus, Rindfleisch, Kalbsknochen, Salz, Rinderfett, Karotten, Zwiebeln, Lauch, Knoblauch), Kartoffelst\xc3\xa4rke, BUTTER, Knoblauch, gemahlene Paprika, schwarzer Pfeffer  Wir verarbeiten bei uns noch viele weitere Produkte. Daher k\xc3\xb6nnte dieses Gericht Spuren von Gerste, Roggen, Hafer, Krebstieren, Fisch, Soja, Sellerie, Senf und Weichtieren enthalten.Allergenhinweise: Enth\xc3\xa4lt: Glutenhaltiges Getreide und glutenhaltige Getreideerzeugnisse. Milchzucker (Laktose). Eier und Eierzeugnisse. Weizen und Weizenerzeugnisse (glutenhaltiges Getreide). Milch und Milcherzeugnisse (einschlie\xc3\x9flich Lactose).N\xc3\xa4hrwerteDurchschnittliche N\xc3\xa4hrwerteUnzubereitet pro 100 gEnergie441 kJEnergie105 kcalFett2,6 gFett, davon ges\xc3\xa4ttigte Fetts\xc3\xa4uren1,5 gKohlenhydrate12,9 gKohlenhydrate, davon Zucker1 gBallaststoffe1,5 gEiwei\xc3\x9f6,7 gSalz1,16 gHinweiseAufbewahrungs- und Verwendungshinweis: **-Fach (-12\xc2\xb0C): 3 Wochen***-Fach (-18\xc2\xb0C): mindestens haltbar bis: siehe AufdruckNach dem Auftauen nicht wieder einfrieren.ArtikeldetailsMarke: FrostaUrsprungsland: DeutschlandSorte: Rahm-Geschnetzeltes mitKontaktKontaktname: FRoSTA Tiefk\xc3\xbchlkost GmbHKontaktadresse: Postfach 29 03 64, DE 27533 BremerhavenMaximale Bestellmenge: 15 St\xc3\xbcckF\xc3\xbcr die vorstehenden Angaben wird keine Haftung \xc3\xbcbernommen. Bitte pr\xc3\xbcfen Sie im Einzelfall die Angaben auf der jeweiligen Produktverpackung, nur diese sind verbindlich.Das Produktdesign kann von der Abbildung abweichen.'",Im Weiher 14,Rewe,Tiefkühl,2023-07-09,"Gültig ab morgen bis Samstag, 15.07.2023"
Iglo Gemüse-Ideen Italienisch,https://img.rewe-static.de/REWE_CENTER_HZ28_2023/0529482/2971930-72_digital-image.png?impolicy=s-offers&imwidth=200&output-format=image/webp,,https://shop.rewe.de/productList?search=2832136,,"tiefgefroren , je 480-g-Pckg , (1 kg = 4.63)",Aktion,"2,22 €","b'ProduktbeschreibungArtikelnummer 529482Die iglo Gem\xc3\xbcse-Idee Italienisch ist eine knackige Gem\xc3\xbcsemischung, verfeinert mit mediterranen Kr\xc3\xa4utern. Das Gem\xc3\xbcse wird erntefrisch tiefgefroren, damit die vielen wichtigen Vitamine erhalten bleiben. Denn eine zubereitete Portion des italienischen Pfannengem\xc3\xbcses deckt \xc3\xbcber 50% des t\xc3\xa4glichen Vitamin A-Bedarfs. Die Gem\xc3\xbcse-Idee Italienisch l\xc3\xa4sst sich einfach und schnell in der Mikrowelle oder in der Pfanne zubereiten. Au\xc3\x9ferdem enth\xc3\xa4lt das Produkt keine Geschmacksverst\xc3\xa4rker und Farbstoff- und Aromazus\xc3\xa4tze.\n- Verfeinert mit mediterranen Kr\xc3\xa4utern\n- Ohne Zusatz von k\xc3\xbcnstlichen Aromen, Farbstoffen und Geschmacksverst\xc3\xa4rkern\n- Schnelle und einfache Zubereitung\n- Vegan\n- Tiefgefroren... mehr anzeigenZutaten & AllergeneZutaten: Gem\xc3\xbcsemischung (93%) (Brechbohnen, Paprika, Karotten, Zucchini, Zwiebel Brokkoli;in ver\xc3\xa4nderlichen Gewichtsanteilen), pflanzliche Fette und \xc3\x96le (Palmfett***,Kokosnuss\xc3\xb6l,Palmkern\xc3\xb6l***),Kr\xc3\xa4utermischung(roteZwiebel, Petersilie,Basilikum,Knoblauch,Thymian,Oregano),Gem\xc3\xbcsebr\xc3\xbche (Dextrose,Salz,Karotten,Zwiebeln,Lauch,Schalotten,Tomaten,Paprika), Wasser,Zucker,Salz,Gew\xc3\xbcrze.  Dieses Produkt enth\xc3\xa4lt zertifiziertes nachhaltiges Palmfett/ Palmkern\xc3\xb6l.N\xc3\xa4hrwerteDurchschnittliche N\xc3\xa4hrwerteUnzubereitet pro 100 gEnergie233 kJEnergie56 kcalFett2,7 gFett, davon ges\xc3\xa4ttigte Fetts\xc3\xa4uren1,8 gKohlenhydrate4,9 gKohlenhydrate, davon Zucker4,3 gBallaststoffe2,4 gEiwei\xc3\x9f1,8 gSalz0,85 gHinweiseAufbewahrungs- und Verwendungshinweis: Aufbewahrung zu Hause: *** - Fach oder Tiefk\xc3\xbchltruhe (bei minus 18\xc2\xb0 C) mindestens haltbar bis Ende: siehe links, Aufbewahrung zu Hause: ** - Fach 2 Wochen, Aufbewahrung zu Hause: * - Fach 1-3 Tage Information: Nach dem Auftauen nicht wieder einfrieren. Vor Verzehr durcherhitzen.ArtikeldetailsMarke: IgloEigenschaften: Vegan, LaktosefreiUrsprungsland: DeutschlandSorte: ItalienischKontaktKontaktname: iglo GmbHKontaktadresse: Postfach 570 521, 22774 HamburgMaximale Bestellmenge: 15 St\xc3\xbcckF\xc3\xbcr die vorstehenden Angaben wird keine Haftung \xc3\xbcbernommen. Bitte pr\xc3\xbcfen Sie im Einzelfall die Angaben auf der jeweiligen Produktverpackung, nur diese sind verbindlich.Das Produktdesign kann von der Abbildung abweichen.'",Im Weiher 14,Rewe,Tiefkühl,2023-07-09,"Gültig ab morgen bis Samstag, 15.07.2023"
Elfer Unsere Besten Pommes Frites,https://img.rewe-static.de/REWE_CENTER_HZ28_2023/2779885/26510239-6_digital-image.png?impolicy=s-offers&imwidth=200&output-format=image/webp,,https://shop.rewe.de/productList?search=2832136,,"tiefgefroren , je 500-g-Pckg , (1 kg = 3.18)",Aktion,"1,59 €","b'ProduktbeschreibungArtikelnummer 2779885Zutaten & AllergeneZutaten: Kartoffeln 91%, pflanzliche \xc3\x96le (Sonnenblume, Raps) in ver\xc3\xa4nderlichen Gewichtsanteilen.N\xc3\xa4hrwerteDurchschnittliche N\xc3\xa4hrwerteUnzubereitet pro 100 gEnergie987 kJEnergie235 kcalFett9 gFett, davon ges\xc3\xa4ttigte Fetts\xc3\xa4uren0,9 gKohlenhydrate33 gKohlenhydrate, davon Zucker0,4 gBallaststoffe2,7 gEiwei\xc3\x9f4,2 gSalz0,2 gHinweiseAufbewahrungs- und Verwendungshinweis: Aufbewahrung: ***Fach(-18\xc2\xb0C) siehe Datierung, **Fach(-12\xc2\xb0C) 14 Tage, *Fach(-6\xc2\xb0C) 2 TageInformation: Nach dem Auftauen nicht wieder einfrieren!ArtikeldetailsUrsprungsland: \xc3\x96sterreichKontaktKontaktname: 11er Nahrungsmittel GmbHKontaktadresse: Galinastrasse 34, 6820 Frastanz, AustriaMaximale Bestellmenge: 15 St\xc3\xbcckF\xc3\xbcr die vorstehenden Angaben wird keine Haftung \xc3\xbcbernommen. Bitte pr\xc3\xbcfen Sie im Einzelfall die Angaben auf der jeweiligen Produktverpackung, nur diese sind verbindlich.Das Produktdesign kann von der Abbildung abweichen.'",Im Weiher 14,Rewe,Tiefkühl,2023-07-09,"Gültig ab morgen bis Samstag, 15.07.2023"
Block House American Burger,https://img.rewe-static.de/REWE_CENTER_HZ28_2023/0560931/28787638-13_digital-image.png?impolicy=s-offers&imwidth=200&output-format=image/webp,,https://shop.rewe.de/productList?search=2832136,,"tiefgefroren , je 4 x 125-g-Pckg , (1 kg = 11.98)",Aktion,"5,99 €","b'ProduktbeschreibungArtikelnummer 560931Bestes Rindfleisch f\xc3\xbcr perfekte Burger, tiefgefroren. Zutaten & AllergeneZutaten: Rindfleisch (98%), Salz, Gew\xc3\xbcrzeAllergenhinweise: Enth\xc3\xa4lt: Keine deklarationspflichtigen Allergene enthalten.N\xc3\xa4hrwerteDurchschnittliche N\xc3\xa4hrwerteUnzubereitet pro 100 gEnergie1.101 kJEnergie265 kcalFett21,9 gFett, davon ges\xc3\xa4ttigte Fetts\xc3\xa4uren9,5 gKohlenhydrate0 gKohlenhydrate, davon Zucker0 gEiwei\xc3\x9f17,2 gSalz0,9 gHinweiseAufbewahrungs- und Verwendungshinweis: Tiefgek\xc3\xbchlt bei -18 \xc2\xb0C aufbewahren. Ware nach dem \xc3\x96ffnen innerhalb von einem Tag verbrauchen.Information: Ware nach dem \xc3\x96ffnen innerhalb von einem Tag verbrauchen. Nicht wieder einfrieren! Vor dem Verzehr vollst\xc3\xa4ndig durchgaren. Nicht zum Rohverzehr geeignet.ArtikeldetailsMarke: Block HouseUrsprungsland: DeutschlandKontaktKontaktname: Block HouseKontaktadresse: Lademannbogen 127, 22339 HamburgF\xc3\xbcr die vorstehenden Angaben wird keine Haftung \xc3\xbcbernommen. Bitte pr\xc3\xbcfen Sie im Einzelfall die Angaben auf der jeweiligen Produktverpackung, nur diese sind verbindlich.Das Produktdesign kann von der Abbildung abweichen.'",Im Weiher 14,Rewe,Tiefkühl,2023-07-09,"Gültig ab morgen bis Samstag, 15.07.2023"
Langnese Viennetta Vanille,https://img.rewe-static.de/REWE_CENTER_HZ28_2023/3804534/12236500-60_digital-image.png?impolicy=s-offers&imwidth=200&output-format=image/webp,,https://shop.rewe.de/productList?search=2832136,,"je 650-ml-Pckg , (1 l = 2.29)",Aktion,"1,49 €","b'ProduktbeschreibungArtikelnummer 3804534- Cremiges Vanilleeis durchzogen von hauchd\xc3\xbcnnen Knusperschichten \n - Unwiderstehlich knackig \n - Raffinierte Eiswelle \n - Einfach wiederverschlie\xc3\x9fbare Verpackung \n - Das perfekte Dessert f\xc3\xbcr gesellige Runden \n \n Ein wahrer Klassiker. Cremiges Vanilleeis durchzogen von hauchd\xc3\xbcnnen Knusperschichten. \n \n Knusper, knusper, Knusperspa\xc3\x9f \xe2\x80\x93 das ist Viennetta: Die beliebte Eiswelle mit der raffinierten Kombination aus cremigem Eis und unverwechselbar knackigen Knusperschichten. \n \n Anfang der 80er-Jahre hatte der Engl\xc3\xa4nder Kevin Hillman, Produkt-Manager bei Wall\xe2\x80\x99s (der britischen Schwester von Langnese) die Idee f\xc3\xbcr das feine Dessert. Er schenkte seiner Frau zu Weihnachten ein Kochbuch, bl\xc3\xa4tterte dann selbst darin und fand das Bild eines franz\xc3\xb6sischen Schichtenkuchens, Millefeuille genannt. Da kam ihm die Idee, dass dies auch mit Eis machbar sein k\xc3\xb6nnte. Statt Teig, Creme und Marmelade verwendete er Eis, das er mit hauchd\xc3\xbcnnen Knusperschichten durchzog. \n Seither geh\xc3\xb6rt Viennetta - das perfekte Eisdessert mit den unverwechselbaren knackigen Schichten \xe2\x80\x93 einfach dazu: zur geselligen Runde mit Freunden ebenso wie zu einem k\xc3\xb6stlichen Essen im Kreise der Familie. Die raffinierte Komposition aus cremigem Eis und knackigen Knusperschichten darf in diesen Momenten einfach nicht fehlen. \n \n Wussten Sie schon? \n - Obwohl Eis gerne mit Sonne und S\xc3\xbcden assoziiert wird, findet man dort keineswegs den h\xc3\xb6chsten j\xc3\xa4hrlichen Verbrauch bezogen auf die Einwohnerzahl. Vielmehr essen die Skandinavier das meiste Eis: Schweden f\xc3\xbchrt mit 12 l pro Kopf und Jahr die europ\xc3\xa4ische Liga an. Deutschland liegt mit rund 8 l pro Kopf in der Mitte der Rangliste, in Italien, dem \xe2\x80\x9eklassischen Eis-Land\xe2\x80\x9c, werden gut 9 l verspeist. \n - F\xc3\xbcr die Herstellung von Eis werden die Grundstoffe Milch, Pflanzen- oder Butterfett und Zucker verwendet. Zutaten wie Fr\xc3\xbcchte, N\xc3\xbcsse, Kakao, Karamell, Schokolade oder Nougat definieren und verfeinern die Geschmacksrichtungen. \n - Von wegen Kalorienbombe: Eine Portion der meisten Eisprodukte enth\xc3\xa4lt weniger Fett als die Mehrzahl der Schokoriegel. Und ein Magnum Classic enth\xc3\xa4lt etwa die gleiche Menge Zucker wie ein 150-g-Becher Fruchtjoghurt.... mehr anzeigenCremig, knackig, kultig - das neue Viennetta, jetzt noch knuspriger. Cremiges Vanilleeis durchzogen von Knusperschichten.Zutaten & AllergeneZutaten: entrahmte MILCH, Kokosfett, Glukose-Fruktose-Sirup, Zucker, Wasser, Glukosesirup, fettarmes Kakaopulver, MOLKENERZEUGNIS, Emulgatoren (Mono- und Diglyceride von Speisefetts\xc3\xa4uren, Ammoniumphosphatide), Stabilisatoren (Johannisbrotkernmehl, Guarkernmehl, Tarakernmehl, Carrageen), Aroma. Kann Soja enthalten.Allergenhinweise: Enth\xc3\xa4lt: Milch und Milcherzeugnisse (einschlie\xc3\x9flich Lactose). Kann enthalten: Soja und Sojaerzeugnisse.N\xc3\xa4hrwerteDurchschnittliche N\xc3\xa4hrwerteUnzubereitet pro 100 mlEnergie487 kJEnergie117 kcalFett6,6 gFett, davon ges\xc3\xa4ttigte Fetts\xc3\xa4uren5,8 gKohlenhydrate13 gKohlenhydrate, davon Zucker9,6 gBallaststoffe< 0,5 gEiwei\xc3\x9f1 gSalz0,04 gHinweiseAufbewahrungs- und Verwendungshinweis: Bei -18\xc2\xb0C mindestens haltbar bis Ende: siehe PackungsaufdruckArtikeldetailsMarke: LangneseUrsprungsland: DeutschlandKontaktKontaktname: Unilever DeutschlandKontaktadresse: Postfach 570 385, 22772 HamburgMaximale Bestellmenge: 15 St\xc3\xbcckF\xc3\xbcr die vorstehenden Angaben wird keine Haftung \xc3\xbcbernommen. Bitte pr\xc3\xbcfen Sie im Einzelfall die Angaben auf der jeweiligen Produktverpackung, nur diese sind verbindlich.Das Produktdesign kann von der Abbildung abweichen.'",Im Weiher 14,Rewe,Tiefkühl,2023-07-09,"Gültig ab morgen bis Samstag, 15.07.2023"
Block House Block Burger,https://img.rewe-static.de/REWE_CENTER_HZ28_2023/0560932/23016939-15_digital-image.png?impolicy=s-offers&imwidth=200&output-format=image/webp,,https://shop.rewe.de/productList?search=2832136,,"tiefgefroren , je 2 x 200-g-Pckg , (1 kg = 14.98)",Aktion,"5,99 €","b'ProduktbeschreibungArtikelnummer 560932Bestes Rindfleisch aus der Block House Fleischerei. Zutaten & AllergeneZutaten: Rindfleisch (98%), Salz, Gew\xc3\xbcrze.Allergenhinweise: Enth\xc3\xa4lt: Keine deklarationspflichtigen Allergene enthalten.N\xc3\xa4hrwerteDurchschnittliche N\xc3\xa4hrwerteUnzubereitet pro 100 gEnergie1.101 kJEnergie265 kcalFett21,9 gFett, davon ges\xc3\xa4ttigte Fetts\xc3\xa4uren9,5 gKohlenhydrate0 gKohlenhydrate, davon Zucker0 gEiwei\xc3\x9f17,2 gSalz0,9 gHinweiseAufbewahrungs- und Verwendungshinweis: Tiefgek\xc3\xbchlt bei -18 \xc2\xb0C aufbewahren.Information: Ware nach dem \xc3\x96ffnen innerhalb von einem Tag verbrauchen. Nicht wieder einfrieren! Vor dem Verzehr vollst\xc3\xa4ndig durchgaren. Nicht zum Rohverzehr geeignet.ArtikeldetailsMarke: Block HouseUrsprungsland: DeutschlandKontaktKontaktname: Block HouseKontaktadresse: Lademannbogen 127, 22339 HamburgMaximale Bestellmenge: 15 St\xc3\xbcckF\xc3\xbcr die vorstehenden Angaben wird keine Haftung \xc3\xbcbernommen. Bitte pr\xc3\xbcfen Sie im Einzelfall die Angaben auf der jeweiligen Produktverpackung, nur diese sind verbindlich.Das Produktdesign kann von der Abbildung abweichen.'",Im Weiher 14,Rewe,Tiefkühl,2023-07-09,"Gültig ab morgen bis Samstag, 15.07.2023"
Dr. Oetker Ristorante Pizza Salame,https://img.rewe-static.de/REWE_CENTER_HZ28_2023/8704774/34878457-20_digital-image.png?impolicy=s-offers&imwidth=200&output-format=image/webp,,https://shop.rewe.de/productList?search=2832136,,"tiefgefroren , je 320-g-Pckg , (1 kg = 6.22)",Knaller,"1,99 €","b'ProduktbeschreibungArtikelnummer 8704774Dr. Oetker Ristorante Pizza Salame ist belegt mit sonnengereiften Tomaten, K\xc3\xa4se, herzhafter Salami, ausgesuchten Kr\xc3\xa4utern und Gew\xc3\xbcrzen.Zubereitung:Bis zur Zubereitung gefroren aufbewahren.Backofen vorheizen: Ober-/Unterhitze: 220\xc2\xb0C, Hei\xc3\x9fluft: 200\xc2\xb0C, Gas: 4Folie entfernen, Pizza auf den Rost legen und auf mittlerer Einschubleiste 10-12 Minuten backen.Stelle sicher, dass das Produkt vor dem Verzehr vollst\xc3\xa4ndig durcherhitzt ist. Man kann die ""Ristorante Pizza Salame"" genie\xc3\x9fen, sobald der K\xc3\xa4se geschmolzen ist.Zutaten & AllergeneZutaten: WEIZENMEHL, 14% passierte Tomaten, 12% schnittfester MOZZARELLA K\xc3\x84SE, 12% Salami (Schweinefleisch, Speck, Salz, Gew\xc3\xbcrze, Dextrose, Zwiebelpulver, Knoblauchpulver, Gew\xc3\xbcrzextrakte, Stabilisator (Natriumnitrit), Antioxidationsmittel (Extrakt aus Rosmarin), Rauch), Wasser, 7,3% Tomatenkonzentrat, 4,6% EDAMER K\xc3\x84SE, Raps\xc3\xb6l, Backhefe, Salz, Zucker, Oliven\xc3\xb6l nativ extra, Oregano, Basilikum, Pfeffer, Paprika, Petersilie. Kann enthalten: SOJA, SENF.Allergenhinweise: Enth\xc3\xa4lt: Milch und Milcherzeugnisse (einschlie\xc3\x9flich Lactose). Glutenhaltiges Getreide und glutenhaltige Getreideerzeugnisse. Weizen und Weizenerzeugnisse (glutenhaltiges Getreide). Kann enthalten: Soja und Sojaerzeugnisse. Gerste und Gerstenerzeugnisse (glutenhaltiges Getreide). Roggen und Roggenerzeugnisse (glutenhaltiges Getreide). Dinkel und Dinkelerzeugnisse (glutenhaltiges Getreide). Hafer und Hafererzeugnisse (glutenhaltiges Getreide). Senf- und Senferzeugnisse.N\xc3\xa4hrwerteDurchschnittliche N\xc3\xa4hrwerteUnzubereitet pro 100 gEnergie1.093 kJEnergie261 kcalFett13 gFett, davon ges\xc3\xa4ttigte Fetts\xc3\xa4uren4,6 gKohlenhydrate25 gKohlenhydrate, davon Zucker2,9 gBallaststoffe2,3 gEiwei\xc3\x9f10 gSalz1,3 gHinweiseAufbewahrungs- und Verwendungshinweis: Nach dem Auftauen nicht wieder einfrieren. Bei -18 \xc2\xb0C lagern (***-Fach oder Tiefk\xc3\xbchltruhe).ArtikeldetailsMarke: Dr. OetkerUrsprungsland: DeutschlandKontaktKontaktname: DR. AUGUST OETKER NAHRUNGSMITTEL KGKontaktadresse: Lutterstra\xc3\x9fe 14 - 33617 BielefeldMaximale Bestellmenge: 15 St\xc3\xbcckF\xc3\xbcr die vorstehenden Angaben wird keine Haftung \xc3\xbcbernommen. Bitte pr\xc3\xbcfen Sie im Einzelfall die Angaben auf der jeweiligen Produktverpackung, nur diese sind verbindlich.Das Produktdesign kann von der Abbildung abweichen.'",Im Weiher 14,Rewe,Tiefkühl,2023-07-09,"Gültig ab morgen bis Samstag, 15.07.2023"
Dr. Oetker Bistro Flammkuchen Elsässer Art,https://img.rewe-static.de/REWE_CENTER_HZ28_2023/8703784/34878422-11_digital-image.png?impolicy=s-offers&imwidth=200&output-format=image/webp,,https://shop.rewe.de/productList?search=2832136,,"tiefgefroren , je 265-g-Pckg , (1 kg = 7.51)",Knaller,"1,99 €","b'ProduktbeschreibungArtikelnummer 8703784Zutaten & AllergeneZutaten: WEIZENMEHL, 27% CR\xc3\x88ME FRA\xc3\x8eCHE, 15% Rohschinken (Schweinefleisch, Salz, Maltodextrin, Dextrose, Zucker, Gew\xc3\xbcrze, Gew\xc3\xbcrzextrakte, Stabilisator (Natriumnitrit), Rauch), Wasser, 5,4% Zwiebeln, Raps\xc3\xb6l, Oliven\xc3\xb6l nativ extra, Salz, Backhefe, Raucharoma, Aroma (enth\xc3\xa4lt WEIZEN), Pfeffer, Verdickungsmittel (Johannisbrotkernmehl, Xanthan), Muskatnuss. Kann enthalten: SOJA, SENF.Allergenhinweise: Enth\xc3\xa4lt: Milch und Milcherzeugnisse (einschlie\xc3\x9flich Lactose). Weizen und Weizenerzeugnisse (glutenhaltiges Getreide). Glutenhaltiges Getreide und glutenhaltige Getreideerzeugnisse. Kann enthalten: Dinkel und Dinkelerzeugnisse (glutenhaltiges Getreide). Roggen und Roggenerzeugnisse (glutenhaltiges Getreide). Senf- und Senferzeugnisse. Soja und Sojaerzeugnisse.N\xc3\xa4hrwerteDurchschnittliche N\xc3\xa4hrwerteUnzubereitet pro 100 gEnergie1.094 kJEnergie262 kcalFett14 gFett, davon ges\xc3\xa4ttigte Fetts\xc3\xa4uren6 gKohlenhydrate25 gKohlenhydrate, davon Zucker2,3 gBallaststoffe1,4 gEiwei\xc3\x9f7,9 gSalz1,2 gHinweiseAufbewahrungs- und Verwendungshinweis: Nach dem Auftauen nicht wieder einfrieren. Bei -18 \xc2\xb0C lagern (***-Fach oder Tiefk\xc3\xbchltruhe).ArtikeldetailsMarke: Dr. OetkerUrsprungsland: DeutschlandKontaktKontaktname: DR. AUGUST OETKER NAHRUNGSMITTEL KGKontaktadresse: Lutterstra\xc3\x9fe 14 - 33617 BielefeldMaximale Bestellmenge: 15 St\xc3\xbcckF\xc3\xbcr die vorstehenden Angaben wird keine Haftung \xc3\xbcbernommen. Bitte pr\xc3\xbcfen Sie im Einzelfall die Angaben auf der jeweiligen Produktverpackung, nur diese sind verbindlich.Das Produktdesign kann von der Abbildung abweichen.'",Im Weiher 14,Rewe,Tiefkühl,2023-07-09,"Gültig ab morgen bis Samstag, 15.07.2023"
Mövenpick Stracciatella Classico,https://img.rewe-static.de/REWE_CENTER_HZ28_2023/8725654/35463369-11_digital-image.png?impolicy=s-offers&imwidth=200&output-format=image/webp,,https://shop.rewe.de/productList?search=2832136,,"je 900-ml-Becher , (1 l = 2.21)",Aktion,"1,99 €","b'ProduktbeschreibungArtikelnummer 8725654Cremiges Eis mit Stracciatellageschmack mit Schokoladenst\xc3\xbcckchen und einer Schokoladensauce.Zutaten & AllergeneZutaten: Entrahmte MILCH, MOLKENERZEUGNIS, Glukosesirup, Zucker, Kokosfett, Soja\xc3\xb6l, VOLLMILCHPULVER, fettarmer Kakao** (1,3 %), Kakaobutter**, Kakaomasse**, Emulgatoren (Mono- und Diglyceride von Speisefetts\xc3\xa4uren, Lecithine (SOJA)), Verdickungsmittel (Johannisbrotkernmehl, Guarkernmehl), nat\xc3\xbcrliche Aromen (enthalten MILCH), Aroma. **Rainforest Alliance-zertifiziert. Mehr Informationen unter ra.org. KANN SCHALENFR\xc3\x9cCHTE, GLUTENHALTIGE GETREIDE UND EIER ENTHALTEN. Wichtig: Kleinkinder (unter 4 Jahren) verf\xc3\xbcgen \xc3\xbcber eine verminderte Kauf\xc3\xa4higkeit und k\xc3\xb6nnten sich an kleinen St\xc3\xbcckchen verschlucken.Allergenhinweise: Milch, Molkenerzeugnis, Schlagsahne, SojaEnth\xc3\xa4lt: Milch und Milcherzeugnisse (einschlie\xc3\x9flich Lactose). Soja und Sojaerzeugnisse. Kann enthalten: Eier und Eierzeugnisse. N\xc3\xbcsse und Nusserzeugnisse. Glutenhaltiges Getreide und glutenhaltige Getreideerzeugnisse.N\xc3\xa4hrwerteDurchschnittliche N\xc3\xa4hrwerteUnzubereitet pro 100 gEnergie1.079 kJEnergie258 kcalFett15 gFett, davon ges\xc3\xa4ttigte Fetts\xc3\xa4uren9,9 gKohlenhydrate28 gKohlenhydrate, davon Zucker23 gBallaststoffe0,7 gEiwei\xc3\x9f2,9 gSalz0,09 gHinweiseAufbewahrungs- und Verwendungshinweis: Bei -18 \xc2\xb0C mindestens haltbar bis Ende: siehe VerpackungsaufdruckInformation: Wichtig: Kleinkinder (unter 4 Jahren) verf\xc3\xbcgen \xc3\xbcber eine verminderte Kauf\xc3\xa4higkeit und k\xc3\xb6nnten sich an kleinen St\xc3\xbcckchen verschlucken. Packung enth\xc3\xa4lt 9 Portionen. Portionen sollten f\xc3\xbcr Kinder entsprechend ihrem Alter angepasst werden.ArtikeldetailsMarke: M\xc3\xb6venpickUrsprungsland: DeutschlandKontaktKontaktname: FRONERI Sch\xc3\xb6ller GmbHKontaktadresse: D-90419 N\xc3\xbcrnbergMaximale Bestellmenge: 15 St\xc3\xbcckF\xc3\xbcr die vorstehenden Angaben wird keine Haftung \xc3\xbcbernommen. Bitte pr\xc3\xbcfen Sie im Einzelfall die Angaben auf der jeweiligen Produktverpackung, nur diese sind verbindlich.Das Produktdesign kann von der Abbildung abweichen.'",Im Weiher 14,Rewe,Tiefkühl,2023-07-09,"Gültig ab morgen bis Samstag, 15.07.2023"
Mövenpick Salted Caramel,https://img.rewe-static.de/REWE_CENTER_HZ28_2023/7713567/38472507-14_digital-image.png?impolicy=s-offers&imwidth=200&output-format=image/webp,,https://shop.rewe.de/productList?search=2832136,,"je 800-ml-Becher , (1 l = 2.49)",Aktion,"1,99 €","b'ProduktbeschreibungArtikelnummer 7713567Eis mit Vanillegeschmack, mit gesalzener Karamellsauce, Karamellst\xc3\xbcckchen und kakaobutterhaltigen Konfektst\xc3\xbcckchen mit KaramellgeschmackZutaten & AllergeneZutaten: Entrahmte MILCH, MOLKENERZEUGNIS, Glukosesirup, Zucker,pflanzliche Fette (Kokos, Shea), gezuckerte KONDENSMILCH (eingedickte VOLLMILCH, Zucker, MILCHZUCKER), gezuckerte KONDENSMAGERMILCH (eingedickte entrahmte MILCH, Zucker), Emulgatoren (Mono- und Diglyceride von Speisefetts\xc3\xa4uren, Lecithine), Verdickungsmittel (Johannisbrotkernmehl, Guarkernmehl), Kakaobutter*, Salz, VOLLMILCHPULVER, BUTTERFETT, Feuchthaltemittel (Glycerin), f\xc3\xa4rbende Frucht- und Gem\xc3\xbcsekonzentrate (schwarze Johannisbeere, Apfel, Zitrone, Karotte, Rettich), f\xc3\xa4rbendes Saflorkonzentrat, nat\xc3\xbcrliche Vanillearomen, Kakaomasse*, MILCHZUCKER, nat\xc3\xbcrliche Aromen. *Rainforest Alliance-zertifiziert. Mehr Informationen unter ra.org.KANN SCHALENFR\xc3\x9cCHTE, GLUTENHALTIGE GETREIDE, SOJA UND EIER ENTHALTEN. Wichtig: Kleinkinder (unter 4 Jahren) verf\xc3\xbcgen\xc3\xbcber eine verminderte Kauf\xc3\xa4higkeit und k\xc3\xb6nnten sich an kleinen St\xc3\xbcckchen verschlucken.Allergenhinweise: MILCH, MOLKENERZEUGNIS, KONDENSMILCH, VOLLMILCH, MILCHZUCKER, KONDENSMAGERMILCH, VOLLMILCHPULVER, BUTTERFETT.Enth\xc3\xa4lt: Milch und Milcherzeugnisse (einschlie\xc3\x9flich Lactose). Kann enthalten: Glutenhaltiges Getreide und glutenhaltige Getreideerzeugnisse. Eier und Eierzeugnisse. N\xc3\xbcsse und Nusserzeugnisse. Soja und Sojaerzeugnisse.N\xc3\xa4hrwerteDurchschnittliche N\xc3\xa4hrwerteUnzubereitet pro 100 gEnergie1.009 kJEnergie240 kcalFett9,5 gFett, davon ges\xc3\xa4ttigte Fetts\xc3\xa4uren8,2 gKohlenhydrate37 gKohlenhydrate, davon Zucker29 gBallaststoffe< 0,5 gEiwei\xc3\x9f2 gSalz0,29 gHinweiseAufbewahrungs- und Verwendungshinweis: Bei -18 \xc2\xb0C mindestens haltbar bis Ende: siehe VerpackungsaufdruckInformation: Wichtig: Kleinkinder (unter 4 Jahren) verf\xc3\xbcgen\xc3\xbcber eine verminderte Kauf\xc3\xa4higkeit und k\xc3\xb6nnten sich an kleinen St\xc3\xbcckchen verschlucken.ArtikeldetailsMarke: M\xc3\xb6venpickUrsprungsland: DeutschlandKontaktKontaktname: FRONERI Sch\xc3\xb6ller GmbHKontaktadresse: D-90419 N\xc3\xbcrnbergMaximale Bestellmenge: 15 St\xc3\xbcckF\xc3\xbcr die vorstehenden Angaben wird keine Haftung \xc3\xbcbernommen. Bitte pr\xc3\xbcfen Sie im Einzelfall die Angaben auf der jeweiligen Produktverpackung, nur diese sind verbindlich.Das Produktdesign kann von der Abbildung abweichen.'",Im Weiher 14,Rewe,Tiefkühl,2023-07-09,"Gültig ab morgen bis Samstag, 15.07.2023"
Iglo Schlemmerfilet Bordelaise Classic,https://img.rewe-static.de/REWE_CENTER_HZ28_2023/8030937/30477207-17_digital-image.png?impolicy=s-offers&imwidth=200&output-format=image/webp,,https://shop.rewe.de/productList?search=2832136,,"tiefgefroren , je 380-g-Pckg , (1 kg = 7.87)",Aktion,"2,99 €","b'ProduktbeschreibungArtikelnummer 8030937Zutaten & AllergeneZutaten: ALASKA SEELACHS-FILET (71%), Wasser, Raps\xc3\xb6l, Paniermehl (WEIZENMEHL, Wasser, Gew\xc3\xbcrze (Paprikapulver, Kurkuma), Salz, Hefe), Zwiebeln, Zitronensaft aus Zitronensaftkonzentrat, Petersilie, Salz, EIPULVER, St\xc3\xa4rke, Gew\xc3\xbcrze (Paprikapulver, Zwiebelpulver, Knoblauchpulver)N\xc3\xa4hrwerteDurchschnittliche N\xc3\xa4hrwerteUnzubereitet pro 100 gEnergie628 kJEnergie150 kcalFett8,7 gFett, davon ges\xc3\xa4ttigte Fetts\xc3\xa4uren0,7 gKohlenhydrate5 gKohlenhydrate, davon Zucker0,5 gBallaststoffe0,5 gEiwei\xc3\x9f13 gSalz1,2 gHinweiseAufbewahrungs- und Verwendungshinweis: Aufbewahrung zu Hause: Bei minus 18\xc2\xb0C (Tiefk\xc3\xbchltruhe oder ***-Fach) mindestens haltbar bis Ende: siehe Verpackungsaufdruck.ArtikeldetailsMarke: IgloUrsprungsland: DeutschlandKontaktKontaktname: iglo GmbHKontaktadresse: Postfach 570 521, 22774 HamburgMaximale Bestellmenge: 15 St\xc3\xbcckF\xc3\xbcr die vorstehenden Angaben wird keine Haftung \xc3\xbcbernommen. Bitte pr\xc3\xbcfen Sie im Einzelfall die Angaben auf der jeweiligen Produktverpackung, nur diese sind verbindlich.Das Produktdesign kann von der Abbildung abweichen.'",Im Weiher 14,Rewe,Tiefkühl,2023-07-09,"Gültig ab morgen bis Samstag, 15.07.2023"
Iglo Filegro Ofen-Backfisch,https://img.rewe-static.de/REWE_CENTER_HZ28_2023/1148717/19141120-88_digital-image.png?impolicy=s-offers&imwidth=200&output-format=image/webp,,https://shop.rewe.de/productList?search=2832136,,"tiefgefroren , je 240-g-Pckg , (1 kg = 12.46)",Aktion,"2,99 €","b'ProduktbeschreibungArtikelnummer 1148717Das iglo Filegro Traditioneller Ofen-Backfisch enth\xc3\xa4lt 100% saftiges Alaska Seelachsfilet und ist umh\xc3\xbcllt von einem lecker-knusprigen Backteig, der speziell f\xc3\xbcr die Zubereitung im Ofen entwickelt wurde. \nIglo setzt ausschlie\xc3\x9flich auf den Einsatz von MSC zertifiziertem Fisch. Daher wird der Alaska Seelachs zu 100% aus verantwortungsbewussten Quellen bezogen und durch den Einsatz modernster Produktionsmethoden wird absolute Frische und Qualit\xc3\xa4t garantiert. \n- 100% Fischfilet\n- Umh\xc3\xbcllt mit lecker-knusprigen Backteig\n- Ohne Zusatz von k\xc3\xbcnstlichen Aromen, Farbstoffen und Geschmacksverst\xc3\xa4rkern\n- Nat\xc3\xbcrliche Quelle von Omega 3\n- Tiefgefroren... mehr anzeigenZutaten & AllergeneZutaten: ALASKA SEELACHS-FILET (54%), pflanzliches \xc3\x96l, WEIZENMEHL, Paniermehl (WEIZENMEHL, Salz, Traubenzucker), Wasser, Kartoffelst\xc3\xa4rke, WEIZENST\xc3\x84RKE, Salz, Backtriebmittel: Diphosphate und Natriumcarbonate, Maismehl, Traubenzucker, MAGERMILCHPULVER.N\xc3\xa4hrwerteDurchschnittliche N\xc3\xa4hrwerteUnzubereitet pro 100 gEnergie1.046 kJEnergie251 kcalFett14,5 gFett, davon ges\xc3\xa4ttigte Fetts\xc3\xa4uren1,3 gKohlenhydrate18,1 gKohlenhydrate, davon Zucker0,4 gBallaststoffe0,6 gEiwei\xc3\x9f11,6 gSalz1,25 gHinweiseAufbewahrungs- und Verwendungshinweis:  Aufbewahrung zu Hause: *** - Fach oder Tiefk\xc3\xbchltruhe (bei minus 18\xc2\xb0 C) mindestens haltbar bis Ende: sie Packungsseite, Aufbewahrung zu Hause: ** - Fach 2 Wochen, Aufbewahrung zu Hause: * - Fach einige Tage.ArtikeldetailsMarke: IgloUrsprungsland: DeutschlandKontaktKontaktname: iglo GmbHKontaktadresse: Postfach 570 521, 22774 HamburgMaximale Bestellmenge: 15 St\xc3\xbcckF\xc3\xbcr die vorstehenden Angaben wird keine Haftung \xc3\xbcbernommen. Bitte pr\xc3\xbcfen Sie im Einzelfall die Angaben auf der jeweiligen Produktverpackung, nur diese sind verbindlich.Das Produktdesign kann von der Abbildung abweichen.'",Im Weiher 14,Rewe,Tiefkühl,2023-07-09,"Gültig ab morgen bis Samstag, 15.07.2023"
Langnese Family Mix Multipackung,https://img.rewe-static.de/REWE_CENTER_HZ28_2023/8900513/38330307-12_digital-image.png?impolicy=s-offers&imwidth=200&output-format=image/webp,,https://shop.rewe.de/productList?search=2832136,,"je 462-ml-Pckg , (1 l = 6.47)",Aktion,"2,99 €","b'ProduktbeschreibungArtikelnummer 8900513Ein Mix, der das Beste von Langnese zusammen bringt und f\xc3\xbcr jeden in der Familie etwas bietet. Der Family Mix besteht aus Flutschfinger (1x), Capri (2x), Magnum Mini Classic (2x), Cuja Mara Split (1x) und Nogger (1x).Zutaten & AllergeneZutaten: Langnese Family Mix - Capri Zutaten: Orangensaft aus Orangensaftkonzentrat (53%), Trinkwasser, Zucker, Glukose-Fruktose-Sirup, S\xc3\xa4ureregulator (Citronens\xc3\xa4ure), Stabilisatoren (Guarkernmehl, Tarakernmehl, Johannisbrotkernmehl), Farbstoff (Carotin), nat\xc3\xbcrliche Orangenaromen. Kann Milch und Soja enthalten. Langnese Family Mix - Cuja Mara Split Zutaten: Orangensaft aus Orangensaftkonzentrat (24%), entrahmte MILCH (21%), Passionsfruchtsaft aus Passionsfruchtsaftkonzentrat (15%), Trinkwasser, Zucker, Kokosfett, Glukosesirup, Glukose-Fruktose-Sirup, MOLKENERZEUGNIS, Fruktose, Stabilisatoren (Guarkernmehl, Johannisbrotkernmehl, Tarakernmehl), Farbstoff (Carotin), Emulgator (Mono- und Diglyceride von Speisefetts\xc3\xa4uren), nat\xc3\xbcrliches Vanillearoma\xc2\xb9, S\xc3\xa4ureregulator (Citronens\xc3\xa4ure). Kann Mandel, Ei, Haselnuss, Soja und Weizen enthalten. \xc2\xb9Rainforest Alliance-zertifiziert. Langnese Family Mix - Flutschfinger Zutaten: Trinkwasser, Zucker, Orangensaft aus Orangensaftkonzentrat (10%), Glukose-Fruktose-Sirup, Erdbeersaft aus Erdbeersaftkonzentrat (4,5%), Glukosesirup, Fruktose, Zitronensaft aus Zitronensaftkonzentrat (0,6%), S\xc3\xa4ureregulator (Citronens\xc3\xa4ure), Stabilisatoren (Johannisbrotkernmehl, Tarakernmehl, Guarkernmehl), Schwarze-Karotte-Konzentrat, F\xc3\xa4rberdistelkonzentrat, Farbstoffe (Paprikaextrakt, Kurkumin, Chlorophylle), Aromen. Kann Haselnuss, Milch, Soja und Weizen enthalten. Langnese Family Mix - Magnum Mini Classic Zutaten: Entrahmte MILCH, Zucker, Kakaobutter\xc2\xb9, Kakaomasse\xc2\xb9, Trinkwasser, Kokosfett, Glukosesirup, VOLLMILCHPULVER, Glukose-Fruktose-Sirup, MOLKENERZEUGNIS, BUTTERFETT, Emulgatoren (E471, Lecithine (SOJA), E476), vermahlene Vanilleschoten, Stabilisatoren (Johannisbrotkernmehl, Guarkernmehl, Carrageen), nat\xc3\xbcrliches Vanillearoma\xc2\xb9 (mit MILCH), Aroma, Farbstoff (Carotin). Kann Mandeln enthalten.\xc2\xb9Rainforest Alliance-zertifiziert. Langnese Family Mix - Nogger Zutaten: entrahmte MILCH, Kokosfett, Zucker, Glukose-Fruktose-Sirup, Trinkwasser, Glukosesirup, HASELNUSS-St\xc3\xbcckchen, fettarmer Kakao\xc2\xb9 (3%), WEIZENMEHL, MOLKENERZEUGNIS, MAGERMILCH-Pulver oder -Konzentrat, Stabilisatoren (Guarkernmehl, Johannisbrotkernmehl, Tarakernmehl), Emulgatoren (Mono- und Diglyceride von Speisefetts\xc3\xa4uren, Ammoniumphosphatide), Speisesalz, Backtriebmittel (Ammoniumcarbonate), nat\xc3\xbcrliches Vanillearoma\xc2\xb9. Kann Pistazie und Soja enthalten. \xc2\xb9Rainforest Alliance-zertifiziert.Allergenhinweise: Enth\xc3\xa4lt: Milch und Milcherzeugnisse (einschlie\xc3\x9flich Lactose). N\xc3\xbcsse und Nusserzeugnisse. Soja und Sojaerzeugnisse. Haselnuss und Haselnusserzeugnisse. Weizen und Weizenerzeugnisse (glutenhaltiges Getreide). Kann enthalten: Eier und Eierzeugnisse. Glutenhaltiges Getreide und glutenhaltige Getreideerzeugnisse.N\xc3\xa4hrwerteDurchschnittliche N\xc3\xa4hrwerteUnzubereitet pro 100 mlEnergie413 kJEnergie98 kcalFett< 0,5 gFett, davon ges\xc3\xa4ttigte Fetts\xc3\xa4uren< 0,1 gKohlenhydrate23 gKohlenhydrate, davon Zucker22 gEiwei\xc3\x9f< 0,5 gSalz< 0,01 gHinweiseAufbewahrungs- und Verwendungshinweis: Bei -18\xc2\xb0C mindestens haltbar bis Ende: siehe PackungsaufdruckArtikeldetailsMarke: LangneseUrsprungsland: UngarnKontaktKontaktname: Unilever DeutschlandKontaktadresse: Postfach 570 385, 22772 HamburgMaximale Bestellmenge: 15 St\xc3\xbcckF\xc3\xbcr die vorstehenden Angaben wird keine Haftung \xc3\xbcbernommen. Bitte pr\xc3\xbcfen Sie im Einzelfall die Angaben auf der jeweiligen Produktverpackung, nur diese sind verbindlich.Das Produktdesign kann von der Abbildung abweichen.'",Im Weiher 14,Rewe,Tiefkühl,2023-07-09,"Gültig ab morgen bis Samstag, 15.07.2023"
Jacobs Auslese oder Meisterröstung,https://img.rewe-static.de/REWE_CENTER_HZ28_2023/7055901/26484398-13_digital-image.png?impolicy=s-offers&imwidth=200&output-format=image/webp,,https://shop.rewe.de/productList?search=2832136,,"versch. Sorten, gemahlener Bohnenkaffee , je 500-g-Pckg , (1 kg = 7.98)",Knaller,"3,99 €","b'ProduktbeschreibungArtikelnummer 7055901Die aromatische Komposition ausgew\xc3\xa4hlter Kaffeebohnen, ger\xc3\xb6stet in unserem besonders schonenden R\xc3\xb6stverfahren, garantiert den unverwechselbaren Geschmack unserer Auslese von Jacobs klassisch. Die aromatische Komposition ausgew\xc3\xa4hlter Kaffeebohnen, ger\xc3\xb6stet in unserem besonders schonenden R\xc3\xb6stverfahren, garantiert den unverwechselbaren Geschmack unserer Auslese von Jacobs klassisch.Zutaten & AllergeneAllergenhinweise: Enth\xc3\xa4lt: Keine deklarationspflichtigen Allergene enthalten.HinweiseAufbewahrungs- und Verwendungshinweis: Ge\xc3\xb6ffnete Packung gut verschlossen, k\xc3\xbchl und trocken aufbewahren.ArtikeldetailsMarke: JacobsUrsprungsland: DeutschlandKontaktKontaktname: JACOBS DOUWE EGBERTSKontaktadresse: Oosterdoksstraat 80, 1011 DK Amsterdam, The NetherlandsMaximale Bestellmenge: 15 St\xc3\xbcckF\xc3\xbcr die vorstehenden Angaben wird keine Haftung \xc3\xbcbernommen. Bitte pr\xc3\xbcfen Sie im Einzelfall die Angaben auf der jeweiligen Produktverpackung, nur diese sind verbindlich.Das Produktdesign kann von der Abbildung abweichen.'",Im Weiher 14,Rewe,Frühstück,2023-07-09,"Gültig ab morgen bis Samstag, 15.07.2023"
Lavazza Tierra Kaffeekapseln,https://img.rewe-static.de/REWE_CENTER_HZ28_2023/8751427/35732387-9_digital-image.png?impolicy=s-offers&imwidth=200&output-format=image/webp,,https://shop.rewe.de/productList?search=2832136,,"je 55-g-Pckg , (1 kg = 45.27)",Aktion,"2,49 €","b'ProduktbeschreibungArtikelnummer 8751427ArtikeldetailsMarke: LavazzaEigenschaften: BioUrsprungsland: Italien\xc3\x96ko Kontrollstelle: IT-BIO-009Ort der Erzeugung: EU-LandwirtschaftKontaktKontaktname: Luigi Lavazza Deutschland GmbHKontaktadresse: Platz der Einheit 2, 60327 Frankfurt/M.F\xc3\xbcr die vorstehenden Angaben wird keine Haftung \xc3\xbcbernommen. Bitte pr\xc3\xbcfen Sie im Einzelfall die Angaben auf der jeweiligen Produktverpackung, nur diese sind verbindlich.Das Produktdesign kann von der Abbildung abweichen.'",Im Weiher 14,Rewe,Frühstück,2023-07-09,"Gültig ab morgen bis Samstag, 15.07.2023"
Lavazza Espresso Kaffeekapseln,https://img.rewe-static.de/REWE_CENTER_HZ28_2023/8810470/35732285-9_digital-image.png?impolicy=s-offers&imwidth=200&output-format=image/webp,,https://shop.rewe.de/productList?search=2832136,,"je 57-g-Pckg , (1 kg = 43.68)",Aktion,"2,49 €","b'ProduktbeschreibungArtikelnummer 8810470ArtikeldetailsMarke: LavazzaUrsprungsland: ItalienKontaktKontaktname: Luigi Lavazza Deutschland GmbHKontaktadresse: Platz der Einheit 260327 Frankfurt/M.F\xc3\xbcr die vorstehenden Angaben wird keine Haftung \xc3\xbcbernommen. Bitte pr\xc3\xbcfen Sie im Einzelfall die Angaben auf der jeweiligen Produktverpackung, nur diese sind verbindlich.Das Produktdesign kann von der Abbildung abweichen.'",Im Weiher 14,Rewe,Frühstück,2023-07-09,"Gültig ab morgen bis Samstag, 15.07.2023"
Jacobs Gold,https://img.rewe-static.de/REWE_CENTER_HZ28_2023/0721271/1427840-25_digital-image.png?impolicy=s-offers&imwidth=200&output-format=image/webp,,https://shop.rewe.de/productList?search=2832136,,"löslicher Bohnenkaffee , je 200-g-Glas , (1 kg = 32.45)",Aktion,"6,49 €","b'ProduktbeschreibungArtikelnummer 721271Ausgesuchte Kaffeesorten aus unterschiedlichen Anbaugebieten werden harmonisch aufeinander abgestimmt. So entsteht das besondere Kaffeeerlebnis mit dem magischen Verw\xc3\xb6hnaroma. Zutaten & AllergeneAllergenhinweise: Enth\xc3\xa4lt: Keine deklarationspflichtigen Allergene enthalten.HinweiseAufbewahrungs- und Verwendungshinweis: Trocken lagern und vor W\xc3\xa4rme sch\xc3\xbctzen.Information: unter Schutzatmosph\xc3\xa4re verpacktArtikeldetailsMarke: JacobsUrsprungsland: DeutschlandKontaktKontaktname: JACOBS DOUWE EGBERTSKontaktadresse: Oosterdoksstraat 80, 1011 DK Amsterdam, The NetherlandsF\xc3\xbcr die vorstehenden Angaben wird keine Haftung \xc3\xbcbernommen. Bitte pr\xc3\xbcfen Sie im Einzelfall die Angaben auf der jeweiligen Produktverpackung, nur diese sind verbindlich.Das Produktdesign kann von der Abbildung abweichen.'",Im Weiher 14,Rewe,Frühstück,2023-07-09,"Gültig ab morgen bis Samstag, 15.07.2023"
Schwiizer Schüümli,https://img.rewe-static.de/REWE_CENTER_HZ28_2023/2035261/21894441-26_digital-image.png?impolicy=s-offers&imwidth=200&output-format=image/webp,,https://shop.rewe.de/productList?search=2832136,,"ganze Bohnen, versch. Sorten , je 1000-g-Btl",Aktion,"10,99 €","b'ProduktbeschreibungArtikelnummer 2035261- SCHWIIZER SCH\xc3\x9c\xc3\x9cMLI CREMA: Unsere ger\xc3\xb6steten Kaffeebohnen sind 100% edle Arabicas und \xc3\xbcberzeugen durch einen aromatischen Geschmack - ein echter Genuss f\xc3\xbcr die Sinne \n- UMWELTFREUNDLICH: Unserer Bohnenkaffee ist UTZ-zertifiziert. Wir setzten uns f\xc3\xbcr eine verantwortungsbewusste, umweltfreundliche Kaffeeproduktion ein \n- DETAIL: R\xc3\xb6stkaffee in ganzen Bohnen - Verpackung 1 kg - Intensit\xc3\xa4t 3 von 5 - 100 Prozent Arabica - Empfohlene Tassengr\xc3\xb6sse: 40 ml Espresso \n- KOMPABILIT\xc3\x84T: Ideal f\xc3\xbcr Vollautomaten mit integriertem Mahlwerk, Espresso-Kolbenmaschine und italienische Mocca-Kannen \n- SCHWEIZER PREMIUMKAFFEE: Unsere Leidenschaft sind hochwertige Kaffeeprodukte. Wir beschaffen, veredeln und verpacken Kaffee seit 1954... mehr anzeigenHinweiseInformation: Unter Schutzatmosph\xc3\xa4re verpackt.ArtikeldetailsUrsprungsland: SchweizKontaktKontaktname: SCG Swiss Consumer Goods GmbHKontaktadresse: D-64625 BensheimF\xc3\xbcr die vorstehenden Angaben wird keine Haftung \xc3\xbcbernommen. Bitte pr\xc3\xbcfen Sie im Einzelfall die Angaben auf der jeweiligen Produktverpackung, nur diese sind verbindlich.Das Produktdesign kann von der Abbildung abweichen.'",Im Weiher 14,Rewe,Frühstück,2023-07-09,"Gültig ab morgen bis Samstag, 15.07.2023"
Breitsamer Honig Frühlingssummen,https://img.rewe-static.de/REWE_CENTER_HZ28_2023/3183877/26156820-8_digital-image.png?impolicy=s-offers&imwidth=200&output-format=image/webp,,https://shop.rewe.de/productList?search=2832136,,"je 500-g-Glas , (1 kg = 9.98)",Aktion,"4,99 €","b'ProduktbeschreibungArtikelnummer 3183877Honig aus Europa Zutaten & AllergeneAllergenhinweise: Enth\xc3\xa4lt: Keine deklarationspflichtigen Allergene enthalten.N\xc3\xa4hrwerteDurchschnittliche N\xc3\xa4hrwerteUnzubereitet pro 100 gEnergie1.386 kJEnergie326 kcalFett< 0 gFett, davon ges\xc3\xa4ttigte Fetts\xc3\xa4uren0 gKohlenhydrate81 gKohlenhydrate, davon Zucker75 gEiwei\xc3\x9f0,4 gSalz0 gArtikeldetailsMarke: BreitsamerEigenschaften: VegetarischUrsprungsland: Europ\xc3\xa4ische UnionKontaktKontaktname: Breitsamer HonigKontaktadresse: 81735 M\xc3\xbcnchenMaximale Bestellmenge: 15 St\xc3\xbcckF\xc3\xbcr die vorstehenden Angaben wird keine Haftung \xc3\xbcbernommen. Bitte pr\xc3\xbcfen Sie im Einzelfall die Angaben auf der jeweiligen Produktverpackung, nur diese sind verbindlich.Das Produktdesign kann von der Abbildung abweichen.'",Im Weiher 14,Rewe,Frühstück,2023-07-09,"Gültig ab morgen bis Samstag, 15.07.2023"
REWE Beste Wahl Toast,https://img.rewe-static.de/REWE_CENTER_HZ28_2023/1125442/22472291-23_digital-image.png?impolicy=s-offers&imwidth=200&output-format=image/webp,,https://shop.rewe.de/productList?search=2832136,,"versch. Sorten , je 500-g-Pckg , (1 kg = 2.78)",Aktion,"1,39 €","b'ProduktbeschreibungArtikelnummer 1125442Zutaten & AllergeneZutaten: WEIZENMEHL, Wasser, ROGGENMEHL 5%, Hefe, Zucker, Speisesalz, Raps\xc3\xb6l, WEIZENGLUTEN, S\xc3\xa4ureregulator Natriumacetate, S\xc3\xa4uerungsmittel Citronens\xc3\xa4ure, LUPINENMEHL, Emulgator Natriumstearoyl-2-lactylat, ger\xc3\xb6stetes WEIZENMALZMEHL.   Kann Spuren von Milcherzeugnissen enthalten Zusatzstoffe: E 262, E 330, E 481Allergenhinweise: Glutenhaltiges Getreide (Weizen, Gerste, Roggen, Hafer, Dinkel, Kamut oder Hybridst\xc3\xa4mme) , Lupine und daraus hergestellte ErzeugnisseN\xc3\xa4hrwerteDurchschnittliche N\xc3\xa4hrwertepro 100 gEnergie1.116 kJEnergie264 kcalFett2,4 gFett, davon ges\xc3\xa4ttigte Fetts\xc3\xa4uren0,3 gKohlenhydrate50 gKohlenhydrate, davon Zucker4,2 gEiwei\xc3\x9f8,8 gSalz1,12 gHinweiseVerwendungshinweise: Trocken lagern. Vor W\xc3\xa4rme sch\xc3\xbctzen.ArtikeldetailsMarke: REWE Beste WahlUrsprungsland: DeutschlandKontaktKontaktname: Glockenbrot B\xc3\xa4ckerei GmbH & Co. oHGKontaktadresse: Robert-Bosch-Str. 3, 60386 Frankfurt am Main, DeutschlandF\xc3\xbcr die vorstehenden Angaben wird keine Haftung \xc3\xbcbernommen. Bitte pr\xc3\xbcfen Sie im Einzelfall die Angaben auf der jeweiligen Produktverpackung, nur diese sind verbindlich.Das Produktdesign kann von der Abbildung abweichen.'",Im Weiher 14,Rewe,Frühstück,2023-07-09,"Gültig ab morgen bis Samstag, 15.07.2023"
"Wurzelbrot
            2",https://img.rewe-static.de/REWE_CENTER_HZ28_2023/8450667/31279077-9_digital-image.png?impolicy=s-offers&imwidth=200&output-format=image/webp,,https://shop.rewe.de/productList?search=2832136,,"hell oder dunkel , je 300-g-St , (1 kg = 4.97)",Aktion,"1,49 €",nan,Im Weiher 14,Rewe,Frühstück,2023-07-09,"Gültig ab morgen bis Samstag, 15.07.2023"
"Pane Filone
            2",https://img.rewe-static.de/REWE_CENTER_HZ28_2023/0810783/11591790-24_digital-image.png?impolicy=s-offers&imwidth=200&output-format=image/webp,,https://shop.rewe.de/productList?search=2832136,,"je 300-g-St , (1 kg = 5.30)",Aktion,"1,59 €","b'ProduktbeschreibungArtikelnummer 810783Zutaten: WEIZENMEHL, Wasser, WEIZENSAUERTEIG getrocknet, Speisesalz, Hefe, Stabilisator Guarkernmehl, GERSTENMALZEXTRAKT.\nKann Spuren von SESAM, MILCH-, LUPINEN- und SOJAERZEUGNISSEN enthalten.\n\nN\xc3\xa4hrwerte je 100g:\nEnergie: 1021KJ\nEnergie: 241kcal\nFett: 2g\nFett, davon ges\xc3\xa4ttigte Fetts\xc3\xa4uren: 0,7g\nKohlenhydrate: 47,5g\nKohlenhydrate, davon Zucker: 5,5g\nEiwei\xc3\x9f: 8,2g\nSalz: 1,6g\nBallaststoffe: 6,1g Zutaten & AllergeneAllergenhinweise: nullN\xc3\xa4hrwerteDurchschnittliche N\xc3\xa4hrwerteUnzubereitet pro 100 gEnergie1.021 kJEnergie241 kcalFett2 gFett, davon ges\xc3\xa4ttigte Fetts\xc3\xa4uren0,7 gKohlenhydrate47,5 gKohlenhydrate, davon Zucker5,5 gEiwei\xc3\x9f8,2 gSalz1,6 gArtikeldetailsMarke: GlockenbrotF\xc3\xbcr die vorstehenden Angaben wird keine Haftung \xc3\xbcbernommen. Bitte pr\xc3\xbcfen Sie im Einzelfall die Angaben auf der jeweiligen Produktverpackung, nur diese sind verbindlich.Das Produktdesign kann von der Abbildung abweichen.'",Im Weiher 14,Rewe,Frühstück,2023-07-09,"Gültig ab morgen bis Samstag, 15.07.2023"
Frikadellen,https://img.rewe-static.de/REWE_CENTER_HZ28_2023/2796012/24975633-3_digital-image.png?impolicy=s-offers&imwidth=200&output-format=image/webp,,https://shop.rewe.de/productList?search=2832136,,je 100 g,Aktion,"1,19 €",nan,Im Weiher 14,Rewe,Frühstück,2023-07-09,"Gültig ab morgen bis Samstag, 15.07.2023"
Milka Haselnusscreme,https://img.rewe-static.de/REWE_CENTER_HZ28_2023/8424980/30781039-8_digital-image.png?impolicy=s-offers&imwidth=200&output-format=image/webp,,https://shop.rewe.de/productList?search=2832136,,"je 350-g-Glas , (1 kg = 5.69)",Aktion,"1,99 €","b'ProduktbeschreibungArtikelnummer 8424980Zutaten & AllergeneZutaten: Zucker, Raps\xc3\xb6l (25%), S\xc3\xbcssmolkenpulver (aus MILCH), HASELNUSSMASSE (5%), fettarmes Kakaopulver, MAGERMILCHPULVER, Kakaobutter, Sonnenblumen\xc3\xb6l, Emulgator (Lecithine), Speisesalz, Aromen. KANN ENTHALTEN: ANDERE N\xc3\x9cSSE, WEIZEN UND ERDNUSS.Allergenhinweise: MILCH, HASELNUSSMASSE, MAGERMILCHPULVEREnth\xc3\xa4lt: Haselnuss und Haselnusserzeugnisse. Milch und Milcherzeugnisse (einschlie\xc3\x9flich Lactose). N\xc3\xbcsse und Nusserzeugnisse. Kann enthalten: Weizen und Weizenerzeugnisse (glutenhaltiges Getreide). Erdn\xc3\xbcsse und Erdnusserzeugnisse. Glutenhaltiges Getreide und glutenhaltige Getreideerzeugnisse.N\xc3\xa4hrwerteDurchschnittliche N\xc3\xa4hrwerteUnzubereitet pro 100 gEnergie2.316 kJEnergie555 kcalFett34 gFett, davon ges\xc3\xa4ttigte Fetts\xc3\xa4uren4,6 gKohlenhydrate58 gKohlenhydrate, davon Zucker57 gBallaststoffe2,1 gEiwei\xc3\x9f3,8 gSalz0,18 gHinweiseAufbewahrungs- und Verwendungshinweis: Trocken lagern und vor W\xc3\xa4rme sch\xc3\xbctzen. Optimale Aufbewahrung zwischen 15\xc2\xb0C und 20\xc2\xb0CArtikeldetailsMarke: MilkaUrsprungsland: BelgienKontaktKontaktname: Mondelez Deutschland GmbHKontaktadresse: D-28078 BremenMaximale Bestellmenge: 15 St\xc3\xbcckF\xc3\xbcr die vorstehenden Angaben wird keine Haftung \xc3\xbcbernommen. Bitte pr\xc3\xbcfen Sie im Einzelfall die Angaben auf der jeweiligen Produktverpackung, nur diese sind verbindlich.Das Produktdesign kann von der Abbildung abweichen.'",Im Weiher 14,Rewe,Frühstück,2023-07-09,"Gültig ab morgen bis Samstag, 15.07.2023"
"Vollkornbrötchen
            2",https://img.rewe-static.de/REWE_CENTER_HZ28_2023/7729207/37654179-5_digital-image.png?impolicy=s-offers&imwidth=200&output-format=image/webp,,https://shop.rewe.de/productList?search=2832136,,je St,Aktion,"0,39 €",nan,Im Weiher 14,Rewe,Frühstück,2023-07-09,"Gültig ab morgen bis Samstag, 15.07.2023"
"Partykranz
            2",https://img.rewe-static.de/REWE_CENTER_HZ28_2023/0544566/26767044-10_digital-image.png?impolicy=s-offers&imwidth=200&output-format=image/webp,,https://shop.rewe.de/productList?search=2832136,,"je 400-g-St , (1 kg = 4.98)",Aktion,"1,99 €","b'ProduktbeschreibungArtikelnummer 544566Zutaten: WEIZENMEHL, Wasser, SESAM, Mohn, Hefe, BUCHWEIZEN, Leinsamen, Salz, Raps\xc3\xb6l. \n\nEnth\xc3\xa4lt: GLUTEN, SESAM. Kann Spuren von EIER, SOJA, MILCH, SCHALENFR\xc3\x9cCHTE enthalten. \n\nN\xc3\xa4hrwerte je 100g:\nEnergie: 1320KJ\nEnergie: 313kcal\nFett: 7g\nFett, davon ges\xc3\xa4ttigte Fetts\xc3\xa4uren: 0,9g\nKohlenhydrate: 50,1g\nKohlenhydrate, davon Zucker: 1,8g\nEiwei\xc3\x9f: 10,6g\nSalz: 1,1g ArtikeldetailsMarke: EntrupF\xc3\xbcr die vorstehenden Angaben wird keine Haftung \xc3\xbcbernommen. Bitte pr\xc3\xbcfen Sie im Einzelfall die Angaben auf der jeweiligen Produktverpackung, nur diese sind verbindlich.Das Produktdesign kann von der Abbildung abweichen.'",Im Weiher 14,Rewe,Frühstück,2023-07-09,"Gültig ab morgen bis Samstag, 15.07.2023"
Suchard Express oder Kaba Kakao,https://img.rewe-static.de/REWE_CENTER_HZ28_2023/8908126/39431257-7_digital-image.png?impolicy=s-offers&imwidth=200&output-format=image/webp,,https://shop.rewe.de/productList?search=2832136,,"je 400-g-Btl , (1 kg = 4.98)",Aktion,"1,99 €","b'ProduktbeschreibungArtikelnummer 8908126Zutaten & AllergeneZutaten: Zucker, mageres Kakaopulver (18 %), Traubenzucker (15 %), Emulgator (SOJAlecithine), Salz, nat\xc3\xbcrliches Aroma.Allergenhinweise: Enth\xc3\xa4lt: Soja und Sojaerzeugnisse.N\xc3\xa4hrwerteDurchschnittliche N\xc3\xa4hrwerteUnzubereitet pro 100 gEnergie1.625 kJEnergie384 kcalFett3 gFett, davon ges\xc3\xa4ttigte Fetts\xc3\xa4uren1,4 gKohlenhydrate82 gKohlenhydrate, davon Zucker79 gBallaststoffe5,7 gEiwei\xc3\x9f4 gSalz0,34 gHinweiseAufbewahrungs- und Verwendungshinweis: Mindestens haltbar bis: Siehe Boden.Trocken lagern und vor W\xc3\xa4rme sch\xc3\xbctzen.ArtikeldetailsMarke: SuchardUrsprungsland: FrankreichKontaktKontaktname: Carambar and Co.Kontaktadresse: 9 rue Maurice Mallet , 92130 Issy-les-Moulineaux - FranceMaximale Bestellmenge: 15 St\xc3\xbcckF\xc3\xbcr die vorstehenden Angaben wird keine Haftung \xc3\xbcbernommen. Bitte pr\xc3\xbcfen Sie im Einzelfall die Angaben auf der jeweiligen Produktverpackung, nur diese sind verbindlich.Das Produktdesign kann von der Abbildung abweichen.'",Im Weiher 14,Rewe,Frühstück,2023-07-09,"Gültig ab morgen bis Samstag, 15.07.2023"
"Dinkelbrot »Pur«
            2",https://img.rewe-static.de/REWE_CENTER_HZ28_2023/7956326/32139851-11_digital-image.png?impolicy=s-offers&imwidth=200&output-format=image/webp,,https://shop.rewe.de/productList?search=2832136,,"je 500-g-St , (1 kg = 4.38)",Aktion,"2,19 €","b'ProduktbeschreibungArtikelnummer 7956326Zutaten: DINKELMEHL, Wasser, DINKELVOLLKORNMEHL, Kartoffelflocken, SPEISEQUARK, Hefe, Speisesalz, Raps\xc3\xb6l, Dextrose, WEIZENGLUTEN. \n\nKann Spuren von SESAM, WALN\xc3\x9cSSEN, HASELN\xc3\x9cSSEN und MANDELN enthalten.\n\nN\xc3\xa4hrwerte je 100g:\nEnergie: 1039KJ\nEnergie: 246kcal\nFett: 2,1g\nFett, davon ges\xc3\xa4ttigte Fetts\xc3\xa4uren: 0,3g\nKohlenhydrate: 45,5g\nKohlenhydrate, davon Zucker: 3,7g\nEiwei\xc3\x9f: 9,6g\nSalz: 1,2g F\xc3\xbcr die vorstehenden Angaben wird keine Haftung \xc3\xbcbernommen. Bitte pr\xc3\xbcfen Sie im Einzelfall die Angaben auf der jeweiligen Produktverpackung, nur diese sind verbindlich.Das Produktdesign kann von der Abbildung abweichen.'",Im Weiher 14,Rewe,Frühstück,2023-07-09,"Gültig ab morgen bis Samstag, 15.07.2023"
Mövenpick Gourmet Fruchtaufstrich,https://img.rewe-static.de/REWE_CENTER_HZ28_2023/5074088/8198980-23_digital-image.png?impolicy=s-offers&imwidth=200&output-format=image/webp,,https://shop.rewe.de/productList?search=2832136,,"versch. Sorten , je 250-g-Glas , (1 kg = 7.96)",Aktion,"1,99 €","b'ProduktbeschreibungArtikelnummer 5074088Ohne Zusatz von Aromen\r\nBester M\xc3\xb6venpick Geschmack\r\nerlesene Fr\xc3\xbcchteZutaten & AllergeneZutaten: Schwarze Johannisbeeren, Zucker, Verdickungsmittel: Pektin, S\xc3\xa4uerungsmittel: Citronens\xc3\xa4ure.N\xc3\xa4hrwerteDurchschnittliche N\xc3\xa4hrwerteUnzubereitet pro 100 gEnergie858 kJEnergie202 kcalFett0,1 gFett, davon ges\xc3\xa4ttigte Fetts\xc3\xa4uren0 gKohlenhydrate46,5 gKohlenhydrate, davon Zucker46,5 gBallaststoffe4,1 gEiwei\xc3\x9f0,7 gSalz0,02 gHinweiseAufbewahrungs- und Verwendungshinweis: Nach dem \xc3\x96ffnen im K\xc3\xbchlschrank aufbewahren.Information: Hergestellt aus 55g Fr\xc3\xbcchten je 100g.ArtikeldetailsMarke: M\xc3\xb6venpickUrsprungsland: DeutschlandSorte: Schwarze JohannisbeereKontaktKontaktname: Schwartauer Werke GmbH & Co KGaAKontaktadresse: 23608 Bad SchwartauMaximale Bestellmenge: 15 St\xc3\xbcckF\xc3\xbcr die vorstehenden Angaben wird keine Haftung \xc3\xbcbernommen. Bitte pr\xc3\xbcfen Sie im Einzelfall die Angaben auf der jeweiligen Produktverpackung, nur diese sind verbindlich.Das Produktdesign kann von der Abbildung abweichen.'",Im Weiher 14,Rewe,Frühstück,2023-07-09,"Gültig ab morgen bis Samstag, 15.07.2023"
REWE Beste Wahl Ciabatta,https://img.rewe-static.de/REWE_CENTER_HZ28_2023/1076627/24593417-19_digital-image.png?impolicy=s-offers&imwidth=200&output-format=image/webp,,https://shop.rewe.de/productList?search=2832136,,"je 300-g-Pckg , (1 kg = 3.97)",Aktion,"1,19 €","b'ProduktbeschreibungArtikelnummer 1076627Im Backofen in wenigen Minuten schnell zubereitet und servierfertig, eignen sich unsere REWE Beste Wahl Aufbackwaren f\xc3\xbcr jede Gelegenheit. Kontakt: Glockenbrot B\xc3\xa4ckerei GmbH & Co. oHG, D-60386 Frankfurt am Main, D-85232 Bergkirchen. Zutaten & AllergeneZutaten: WEIZENMEHL, Wasser, WEIZENSAUERTEIG getrocknet, Oliven\xc3\xb6l, Speisesalz, Hefe, Stabilisator (Guarkernmehl), Zucker, Gerstenmalzextrakt, Emulgator (Mono- und Diacetylweins\xc3\xa4ureester von Mono- und Diglyceriden von Speisefetts\xc3\xa4uren), Ethanol.  Kann Spuren von Sesam und Milcherzeugnissen enthalten Zusatzstoffe: E 412, E 472eAllergenhinweise: Glutenhaltiges Getreide (Weizen, Gerste, Roggen, Hafer, Dinkel, Kamut oder Hybridst\xc3\xa4mme)N\xc3\xa4hrwerteDurchschnittliche N\xc3\xa4hrwertepro 100 gEnergie1.115 kJEnergie264 kcalFett2,5 gFett, davon ges\xc3\xa4ttigte Fetts\xc3\xa4uren0,6 gKohlenhydrate50,4 gKohlenhydrate, davon Zucker3,1 gEiwei\xc3\x9f8,1 gSalz1,2 gHinweiseVerwendungshinweise: Trocken lagern. Vor W\xc3\xa4rme sch\xc3\xbctzen.ArtikeldetailsMarke: REWE Beste WahlUrsprungsland: DeutschlandKontaktKontaktname: Glockenbrot B\xc3\xa4ckerei GmbH & Co. oHGKontaktadresse: Robert-Bosch-Str. 3, 60386 Frankfurt am Main, DeutschlandF\xc3\xbcr die vorstehenden Angaben wird keine Haftung \xc3\xbcbernommen. Bitte pr\xc3\xbcfen Sie im Einzelfall die Angaben auf der jeweiligen Produktverpackung, nur diese sind verbindlich.Das Produktdesign kann von der Abbildung abweichen.'",Im Weiher 14,Rewe,Frühstück,2023-07-09,"Gültig ab morgen bis Samstag, 15.07.2023"
Corny Müsliriegel Milch Classic,https://img.rewe-static.de/REWE_CENTER_HZ28_2023/0544828/22736757-25_digital-image.png?impolicy=s-offers&imwidth=200&output-format=image/webp,,https://shop.rewe.de/productList?search=2832136,,"je 4 x 30-g-Riegel-Pckg , (1 kg = 10.75)",Knaller,"1,29 €","b'ProduktbeschreibungArtikelnummer 544828Ohne Zusatz von Konservierungsstoffen.* *lt. Gesetz\r\nOhne Farbstoffe\r\nCremig Lecker\r\nCream up your crunchZutaten & AllergeneZutaten: Kakaohaltige Getreidecrispies 17% (Reismehl, WEIZENMEHL, fettarmes Kakaopulver, VOLLMILCHPULVER 2%, Zucker, Maismehl, Salz), Cornflakes 15% (Mais, Zucker, Salz, GERSTENMALZEXTRAKT), Kokosfett, Glukosesirup, Glukose-Fruktose-Sirup, Oligofruktose, Traubenzucker, VOLLKORNHAFERFLOCKEN 5%, Honig 5%, Zucker, Palm\xc3\xb6l, VOLLMILCHPULVER 3%, MAGERMILCHPULVER 3%, Stabilisator Glycerin, Karamellzuckersirup, Salz, Emulgator Lecithine, nat\xc3\xbcrliche Aromen.Allergenhinweise: Enth\xc3\xa4lt: Glutenhaltiges Getreide und glutenhaltige Getreideerzeugnisse. Milch und Milcherzeugnisse (einschlie\xc3\x9flich Lactose). Kann enthalten: N\xc3\xbcsse und Nusserzeugnisse. Erdn\xc3\xbcsse und Erdnusserzeugnisse.N\xc3\xa4hrwerteDurchschnittliche N\xc3\xa4hrwerteUnzubereitet pro 100 gEnergie1.882 kJEnergie449 kcalFett19,1 gFett, davon ges\xc3\xa4ttigte Fetts\xc3\xa4uren16,1 gKohlenhydrate60,5 gKohlenhydrate, davon Zucker30,3 gBallaststoffe6,4 gEiwei\xc3\x9f5,8 gSalz0,74 gHinweiseAufbewahrungs- und Verwendungshinweis: Vor W\xc3\xa4rme sch\xc3\xbctzen. K\xc3\xbchl und trocken lagern.ArtikeldetailsMarke: CORNYUrsprungsland: DeutschlandKontaktKontaktname: Schwartauer Werke GmbH & Co. KGaAKontaktadresse: 23608 Bad SchwartauMaximale Bestellmenge: 15 St\xc3\xbcckF\xc3\xbcr die vorstehenden Angaben wird keine Haftung \xc3\xbcbernommen. Bitte pr\xc3\xbcfen Sie im Einzelfall die Angaben auf der jeweiligen Produktverpackung, nur diese sind verbindlich.Das Produktdesign kann von der Abbildung abweichen.'",Im Weiher 14,Rewe,Frühstück,2023-07-09,"Gültig ab morgen bis Samstag, 15.07.2023"
Corny Müsliriegel Schoko,https://img.rewe-static.de/REWE_CENTER_HZ28_2023/0544800/1238460-61_digital-image.png?impolicy=s-offers&imwidth=200&output-format=image/webp,,https://shop.rewe.de/productList?search=2832136,,"je 6 x 25-g-Riegel-Pckg , (1 kg = 8.60)",Knaller,"1,29 €","b'ProduktbeschreibungArtikelnummer 544800Ohne Farbstoffe\r\nOhne Zusatz von Konservierungsstoffen*. *lt. Gesetz\r\nMit 10% Vollkorn\r\n24% MilchschokoladeZutaten & AllergeneZutaten: MILCHSCHOKOLADE 24% (Zucker, Kakaomasse, Kakaobutter, MAGERMILCHPULVER, BUTTERFETT, Emulgator Lecithine), Getreidecrispies (WEIZENMEHL, Zucker, Reismehl, Maismehl, GERSTENMALZEXTRAKT, Salz, Karamellzuckersirup), Glukosesirup, Glukose-Fruktose-Sirup, Vollkorngetreideflocken 10% (HAFER-, WEIZEN-, GERSTEN-), ger\xc3\xb6stete ERDN\xc3\x9cSSE, Zucker, Kokosfett, Cornflakes (Mais, Salz, GERSTENMALZEXTRAKT), Honig 1%, nat\xc3\xbcrliches Aroma, Salz, Karamellzuckersirup, Emulgator LecithineAllergenhinweise: Enth\xc3\xa4lt: Glutenhaltiges Getreide und glutenhaltige Getreideerzeugnisse. Erdn\xc3\xbcsse und Erdnusserzeugnisse. Milch und Milcherzeugnisse (einschlie\xc3\x9flich Lactose). Kann enthalten: Haselnuss und Haselnusserzeugnisse. Mandeln und Mandelerzeugnisse.N\xc3\xa4hrwerteDurchschnittliche N\xc3\xa4hrwerteUnzubereitet pro 100 gEnergie1.914 kJEnergie456 kcalFett17,5 gFett, davon ges\xc3\xa4ttigte Fetts\xc3\xa4uren10,2 gKohlenhydrate66,6 gKohlenhydrate, davon Zucker34,1 gBallaststoffe3,3 gEiwei\xc3\x9f6,3 gSalz0,51 gHinweiseAufbewahrungs- und Verwendungshinweis: Vor W\xc3\xa4rme sch\xc3\xbctzen. K\xc3\xbchl und trocken lagern.ArtikeldetailsMarke: CORNYUrsprungsland: DeutschlandSorte: SchokoKontaktKontaktname: Schwartauer Werke GmbH & Co. KGaAKontaktadresse: 23608 Bad SchwartauMaximale Bestellmenge: 15 St\xc3\xbcckF\xc3\xbcr die vorstehenden Angaben wird keine Haftung \xc3\xbcbernommen. Bitte pr\xc3\xbcfen Sie im Einzelfall die Angaben auf der jeweiligen Produktverpackung, nur diese sind verbindlich.Das Produktdesign kann von der Abbildung abweichen.'",Im Weiher 14,Rewe,Frühstück,2023-07-09,"Gültig ab morgen bis Samstag, 15.07.2023"
Lavazza Caffè Crema Classico oder Crema e Aroma,https://img.rewe-static.de/REWE_CENTER_HZ28_2023/0293182/30798874-10_digital-image.png?impolicy=s-offers&imwidth=200&output-format=image/webp,,https://shop.rewe.de/productList?search=2832136,,"ganze Bohnen , je 1000-g-Btl",Knaller,"9,99 €","b'ProduktbeschreibungArtikelnummer 293182Eine sehr vielseitige Mischung aus Arabica und Robusta Bohnen. HinweiseAufbewahrungs- und Verwendungshinweis: trocken lagern.ArtikeldetailsMarke: LavazzaUrsprungsland: ItalienKontaktKontaktname: LUIGI LAVAZZA S.p.A.Kontaktadresse: C. SO NOVARA, 59- 10154 TORINO - ITALIAMaximale Bestellmenge: 15 St\xc3\xbcckF\xc3\xbcr die vorstehenden Angaben wird keine Haftung \xc3\xbcbernommen. Bitte pr\xc3\xbcfen Sie im Einzelfall die Angaben auf der jeweiligen Produktverpackung, nur diese sind verbindlich.Das Produktdesign kann von der Abbildung abweichen.'",Im Weiher 14,Rewe,Frühstück,2023-07-09,"Gültig ab morgen bis Samstag, 15.07.2023"
Jacobs Tassimokapseln Caffè Crema XL,https://img.rewe-static.de/REWE_CENTER_HZ28_2023/1398793/20366870-34_digital-image.png?impolicy=s-offers&imwidth=200&output-format=image/webp,,https://shop.rewe.de/productList?search=2832136,,"je 132,8-g-Pckg , (1 kg = 30.05)",Aktion,"3,99 €","b'ProduktbeschreibungArtikelnummer 1398793Mit der praktischen XL-Becherportion h\xc3\xa4lt der Kaffeegenuss des Tassimo Jacobs Caff\xc3\xa8 Crema Classico XL noch l\xc3\xa4nger an. Erleben Sie den vollmundigen Geschmack des Jacobs Verw\xc3\xb6hnaromas und die samtige, goldene Crema. \nIhr Lieblingsgetr\xc3\xa4nk - vollautomatisch mit nur einem Knopfdruck zubereitet. \n1 Getr\xc3\xa4nk = 215 ml. Mit der praktischen XL-Becherportion h\xc3\xa4lt der Kaffeegenuss des TASSIMO Jacobs Caff\xc3\xa8 Crema classico XL noch l\xc3\xa4nger an. Erleben Sie den vollmundigen Geschmack des Jacobs Verw\xc3\xb6hnaromas und die samtige, goldene Crema. \nIhr Lieblingsgetr\xc3\xa4nk - vollautomatisch mit nur einem Knopfdruck zubereitet. \n1 Getr\xc3\xa4nk = 215 mlZutaten & AllergeneAllergenhinweise: Enth\xc3\xa4lt: Keine deklarationspflichtigen Allergene enthalten.HinweiseAufbewahrungs- und Verwendungshinweis: Trocken lagern und vor W\xc3\xa4rme sch\xc3\xbctzen.Information: unter Schutzatmosph\xc3\xa4re verpacktArtikeldetailsMarke: TassimoUrsprungsland: DeutschlandSorte: ClassicoKontaktKontaktname: JACOBS DOUWE EGBERTSKontaktadresse: Oosterdoksstraat 80, 1011 DK Amsterdam, The NetherlandsMaximale Bestellmenge: 15 St\xc3\xbcckF\xc3\xbcr die vorstehenden Angaben wird keine Haftung \xc3\xbcbernommen. Bitte pr\xc3\xbcfen Sie im Einzelfall die Angaben auf der jeweiligen Produktverpackung, nur diese sind verbindlich.Das Produktdesign kann von der Abbildung abweichen.'",Im Weiher 14,Rewe,Frühstück,2023-07-09,"Gültig ab morgen bis Samstag, 15.07.2023"
Jacobs Tassimokapseln Cappuccino,https://img.rewe-static.de/REWE_CENTER_HZ28_2023/1398796/20366868-22_digital-image.png?impolicy=s-offers&imwidth=200&output-format=image/webp,,https://shop.rewe.de/productList?search=2832136,,"je 260-g-Pckg , (1 kg = 15.35)",Aktion,"3,99 €","b'ProduktbeschreibungArtikelnummer 1398796K\xc3\xb6stlich cremiger Cappuccino von Tassimo mit dem Jacobs Verw\xc3\xb6hnaroma. Eine Kombination aus intensivem Espresso mit feinem Schaum. \nIhr Lieblingsgetr\xc3\xa4nk - vollautomatisch mit nur einem Knopfdruck zubereitet. \n1 Getr\xc3\xa4nk = 190 ml. Der Tassimo Cappuccino Classico von Jacobs ist eine Kombination aus intensivem Espresso und einer Milchschaumschicht. Eine speziell hergestellte Mischung aus perfekt ger\xc3\xb6steten Espressobohnen, um den authentischen Cappuccino-Geschmack zu kreieren. Genie\xc3\x9fe die Kombination aus intensivem Espresso und feinem Schaum mit dem k\xc3\xb6stlichen Jacobs Cappuccino.Zutaten & AllergeneZutaten: Ultrafiltriertes VOLLMILCHKONZENTRAT (60%), gemahlener R\xc3\xb6stkaffee (20%), Zucker (11%), Wasser, Salz, S\xc3\xa4ureregulator (E339).Allergenhinweise: VOLLMILCHKONZENTRATEnth\xc3\xa4lt: Milch und Milcherzeugnisse (einschlie\xc3\x9flich Lactose).N\xc3\xa4hrwerteDurchschnittliche N\xc3\xa4hrwerteZubereitet pro 100 mlEnergie105 kJEnergie25 kcalFett1,3 gFett, davon ges\xc3\xa4ttigte Fetts\xc3\xa4uren0,9 gKohlenhydrate2,2 gKohlenhydrate, davon Zucker2,2 gBallaststoffe0 gEiwei\xc3\x9f1,1 gSalz0,1 gHinweiseAufbewahrungs- und Verwendungshinweis: Trocken, dunkel lagern und vor W\xc3\xa4rme sch\xc3\xbctzen.Information: unter Schutzatmosph\xc3\xa4re verpacktArtikeldetailsMarke: TassimoUrsprungsland: DeutschlandKontaktKontaktname: JACOBS DOUWE EGBERTSKontaktadresse: Oosterdoksstraat 80, 1011 DK Amsterdam, The NetherlandsMaximale Bestellmenge: 15 St\xc3\xbcckF\xc3\xbcr die vorstehenden Angaben wird keine Haftung \xc3\xbcbernommen. Bitte pr\xc3\xbcfen Sie im Einzelfall die Angaben auf der jeweiligen Produktverpackung, nur diese sind verbindlich.Das Produktdesign kann von der Abbildung abweichen.'",Im Weiher 14,Rewe,Frühstück,2023-07-09,"Gültig ab morgen bis Samstag, 15.07.2023"
Mestemacher Wraps,https://img.rewe-static.de/REWE_CENTER_HZ28_2023/8722477/35581003-6_digital-image.png?impolicy=s-offers&imwidth=200&output-format=image/webp,,https://shop.rewe.de/productList?search=2832136,,"versch. Sorten , je 300-g-Pckg , (1 kg = 7.30)",Aktion,"2,19 €","b'ProduktbeschreibungArtikelnummer 8722477Man nehme italienisches Temperament, ein Originalrezept und kaltgepresstes Oliven\xc3\xb6l. Diese Zutaten machen unsere Wraps zu etwas ganz Besonderem!Zutaten & AllergeneZutaten: DINKELMEHL*1), Wasser, natives Oliven\xc3\xb6l extra* (5 %), Sonnenblumen\xc3\xb6l*, Meersalz, nat\xc3\xbcrliches Rosmarinaroma. * aus biologischem Landbau 1)Mit Dinkelmehl aus der EU. Kann Spuren von SOJA und SENF enthalten.Allergenhinweise: Enth\xc3\xa4lt: Glutenhaltiges Getreide und glutenhaltige Getreideerzeugnisse. Dinkel und Dinkelerzeugnisse (glutenhaltiges Getreide). Kann enthalten: Soja und Sojaerzeugnisse. Senf- und Senferzeugnisse.N\xc3\xa4hrwerteDurchschnittliche N\xc3\xa4hrwerteUnzubereitet pro 100 gEnergie1.280 kJEnergie304 kcalFett8,6 gFett, davon ges\xc3\xa4ttigte Fetts\xc3\xa4uren1,1 gKohlenhydrate45,7 gKohlenhydrate, davon Zucker1 gBallaststoffe3,1 gEiwei\xc3\x9f9,5 gSalz1,1 gHinweiseAufbewahrungs- und Verwendungshinweis: K\xc3\xbchl und trocken lagern.ArtikeldetailsMarkeMestemacherEigenschaftenVegan, BioUrsprungslandItalienServiervorschlagNach Belieben f\xc3\xbcllen, z.B. mit Salat oder Geschnetzeltem.\xc3\x96ko KontrollstelleIT-BIO-007Ort der ErzeugungEU-LandwirtschaftKontaktKontaktname: Mestemacher GmbHKontaktadresse: Postfach 2451 - 33254 G\xc3\xbcterslohF\xc3\xbcr die vorstehenden Angaben wird keine Haftung \xc3\xbcbernommen. Bitte pr\xc3\xbcfen Sie im Einzelfall die Angaben auf der jeweiligen Produktverpackung, nur diese sind verbindlich.Das Produktdesign kann von der Abbildung abweichen.'",Im Weiher 14,Rewe,Frühstück,2023-07-09,"Gültig ab morgen bis Samstag, 15.07.2023"
Wasa Knäckebrot Rustikal,https://img.rewe-static.de/REWE_CENTER_HZ28_2023/1995073/674470-38_digital-image.png?impolicy=s-offers&imwidth=200&output-format=image/webp,,https://shop.rewe.de/productList?search=2832136,,"je 275-g-Pckg , (1 kg = 7.24)",Aktion,"1,99 €","b'ProduktbeschreibungArtikelnummer 1995073Zutaten & AllergeneZutaten: ROGGENVOLLKORNMEHL, ROGGENKLEIE, Salz, Hefe. DIE HERVORGEHOBENEN ZUTATEN K\xc3\x96NNEN BEI PERSONEN MIT ALLERGIEN UND UNVERTR\xc3\x84GLICHKEITEN REAKTIONEN VERURSACHEN.Allergenhinweise: Enth\xc3\xa4lt: Glutenhaltiges Getreide und glutenhaltige Getreideerzeugnisse. Roggen und Roggenerzeugnisse (glutenhaltiges Getreide).N\xc3\xa4hrwerteDurchschnittliche N\xc3\xa4hrwerteUnzubereitet pro 100 gEnergie1.377 kJEnergie327 kcalFett1,5 gFett, davon ges\xc3\xa4ttigte Fetts\xc3\xa4uren0,4 gKohlenhydrate59,3 gKohlenhydrate, davon Zucker1,5 gBallaststoffe20 gEiwei\xc3\x9f9 gSalz1,25 gHinweiseAufbewahrungs- und Verwendungshinweis: Trocken und vor Licht gesch\xc3\xbctzt aufbewahrenArtikeldetailsMarke: WasaUrsprungsland: SchwedenKontaktKontaktname: Barilla Deutschland GmbH, Bereich WasaKontaktadresse: Wasastra\xc3\x9fe 10, D-29229 CelleMaximale Bestellmenge: 15 St\xc3\xbcckF\xc3\xbcr die vorstehenden Angaben wird keine Haftung \xc3\xbcbernommen. Bitte pr\xc3\xbcfen Sie im Einzelfall die Angaben auf der jeweiligen Produktverpackung, nur diese sind verbindlich.Das Produktdesign kann von der Abbildung abweichen.'",Im Weiher 14,Rewe,Frühstück,2023-07-09,"Gültig ab morgen bis Samstag, 15.07.2023"
Wasa Milch & Joghurtknäcke,https://img.rewe-static.de/REWE_CENTER_HZ28_2023/7909062/33278373-9_digital-image.png?impolicy=s-offers&imwidth=200&output-format=image/webp,,https://shop.rewe.de/productList?search=2832136,,"je 230-g-Pckg , (1 kg = 8.65)",Aktion,"1,99 €","b'ProduktbeschreibungArtikelnummer 7909062Zutaten & AllergeneZutaten: ROGGENVOLLKORNMEHL (105 g**), entrahmte MILCH (16 g**), JOGHURTPULVER, MOLKENPULVER, Salz. Kann Spuren von SESAMSAMEN enthalten. Die hervorgehobenen Zutaten k\xc3\xb6nnen bei Personen mit Allergien und Unvertr\xc3\xa4glichkeiten Reaktionen verursachen. . **in g pro 100 g ProduktAllergenhinweise: Enth\xc3\xa4lt: Glutenhaltiges Getreide und glutenhaltige Getreideerzeugnisse. Roggen und Roggenerzeugnisse (glutenhaltiges Getreide). Milch und Milcherzeugnisse (einschlie\xc3\x9flich Lactose). Kann enthalten: Sesamsamen und Sesamsamenerzeugnisse.N\xc3\xa4hrwerteDurchschnittliche N\xc3\xa4hrwerteUnzubereitet pro 100 gEnergie1.424 kJEnergie338 kcalFett2 gFett, davon ges\xc3\xa4ttigte Fetts\xc3\xa4uren0,3 gKohlenhydrate60,5 gKohlenhydrate, davon Zucker3,5 gBallaststoffe20 gEiwei\xc3\x9f9,5 gSalz1,15 gHinweiseAufbewahrungs- und Verwendungshinweis: Trocken und vor Licht gesch\xc3\xbctzt aufbewahren.ArtikeldetailsMarke: WasaUrsprungsland: DeutschlandKontaktKontaktname: Barilla Deutschland GmbH, Bereich WasaKontaktadresse: Wasastra\xc3\x9fe 10, D-29229 CelleMaximale Bestellmenge: 15 St\xc3\xbcckF\xc3\xbcr die vorstehenden Angaben wird keine Haftung \xc3\xbcbernommen. Bitte pr\xc3\xbcfen Sie im Einzelfall die Angaben auf der jeweiligen Produktverpackung, nur diese sind verbindlich.Das Produktdesign kann von der Abbildung abweichen.'",Im Weiher 14,Rewe,Frühstück,2023-07-09,"Gültig ab morgen bis Samstag, 15.07.2023"
Lavazza Crema e Gusto oder Espresso,https://img.rewe-static.de/REWE_CENTER_HZ28_2023/7713584/29141056-8_digital-image.png?impolicy=s-offers&imwidth=200&output-format=image/webp,,https://shop.rewe.de/productList?search=2832136,,"versch. Sorten , je 250-g-Pckg , (1 kg = 13.96)",Aktion,"3,49 €","b'ProduktbeschreibungArtikelnummer 7713584Die Mischung besteht aus einer Auswahl hochwertiger, rassiger Arabicas (30 %) und Robustas (70 %) und ist ideal f\xc3\xbcr all diejenigen geeignet, die jeden Augenblick des Tages ein intensives Geschmackserlebnis genie\xce\xb2en m\xc3\xb6chten. HinweiseAufbewahrungs- und Verwendungshinweis: trocken lagern.ArtikeldetailsMarke: LavazzaUrsprungsland: ItalienSorte: Crema e GustoKontaktKontaktname: LUIGI LAVAZZA S.p.A.Kontaktadresse: C. SO NOVARA, 59- 10154 TORINO - ITALIAMaximale Bestellmenge: 15 St\xc3\xbcckF\xc3\xbcr die vorstehenden Angaben wird keine Haftung \xc3\xbcbernommen. Bitte pr\xc3\xbcfen Sie im Einzelfall die Angaben auf der jeweiligen Produktverpackung, nur diese sind verbindlich.Das Produktdesign kann von der Abbildung abweichen.'",Im Weiher 14,Rewe,Frühstück,2023-07-09,"Gültig ab morgen bis Samstag, 15.07.2023"
Oro di Parma Tomaten,https://img.rewe-static.de/REWE_CENTER_HZ28_2023/0690805/1447950-33_digital-image.png?impolicy=s-offers&imwidth=200&output-format=image/webp,,https://shop.rewe.de/productList?search=2832136,,"versch. Sorten , je 400-g-Dose , (1 kg = 2.48)",Aktion,"0,99 €","b'ProduktbeschreibungArtikelnummer 690805In der Sonne gereift, sorgf\xc3\xa4lig ausgew\xc3\xa4hlt, gesch\xc3\xa4lt und fein gest\xc3\xbcckelt, bilden die ORO di Parma-Tomaten mit ihrem intensiven Geschmack, und verfeinert mit Basilikum die ideale Basis f\xc3\xbcr Saucen, Suppen und Co.Zutaten & AllergeneZutaten: Tomatenst\xc3\xbccke, Basilikum, Salz, Zucker, nat\xc3\xbcrliches Kr\xc3\xa4uter-Aroma, nat\xc3\xbcrliches Aroma.N\xc3\xa4hrwerteDurchschnittliche N\xc3\xa4hrwerteUnzubereitet pro 100 gEnergie115 kJEnergie27 kcalFett< 0,5 gFett, davon ges\xc3\xa4ttigte Fetts\xc3\xa4uren< 0,1 gKohlenhydrate3,5 gKohlenhydrate, davon Zucker3,5 gBallaststoffe2,2 gEiwei\xc3\x9f1,3 gSalz0,6 gHinweiseAufbewahrungs- und Verwendungshinweis: Nach Anbruch im K\xc3\xbchlschrank aufbewahren.ArtikeldetailsMarke: Oro di ParmaNettof\xc3\xbcllmenge: 400 GUrsprungsland: ItalienKontaktKontaktname: HengstenbergKontaktadresse: D-73726 EsslingenF\xc3\xbcr die vorstehenden Angaben wird keine Haftung \xc3\xbcbernommen. Bitte pr\xc3\xbcfen Sie im Einzelfall die Angaben auf der jeweiligen Produktverpackung, nur diese sind verbindlich.Das Produktdesign kann von der Abbildung abweichen.'",Im Weiher 14,Rewe,Kochen & Backen,2023-07-09,"Gültig ab morgen bis Samstag, 15.07.2023"
Heinz Mayonnaise,https://img.rewe-static.de/REWE_CENTER_HZ28_2023/8280030/29291195-23_digital-image.png?impolicy=s-offers&imwidth=200&output-format=image/webp,,https://shop.rewe.de/productList?search=2832136,,"je 495-ml-Fl , (1 l = 4.02)",Aktion,"1,99 €","b'ProduktbeschreibungArtikelnummer 8280030Das Original: Die k\xc3\xb6stliche Heinz Mayonnaise \xc3\xbcberzeugt mit ihrem vollmundigen Geschmack und erg\xc3\xa4nzt die unterschiedlichsten Gerichte um eine cremige Note. Die leckere Mayonnaise von Heinz ist aus hochwertigsten Zutaten sowie Eiern aus Freilandhaltung hergestellt und sorgt so f\xc3\xbcr einen besonders frischen Geschmack. Ob zu Kartoffelprodukten, Sandwiches oder als Basis f\xc3\xbcr Salatdressings - ihre feine W\xc3\xbcrze macht die Mayonnaise von Heinz zu einem einmalig cremigen Genuss. Dank der praktischen Dosier\xc3\xb6ffnung ist schnelles und sauberes Dosieren ganz einfach - so wird die gro\xc3\x9fe Squeezeflasche zum Must-have auf jeder Grillparty. Ohne k\xc3\xbcnstliche Farbstoffe und Aromen / Einfache Dosierung / Ideal f\xc3\xbcr Burger, Pommes u. v. m.... mehr anzeigenEcht etwas Besonderes: Eine frisch schmeckende und lecker cremige Mayonnaise, hergestellt aus hochwertigsten Zutaten \xe2\x80\xa6und Eiern aus Freilandhaltung.Zutaten & AllergeneZutaten: Raps\xc3\xb6l 68%, Wasser, pasteurisiertes EIGELB\xe2\x80\xa0 5%, Branntweinessig\xe2\x80\xa0\xe2\x80\xa0, Zucker, St\xc3\xa4rke, Salz, SENFSAMEN, Gew\xc3\xbcrze, Antioxidationsmittel (Calcium-Dinatrium-EDTA). \xe2\x80\xa0Von Eiern aus Freilandhaltung. \xe2\x80\xa0\xe2\x80\xa0\xc3\x96sterreich: Weingeistessig.Allergenhinweise: Enth\xc3\xa4lt: Eier und Eierzeugnisse. Senf- und Senferzeugnisse.N\xc3\xa4hrwerteDurchschnittliche N\xc3\xa4hrwerteUnzubereitet pro 100 gEnergie2.650 kJEnergie644 kcalFett70 gFett, davon ges\xc3\xa4ttigte Fetts\xc3\xa4uren6,7 gKohlenhydrate3 gKohlenhydrate, davon Zucker1,5 gEiwei\xc3\x9f0,8 gSalz1 gHinweiseAufbewahrungs- und Verwendungshinweis: Nach dem \xc3\x96ffnen gek\xc3\xbchlt aufbewahren.ArtikeldetailsMarke: HeinzUrsprungsland: NiederlandeKontaktKontaktname: H. J. Heinz GmbHKontaktadresse: Postfach 14 05 55, 40075 D\xc3\xbcsseldorf, DeutschlandF\xc3\xbcr die vorstehenden Angaben wird keine Haftung \xc3\xbcbernommen. Bitte pr\xc3\xbcfen Sie im Einzelfall die Angaben auf der jeweiligen Produktverpackung, nur diese sind verbindlich.Das Produktdesign kann von der Abbildung abweichen.'",Im Weiher 14,Rewe,Kochen & Backen,2023-07-09,"Gültig ab morgen bis Samstag, 15.07.2023"
Homann Paprika Sauce,https://img.rewe-static.de/REWE_CENTER_HZ28_2023/8658570/33971457-13_digital-image.png?impolicy=s-offers&imwidth=200&output-format=image/webp,,https://shop.rewe.de/productList?search=2832136,,"versch. Sorten , je 400-ml-Glas , (1 l = 2.78)",Aktion,"1,11 €",nan,Im Weiher 14,Rewe,Kochen & Backen,2023-07-09,"Gültig ab morgen bis Samstag, 15.07.2023"
Schamel Bayerischer Meerrettich Alpensahne,https://img.rewe-static.de/REWE_CENTER_HZ28_2023/5558107/1649940-40_digital-image.png?impolicy=s-offers&imwidth=200&output-format=image/webp,,https://shop.rewe.de/productList?search=2832136,,"je 135-g-Glas , (1 kg = 9.56)",Aktion,"1,29 €","b'ProduktbeschreibungArtikelnummer 5558107- bayerischer Meerrettich g.g.A. ALPENSAHNE\n- das Original seit 1846 zur Kr\xc3\xb6nung aller Speisen.\n- \xc3\xa4lteste Meerrettichmarke der Welt und Deutschlands meistgekaufte\n- ohne k\xc3\xbcnstliche Farbstoffe, ohne Geschmacksverst\xc3\xa4rker \n- Aus 100% Bayerischen Krenwurzeln fein gerieben und mit Alpensahne mildw\xc3\xbcrzig zubereitet\n- Genussempfehlung: zu Lachs und feinen Fischgerichten! Zutaten & AllergeneZutaten: Meerrettich, Raps\xc3\xb6l, SAHNE (27%), Branntweinessig, Zucker, MILCHEIWEI\xc3\x9f, Salz, S\xc3\xa4uerungsmittel Citronens\xc3\xa4ure und Ascorbins\xc3\xa4ure, MOLKENERZEUGNIS, Stabilisatoren Guarkernmehl und Xanthan, modifizierte St\xc3\xa4rke, Antioxidationsmittel NATRIUMMETABISULFIT, nat\xc3\xbcrliches Aroma.Allergenhinweise: Enth\xc3\xa4lt: Schwefeldioxid und Sulfite. Milchzucker (Laktose).N\xc3\xa4hrwerteDurchschnittliche N\xc3\xa4hrwerteUnzubereitet pro 100 gEnergie1.330 kJEnergie321 kcalFett30 gFett, davon ges\xc3\xa4ttigte Fetts\xc3\xa4uren3,7 gKohlenhydrate10 gKohlenhydrate, davon Zucker7,9 gEiwei\xc3\x9f2,3 gSalz0,51 gHinweiseAufbewahrungs- und Verwendungshinweis: Nach dem \xc3\x96ffnen k\xc3\xbchl aufbewahrenArtikeldetailsMarke: SchamelUrsprungsland: DeutschlandKontaktKontaktname: Schamel MeerrettichKontaktadresse: D-91081 Baiersdorf / BayernF\xc3\xbcr die vorstehenden Angaben wird keine Haftung \xc3\xbcbernommen. Bitte pr\xc3\xbcfen Sie im Einzelfall die Angaben auf der jeweiligen Produktverpackung, nur diese sind verbindlich.Das Produktdesign kann von der Abbildung abweichen.'",Im Weiher 14,Rewe,Kochen & Backen,2023-07-09,"Gültig ab morgen bis Samstag, 15.07.2023"
Schamel Bayerischer Meerrettich scharfwürzig,https://img.rewe-static.de/REWE_CENTER_HZ28_2023/5276870/1649950-44_digital-image.png?impolicy=s-offers&imwidth=200&output-format=image/webp,,https://shop.rewe.de/productList?search=2832136,,"je 145-g-Glas , (1 kg = 8.90)",Aktion,"1,29 €","b'ProduktbeschreibungArtikelnummer 5276870- bayerischer Meerrettich g.g.A. SCHARFW\xc3\x9cRZIG \n- das Original seit 1846 zur Kr\xc3\xb6nung aller Speisen. \n- \xc3\xa4lteste Meerrettichmarke der Welt und Deutschlands meistgekaufte \n- ohne k\xc3\xbcnstliche Farbstoffe, ohne Geschmacksverst\xc3\xa4rker \n- Aus 100% Bayerischen Krenwurzeln fein gerieben und tafelfertig zubereitet \n- Genussempfehlung: zu allen Wurst und Fleischgerichten! Zutaten & AllergeneZutaten: Meerrettich, Branntweinessig, Raps\xc3\xb6l, Zucker, Salz, S\xc3\xa4uerungsmittel Citronens\xc3\xa4ure, MOLKENERZEUGNIS, Stabilisator Xanthan, St\xc3\xa4rke, Antioxidationsmittel NATRIUMMETABISULFIT, nat\xc3\xbcrliches Aroma.Allergenhinweise: Enth\xc3\xa4lt: Mais und Maiserzeugnisse. Schwefeldioxid und Sulfite. Milchzucker (Laktose).N\xc3\xa4hrwerteDurchschnittliche N\xc3\xa4hrwerteUnzubereitet pro 100 gEnergie694 kJEnergie167 kcalFett12 gFett, davon ges\xc3\xa4ttigte Fetts\xc3\xa4uren1 gKohlenhydrate9,5 gKohlenhydrate, davon Zucker6,9 gEiwei\xc3\x9f1,7 gSalz0,28 gHinweiseAufbewahrungs- und Verwendungshinweis: Nach dem \xc3\x96ffnen k\xc3\xbchl aufbewahrenArtikeldetailsMarke: SchamelUrsprungsland: DeutschlandKontaktKontaktname: Schamel MeerrettichKontaktadresse: D-91081 Baiersdorf / BayernF\xc3\xbcr die vorstehenden Angaben wird keine Haftung \xc3\xbcbernommen. Bitte pr\xc3\xbcfen Sie im Einzelfall die Angaben auf der jeweiligen Produktverpackung, nur diese sind verbindlich.Das Produktdesign kann von der Abbildung abweichen.'",Im Weiher 14,Rewe,Kochen & Backen,2023-07-09,"Gültig ab morgen bis Samstag, 15.07.2023"
Appel Heringsfilets,https://img.rewe-static.de/REWE_CENTER_HZ28_2023/8648160/33102496-7_digital-image.png?impolicy=s-offers&imwidth=200&output-format=image/webp,,https://shop.rewe.de/productList?search=2832136,,"versch. Sorten , je 200-g-Dose , (1 kg = 5.95)",Aktion,"1,19 €","b'ProduktbeschreibungArtikelnummer 8648160Zutaten & AllergeneZutaten: HERINGSFILETS (60%), Tomatenmark (14%), Wasser, Raps\xc3\xb6l, Zucker, Branntweinessig, Verdickungsmittel: Guarkernmehl; Speisesalz, modifizierte St\xc3\xa4rke, Gew\xc3\xbcrze.Allergenhinweise: Enth\xc3\xa4lt: Fisch und Fischerzeugnisse.N\xc3\xa4hrwerteDurchschnittliche N\xc3\xa4hrwerteUnzubereitet pro 100 gEnergie906 kJEnergie218 kcalFett16,1 gFett, davon ges\xc3\xa4ttigte Fetts\xc3\xa4uren2,7 gKohlenhydrate5,2 gKohlenhydrate, davon Zucker4,5 gEiwei\xc3\x9f12 gSalz0,98 gArtikeldetailsMarke: AppelNettof\xc3\xbcllmenge: 200 GUrsprungsland: DeutschlandKontaktKontaktname: Appel Feinkost GmbH & Co. KGKontaktadresse: D-27472 CuxhavenMaximale Bestellmenge: 15 St\xc3\xbcckF\xc3\xbcr die vorstehenden Angaben wird keine Haftung \xc3\xbcbernommen. Bitte pr\xc3\xbcfen Sie im Einzelfall die Angaben auf der jeweiligen Produktverpackung, nur diese sind verbindlich.Das Produktdesign kann von der Abbildung abweichen.'",Im Weiher 14,Rewe,Kochen & Backen,2023-07-09,"Gültig ab morgen bis Samstag, 15.07.2023"
Barilla Teigwaren,https://img.rewe-static.de/REWE_CENTER_HZ28_2023/2167566/23715522-22_digital-image.png?impolicy=s-offers&imwidth=200&output-format=image/webp,,https://shop.rewe.de/productList?search=2832136,,"versch. Sorten, glutenfrei , je 400-g-Pckg , (1 kg = 4.98)",Aktion,"1,99 €","b'ProduktbeschreibungArtikelnummer 2167566Speziell formuliert f\xc3\xbcr Menschen mit Glutenunvertr\xc3\xa4glichkeit.Zutaten & AllergeneZutaten: wei\xc3\x9fes Maismehl (60%), gelbes Maismehl (29,5%), braunes Vollkorn-Reismehl (10%), Wasser, Emulgator: Mono- und Diglyceride von Speisefetts\xc3\xa4uren.Allergenhinweise: Enth\xc3\xa4lt: Keine deklarationspflichtigen Allergene enthalten.N\xc3\xa4hrwerteDurchschnittliche N\xc3\xa4hrwerteUnzubereitet pro 100 gEnergie1.540 kJEnergie363 kcalFett1,5 gFett, davon ges\xc3\xa4ttigte Fetts\xc3\xa4uren0,7 gKohlenhydrate79,6 gKohlenhydrate, davon Zucker0,6 gBallaststoffe1,7 gEiwei\xc3\x9f6,9 gSalz0,002 gHinweiseAufbewahrungs- und Verwendungshinweis: K\xc3\xbchl und trocken lagernArtikeldetailsMarke: BarillaEigenschaften: GlutenfreiUrsprungsland: ItalienSorte: Spaghetti glutenfreiKontaktKontaktname: Barilla G. e R. Fratelli S.p.A.Kontaktadresse: Via Mantova 166, Parma - Italy.F\xc3\xbcr die vorstehenden Angaben wird keine Haftung \xc3\xbcbernommen. Bitte pr\xc3\xbcfen Sie im Einzelfall die Angaben auf der jeweiligen Produktverpackung, nur diese sind verbindlich.Das Produktdesign kann von der Abbildung abweichen.'",Im Weiher 14,Rewe,Kochen & Backen,2023-07-09,"Gültig ab morgen bis Samstag, 15.07.2023"
Händlmaier Mittelscharfer Senf,https://img.rewe-static.de/REWE_CENTER_HZ28_2023/8231117/8151880-12_digital-image.png?impolicy=s-offers&imwidth=200&output-format=image/webp,,https://shop.rewe.de/productList?search=2832136,,"je 250-ml-Glas , (1 l = 3.96)",Aktion,"0,99 €","b""ProduktbeschreibungArtikelnummer 8231117Zutaten & AllergeneZutaten: Wasser, SENFSAATEN, Branntweinessig, Speisesalz, Zucker, Gew\xc3\xbcrze, EstragonextraktAllergenhinweise: Enth\xc3\xa4lt: Senf- und Senferzeugnisse.N\xc3\xa4hrwerteDurchschnittliche N\xc3\xa4hrwerteUnzubereitet pro 100 mlEnergie377 kJEnergie90 kcalFett4,9 gFett, davon ges\xc3\xa4ttigte Fetts\xc3\xa4uren0,4 gKohlenhydrate3,4 gKohlenhydrate, davon Zucker2,7 gEiwei\xc3\x9f6 gSalz2,9 gHinweiseAufbewahrungs- und Verwendungshinweis: Nach dem \xc3\xb6ffnen k\xc3\xbchl lagen.ArtikeldetailsMarke: H\xc3\xa4ndlmaier'sUrsprungsland: DeutschlandPackungsgr\xc3\xb6\xc3\x9fe: 250mlKontaktKontaktname: Luise H\xc3\xa4ndlmaier GmbHKontaktadresse: Eschenbacher Stra\xc3\x9fe 2 93057 RegensburgF\xc3\xbcr die vorstehenden Angaben wird keine Haftung \xc3\xbcbernommen. Bitte pr\xc3\xbcfen Sie im Einzelfall die Angaben auf der jeweiligen Produktverpackung, nur diese sind verbindlich.Das Produktdesign kann von der Abbildung abweichen.""",Im Weiher 14,Rewe,Kochen & Backen,2023-07-09,"Gültig ab morgen bis Samstag, 15.07.2023"
Händlmaier Mittelscharfer Senf,https://img.rewe-static.de/REWE_CENTER_HZ28_2023/8231176/3047510-6_digital-image.png?impolicy=s-offers&imwidth=200&output-format=image/webp,,https://shop.rewe.de/productList?search=2832136,,"je 200-ml-Tube , (1 l = 4.95)",Aktion,"0,99 €","b""ProduktbeschreibungArtikelnummer 8231176Zutaten & AllergeneZutaten: Wasser, SENFSAATEN, Branntweinessig, Speisesalz, Zucker, Gew\xc3\xbcrze, Estragonextrakt.Allergenhinweise: Enth\xc3\xa4lt: Senf- und Senferzeugnisse.N\xc3\xa4hrwerteDurchschnittliche N\xc3\xa4hrwerteUnzubereitet pro 100 mlEnergie377 kJEnergie90 kcalFett4,9 gFett, davon ges\xc3\xa4ttigte Fetts\xc3\xa4uren0,4 gKohlenhydrate3,4 gKohlenhydrate, davon Zucker2,7 gEiwei\xc3\x9f6 gSalz2,9 gHinweiseAufbewahrungs- und Verwendungshinweis: Nach dem \xc3\x96ffnen k\xc3\xbchl lagern.ArtikeldetailsMarke: H\xc3\xa4ndlmaier'sUrsprungsland: DeutschlandPackungsgr\xc3\xb6\xc3\x9fe: 200mlKontaktKontaktname: Luise H\xc3\xa4ndlmaier GmbHKontaktadresse: Eschenbacher Str. 293057 RegensburgF\xc3\xbcr die vorstehenden Angaben wird keine Haftung \xc3\xbcbernommen. Bitte pr\xc3\xbcfen Sie im Einzelfall die Angaben auf der jeweiligen Produktverpackung, nur diese sind verbindlich.Das Produktdesign kann von der Abbildung abweichen.""",Im Weiher 14,Rewe,Kochen & Backen,2023-07-09,"Gültig ab morgen bis Samstag, 15.07.2023"
Kölln Schoko Müsli,https://img.rewe-static.de/REWE_CENTER_HZ28_2023/7894490/1202580-76_digital-image.png?impolicy=s-offers&imwidth=200&output-format=image/webp,,https://shop.rewe.de/productList?search=2832136,,"je 2000-g-Pckg , (1 kg = 3.25)",Aktion,"6,49 €","b'ProduktbeschreibungArtikelnummer 7894490K\xc3\xb6lln M\xc3\xbcsli f\xc3\xbcr Schoko-Freunde\r\nErn\xc3\xa4hrungsexperten sind sich einig. Das allmorgendliche Fr\xc3\xbchst\xc3\xbcck ist wichtig, denn ein Auff\xc3\xbcllen der \xe2\x80\x9eReserven\xe2\x80\x9c bildet jetzt die Grundlage f\xc3\xbcr den Start in den Tag. Dar\xc3\xbcber hinaus bietet die Zeit am Fr\xc3\xbchst\xc3\xbcckstisch eine besondere Gelegenheit, sich auf die kommenden Stunden einzustimmen.\r\nNicht zuf\xc3\xa4llig machte Dr. Bircher-Benner den Hafer zur Grundlage f\xc3\xbcr seine ber\xc3\xbchmte \xe2\x80\x9eErfindung\xe2\x80\x9c: das M\xc3\xbcsli. Denn Hafer ist mit seinem nussigen Geschmack das ideale Fr\xc3\xbchst\xc3\xbccksgetreide. K\xc3\xb6lln M\xc3\xbcslis basieren auf K\xc3\xb6llnflocken und weisen dadurch immer einen nennenswerten Gehalt an Vollkorn-Hafer auf. Ob gleich am Morgen oder zwischendurch, ob schokoladig, mit N\xc3\xbcssen oder in Kombination mit Fr\xc3\xbcchten \xe2\x80\x93 K\xc3\xb6lln bietet vielerlei M\xc3\xb6glichkeiten f\xc3\xbcr ein \xe2\x80\x9eGute-Laune-Fr\xc3\xbchst\xc3\xbcck\xe2\x80\x9c.\r\n\r\nK\xc3\xb6lln Schoko Hafer-M\xc3\xbcsli - das Original ! - einfach schokoladig lecker!\r\nEnde der 1970er Jahre nahmen wir das beliebte Fr\xc3\xbchst\xc3\xbcck \xe2\x80\x9eK\xc3\xb6llnflocken mit Kakao und Milch\xe2\x80\x9c auf \xe2\x80\x93 und erfanden so das Schoko M\xc3\xbcsli. Eine Kombination aus Bl\xc3\xbctenzarten K\xc3\xb6llnflocken, Echten K\xc3\xb6lln Kernigen, K\xc3\xb6lln Schokofleks und Haselnusskrokant. Diese M\xc3\xbcsli-Spezialit\xc3\xa4t erh\xc3\xa4lt ihre besondere Note durch einen Anteil von 20 % Vollmilch- und Zartbitterschokolade. Bis heute hat kein anderes K\xc3\xb6lln M\xc3\xbcsli hat so viele Fans wie das Original!Zutaten & AllergeneZutaten: Vollkorn-HAFERflocken (58 %), Zucker, Kakaomasse*, Vollkorn-HAFERmehl (4 %), Karamellsirup, WEIZENmehl, VollMILCHpulver, Kakaobutter*, gehackte HASELNUSSKERNE, fettarmes Kakaopulver*, S\xc3\xbc\xc3\x9fMOLKEnpulver, Maisst\xc3\xa4rke, GERSTEnmalzextrakt, Invertzuckersirup, Speisesalz, Emulgator Lecithine. *Rainforest Alliance-zertifiziert  Hinweis f\xc3\xbcr Allergiker Kann weitere Schalenfr\xc3\xbcchte enthalten.Allergenhinweise: Enth\xc3\xa4lt: Glutenhaltiges Getreide und glutenhaltige Getreideerzeugnisse. Milch und Milcherzeugnisse (einschlie\xc3\x9flich Lactose). Haselnuss und Haselnusserzeugnisse. Hafer und Hafererzeugnisse (glutenhaltiges Getreide). Gerste und Gerstenerzeugnisse (glutenhaltiges Getreide). Weizen und Weizenerzeugnisse (glutenhaltiges Getreide). Kann enthalten: N\xc3\xbcsse und Nusserzeugnisse.N\xc3\xa4hrwerteDurchschnittliche N\xc3\xa4hrwerteUnzubereitet pro 100 gEnergie1.705 kJEnergie406 kcalFett11 gFett, davon ges\xc3\xa4ttigte Fetts\xc3\xa4uren4,7 gKohlenhydrate61 gKohlenhydrate, davon Zucker22 gBallaststoffe9,1 gEiwei\xc3\x9f11 gSalz0,25 gThiamin0,24 mgPhosphor322 mgMagnesium127 mgEisen4,6 mgZink2,3 mgHinweiseAufbewahrungs- und Verwendungshinweis: Vor W\xc3\xa4rme gesch\xc3\xbctzt und trocken lagern. Beutel nach dem \xc3\x96ffnen wieder gut verschlie\xc3\x9fen.Information: F\xc3\xbcllstand technisch bedingt.ArtikeldetailsMarke: K\xc3\xb6llnUrsprungsland: DeutschlandKontaktKontaktname: Peter K\xc3\xb6lln GmbH & Co. KGaAKontaktadresse: Westerstra\xc3\x9fe 22-24 25336 Elmshorn, DeutschlandMaximale Bestellmenge: 15 St\xc3\xbcckF\xc3\xbcr die vorstehenden Angaben wird keine Haftung \xc3\xbcbernommen. Bitte pr\xc3\xbcfen Sie im Einzelfall die Angaben auf der jeweiligen Produktverpackung, nur diese sind verbindlich.Das Produktdesign kann von der Abbildung abweichen.'",Im Weiher 14,Rewe,Kochen & Backen,2023-07-09,"Gültig ab morgen bis Samstag, 15.07.2023"
Heinz Tomato Ketchup,https://img.rewe-static.de/REWE_CENTER_HZ28_2023/7817568/23317171-10_digital-image.png?impolicy=s-offers&imwidth=200&output-format=image/webp,,https://shop.rewe.de/productList?search=2832136,,"je 500-ml-Fl , (1 l = 3.98)",Aktion,"1,99 €","b'ProduktbeschreibungArtikelnummer 7817568Tradition seit 1889: Der k\xc3\xb6stliche Tomatenketchup von Heinz \xc3\xbcberzeugt seit Generationen mit seinem einzigartigen, intensiven Geschmack und sorgt f\xc3\xbcr puren Genuss. Nach traditionellem Originalrezept: In Heinz Ketchup steckt der unverwechselbare Geschmack sonnengereifter Tomaten und feiner W\xc3\xbcrze, der sich bei jedem Essen im Mund entfaltet. Ob zu Pommes Frites, saftigen Spie\xc3\x9fen oder k\xc3\xb6stlichen Meatballs, der Klassiker von Heinz verfeinert zahlreiche Snacks und Gerichte mit einer fruchtig-w\xc3\xbcrzigen Note. Durch der praktischen Dosier\xc3\xb6ffnung ist schnelles und sauberes Dosieren ganz einfach - so wird die gro\xc3\x9fe Kopfsteher-Squeezeflasche zum Must-have auf jeder Grillparty. Ohne Konservierungsstoffe und Verdickungsmittel / Nur mit nat\xc3\xbcrlichen Aromen / Ideal f\xc3\xbcr W\xc3\xbcrstchen, Pommes, Gem\xc3\xbcse u. v. m.... mehr anzeigenDer tomatig-fruchtige Klassiker mit der feinen W\xc3\xbcrze nach traditionellem Originalrezept.Zutaten & AllergeneZutaten: Tomaten (148 g pro 100 g Tomaten Ketchup), Branntweinessig*, Zucker, Salz, Gew\xc3\xbcrz- und Kr\xc3\xa4uterextrakte (enth\xc3\xa4lt SELLERIE), Gew\xc3\xbcrz. *\xc3\x96sterreich: Weingeistessig.Allergenhinweise: Enth\xc3\xa4lt: Sellerie und Sellerieerzeugnisse.N\xc3\xa4hrwerteDurchschnittliche N\xc3\xa4hrwerteUnzubereitet pro 100 gEnergie435 kJEnergie102 kcalFett0,1 gFett, davon ges\xc3\xa4ttigte Fetts\xc3\xa4uren< 0,1 gKohlenhydrate23,2 gKohlenhydrate, davon Zucker22,2 gEiwei\xc3\x9f1,2 gSalz1,8 gHinweiseAufbewahrungs- und Verwendungshinweis: Nach dem \xc3\x96ffnen gek\xc3\xbchlt aufbewahren.ArtikeldetailsMarke: HeinzUrsprungsland: NiederlandeKontaktKontaktname: H.J. Heinz GmbHKontaktadresse: Postfach 14 05 55, 40075 D\xc3\xbcsseldorf, DeutschlandF\xc3\xbcr die vorstehenden Angaben wird keine Haftung \xc3\xbcbernommen. Bitte pr\xc3\xbcfen Sie im Einzelfall die Angaben auf der jeweiligen Produktverpackung, nur diese sind verbindlich.Das Produktdesign kann von der Abbildung abweichen.'",Im Weiher 14,Rewe,Kochen & Backen,2023-07-09,"Gültig ab morgen bis Samstag, 15.07.2023"
Barilla Fusilli Rote Linsen oder Risoni aus Hülsenfrüchten,https://img.rewe-static.de/REWE_CENTER_HZ28_2023/8089491/29290677-13_digital-image.png?impolicy=s-offers&imwidth=200&output-format=image/webp,,https://shop.rewe.de/productList?search=2832136,,"versch. Sorten , je 250-g-Pckg , (1 kg = 9.96)",Aktion,"2,49 €","b'ProduktbeschreibungArtikelnummer 8089491Die neuen Fusilli aus roten Linsen von Barilla bieten ein ganz neues Erlebnis mit dem Geschmack und allen Vorteilen von H\xc3\xbclsenfr\xc3\xbcchten!\n\nGlutenfrei, cholesterinfrei. Protein- und ballaststoffreich.\n\nLernen Sie jetzt unsere neue Fusilli aus 100% rotem Linsenmehl kennen.\n\nMachen Sie sich bereit f\xc3\xbcr ein Geschmacksabenteuer! Zutaten & AllergeneZutaten: Mehl aus roten LinsenN\xc3\xa4hrwerteDurchschnittliche N\xc3\xa4hrwerteUnzubereitet pro 100 gEnergie1.416 kJEnergie335 kcalFett2,4 gFett, davon ges\xc3\xa4ttigte Fetts\xc3\xa4uren0,5 gKohlenhydrate47,4 gKohlenhydrate, davon Zucker1,8 gBallaststoffe12 gEiwei\xc3\x9f25 gSalz0,003 gHinweiseAufbewahrungs- und Verwendungshinweis: Trocken, vor Licht und W\xc3\xa4rme gesch\xc3\xbctztlagern.ArtikeldetailsMarke: BarillaEigenschaften: GlutenfreiUrsprungsland: ItalienKontaktKontaktname: Barilla G. e R. Fratelli S.p.A.Kontaktadresse: Via Mantova 166, Parma - Italy.F\xc3\xbcr die vorstehenden Angaben wird keine Haftung \xc3\xbcbernommen. Bitte pr\xc3\xbcfen Sie im Einzelfall die Angaben auf der jeweiligen Produktverpackung, nur diese sind verbindlich.Das Produktdesign kann von der Abbildung abweichen.'",Im Weiher 14,Rewe,Kochen & Backen,2023-07-09,"Gültig ab morgen bis Samstag, 15.07.2023"
REWE Beste Wahl Oregano,https://img.rewe-static.de/REWE_CENTER_HZ28_2023/8013483/31140217-20_digital-image.png?impolicy=s-offers&imwidth=200&output-format=image/webp,,https://shop.rewe.de/productList?search=2832136,,"gerebelt , je 11-g-Glas , (1 kg = 126.36)",Aktion,"1,39 €","b""ProduktbeschreibungArtikelnummer 8013483Zutaten & AllergeneZutaten: Oregano, gerebelt   Kann Spuren von Gluten, Soja, Schalenfr\xc3\xbcchten, Erdn\xc3\xbcssen, Senf, Sellerie und Sesam enthalten.HinweiseAufbewahrungshinweise: Trocken lagern. Vor W\xc3\xa4rme sch\xc3\xbctzen.Verwendungshinweise: Trocken lagern. Vor W\xc3\xa4rme sch\xc3\xbctzen.ArtikeldetailsMarke: REWE Beste WahlKontaktKontaktname: ISFI SPICES S.A.Kontaktadresse: 20, avenue de l'industrie, 1420 Braine- l`Alleud, BelgienMaximale Bestellmenge: 15 St\xc3\xbcckF\xc3\xbcr die vorstehenden Angaben wird keine Haftung \xc3\xbcbernommen. Bitte pr\xc3\xbcfen Sie im Einzelfall die Angaben auf der jeweiligen Produktverpackung, nur diese sind verbindlich.Das Produktdesign kann von der Abbildung abweichen.""",Im Weiher 14,Rewe,Kochen & Backen,2023-07-09,"Gültig ab morgen bis Samstag, 15.07.2023"
REWE Beste Wahl Thymian,https://img.rewe-static.de/REWE_CENTER_HZ28_2023/8414795/31134576-11_digital-image.png?impolicy=s-offers&imwidth=200&output-format=image/webp,,https://shop.rewe.de/productList?search=2832136,,"gerebelt , je 16-g-Glas , (1 kg = 86.88)",Aktion,"1,39 €","b""ProduktbeschreibungArtikelnummer 8414795Zutaten & AllergeneZutaten:  Kann Spuren von Gluten, Senf und Sellerie enthalten.HinweiseAufbewahrungshinweise: Trocken und k\xc3\xbchl lagern. Vor Licht sch\xc3\xbctzen.Verwendungshinweise: Trocken lagern. Vor W\xc3\xa4rme sch\xc3\xbctzen.ArtikeldetailsMarke: REWE Beste WahlUrsprungsland: BelgienKontaktKontaktname: ISFI SPICES S.A.Kontaktadresse: 20, avenue de l'industrie, 1420 Braine- l`Alleud, BelgienMaximale Bestellmenge: 15 St\xc3\xbcckF\xc3\xbcr die vorstehenden Angaben wird keine Haftung \xc3\xbcbernommen. Bitte pr\xc3\xbcfen Sie im Einzelfall die Angaben auf der jeweiligen Produktverpackung, nur diese sind verbindlich.Das Produktdesign kann von der Abbildung abweichen.""",Im Weiher 14,Rewe,Kochen & Backen,2023-07-09,"Gültig ab morgen bis Samstag, 15.07.2023"
REWE Beste Wahl Basilikum,https://img.rewe-static.de/REWE_CENTER_HZ28_2023/8414675/31140345-11_digital-image.png?impolicy=s-offers&imwidth=200&output-format=image/webp,,https://shop.rewe.de/productList?search=2832136,,"gerebelt , je 14-g-Glas , (1 kg = 85.00)",Aktion,"1,19 €","b""ProduktbeschreibungArtikelnummer 8414675Zutaten & AllergeneZutaten: Basilikum, gerebelt  Kann Spuren von Gluten, Soja, Schalenfr\xc3\xbcchten, Erdn\xc3\xbcssen, Senf, Sellerie und Sesam enthalten.HinweiseAufbewahrungshinweise: Trocken lagern. Vor W\xc3\xa4rme sch\xc3\xbctzen.Verwendungshinweise: Trocken lagern. Vor W\xc3\xa4rme sch\xc3\xbctzen.ArtikeldetailsMarke: REWE Beste WahlKontaktKontaktname: ISFI SPICES S.A.Kontaktadresse: 20, avenue de l'industrie, 1420 Braine- l`Alleud, BelgienF\xc3\xbcr die vorstehenden Angaben wird keine Haftung \xc3\xbcbernommen. Bitte pr\xc3\xbcfen Sie im Einzelfall die Angaben auf der jeweiligen Produktverpackung, nur diese sind verbindlich.Das Produktdesign kann von der Abbildung abweichen.""",Im Weiher 14,Rewe,Kochen & Backen,2023-07-09,"Gültig ab morgen bis Samstag, 15.07.2023"
REWE Beste Wahl Spaghetti oder Linguine,https://img.rewe-static.de/REWE_CENTER_HZ28_2023/2632428/24971043-33_digital-image.png?impolicy=s-offers&imwidth=200&output-format=image/webp,,https://shop.rewe.de/productList?search=2832136,,"je 500-g-Btl , (1 kg = 1.98)",Aktion,"0,99 €","b'ProduktbeschreibungArtikelnummer 2632428Zutaten & AllergeneZutaten: HARTWEIZENGRIESS  Kann Spuren von Soja enthalten.Allergenhinweise: Glutenhaltiges Getreide (Weizen, Gerste, Roggen, Hafer, Dinkel, Kamut oder Hybridst\xc3\xa4mme)N\xc3\xa4hrwerteDurchschnittliche N\xc3\xa4hrwertepro 100 gEnergie1.550 kJEnergie366 kcalFett1,3 gFett, davon ges\xc3\xa4ttigte Fetts\xc3\xa4uren0,2 gKohlenhydrate73 gKohlenhydrate, davon Zucker3 gEiwei\xc3\x9f14 gSalz< 0,01 gHinweiseVerwendungshinweise: Trocken lagern. Vor W\xc3\xa4rme sch\xc3\xbctzen.ArtikeldetailsMarke: REWE Beste WahlUrsprungsland: ItalienKontaktKontaktname: Pastificio Antonio Pallante S. R. LKontaktadresse: Stabilimento e direzione SS 87 km22, Capodrise (Ce), 81020, ItalienMaximale Bestellmenge: 15 St\xc3\xbcckF\xc3\xbcr die vorstehenden Angaben wird keine Haftung \xc3\xbcbernommen. Bitte pr\xc3\xbcfen Sie im Einzelfall die Angaben auf der jeweiligen Produktverpackung, nur diese sind verbindlich.Das Produktdesign kann von der Abbildung abweichen.'",Im Weiher 14,Rewe,Kochen & Backen,2023-07-09,"Gültig ab morgen bis Samstag, 15.07.2023"
REWE Beste Wahl Italienisches Natives Olivenöl Extra,https://img.rewe-static.de/REWE_CENTER_HZ28_2023/8425181/31525366-13_digital-image.png?impolicy=s-offers&imwidth=200&output-format=image/webp,,https://shop.rewe.de/productList?search=2832136,,"je 500-ml-Fl , (1 l = 9.98)",Aktion,"4,99 €","b'ProduktbeschreibungArtikelnummer 8425181Zutaten & AllergeneZutaten: keineN\xc3\xa4hrwerteDurchschnittliche N\xc3\xa4hrwertepro 100 mlEnergie3.378 kJEnergie822 kcalFett91,3 gFett, davon ges\xc3\xa4ttigte Fetts\xc3\xa4uren12 gKohlenhydrate0 gKohlenhydrate, davon Zucker0 gEiwei\xc3\x9f0 gSalz0 gHinweiseAufbewahrungshinweise: Bei Lagerung unter 6 \xc2\xb0C kann sich eine Eintr\xc3\xbcbung bzw. Flockenbildung ergeben. Das ist ein normaler Vorgang und das \xc3\x96l wird bei Raumtemperatur und durch Sch\xc3\xbctteln wieder klar. K\xc3\xbchl und lichtgesch\xc3\xbctzt aufbewahren.ArtikeldetailsMarke: REWE Beste WahlUrsprungsland: ItalienKontaktKontaktname: BLM Prod.- und Vertriebsges. mbH & Co. KKontaktadresse: G; Neue Str. 21, 21244 Buchholz, DeutschlandMaximale Bestellmenge: 15 St\xc3\xbcckF\xc3\xbcr die vorstehenden Angaben wird keine Haftung \xc3\xbcbernommen. Bitte pr\xc3\xbcfen Sie im Einzelfall die Angaben auf der jeweiligen Produktverpackung, nur diese sind verbindlich.Das Produktdesign kann von der Abbildung abweichen.'",Im Weiher 14,Rewe,Kochen & Backen,2023-07-09,"Gültig ab morgen bis Samstag, 15.07.2023"
Develey Feinkost Sauce,https://img.rewe-static.de/REWE_CENTER_HZ28_2023/2103004/21963541-38_digital-image.png?impolicy=s-offers&imwidth=200&output-format=image/webp,,https://shop.rewe.de/productList?search=2832136,,"versch. Sorten , je 250-ml-Fl , (1 l = 5.16)",Aktion,"1,29 €","b'ProduktbeschreibungArtikelnummer 2103004Zutaten & AllergeneZutaten: Glucose-Fructose-Sirup, Fruchtmark (Aprikose, Pfirsich), Trinkwasser, Zucker, Branntweinessig, modifizierte Maisst\xc3\xa4rke, SOJASAUCE (Wasser, SOJABOHNEN, WEIZEN, Salz), Salz, Raps\xc3\xb6l, Ananassaftkonzentrat, Verdickungsmittel (Xanthan), Gew\xc3\xbcrze (mit SELLERIE), nat\xc3\xbcrliches Aroma.Allergenhinweise: Enth\xc3\xa4lt: Weizen und Weizenerzeugnisse (glutenhaltiges Getreide). Glutenhaltiges Getreide und glutenhaltige Getreideerzeugnisse. Soja und Sojaerzeugnisse. Sellerie und Sellerieerzeugnisse.N\xc3\xa4hrwerteDurchschnittliche N\xc3\xa4hrwerteUnzubereitet pro 100 mlEnergie864 kJEnergie204 kcalFett1,3 gFett, davon ges\xc3\xa4ttigte Fetts\xc3\xa4uren0,1 gKohlenhydrate45,9 gKohlenhydrate, davon Zucker40,5 gBallaststoffe0,8 gEiwei\xc3\x9f0,6 gSalz1,7 gArtikeldetailsMarke: DeveleyUrsprungsland: DeutschlandKontaktKontaktname: Develey Senf & Feinkost GmbHKontaktadresse: D-82001 Unterhaching/M\xc3\xbcnchenF\xc3\xbcr die vorstehenden Angaben wird keine Haftung \xc3\xbcbernommen. Bitte pr\xc3\xbcfen Sie im Einzelfall die Angaben auf der jeweiligen Produktverpackung, nur diese sind verbindlich.Das Produktdesign kann von der Abbildung abweichen.'",Im Weiher 14,Rewe,Kochen & Backen,2023-07-09,"Gültig ab morgen bis Samstag, 15.07.2023"
REWE Beste Wahl Risottoreis,https://img.rewe-static.de/REWE_CENTER_HZ28_2023/1421084/24233250-25_digital-image.png?impolicy=s-offers&imwidth=200&output-format=image/webp,,https://shop.rewe.de/productList?search=2832136,,"je 500-g-Btl , (1 kg = 2.98)",Aktion,"1,49 €","b'ProduktbeschreibungArtikelnummer 1421084REWE Beste Wahl Risotto Reis ist ein ausgesuchter Langkornreis, der sich besonders gut f\xc3\xbcr Risottogerichte, Paellas und andere mediterrane Gerichte eignet.\n\nHergestellt f\xc3\xbcr: REWE Markt GmbH, D-50603 K\xc3\xb6ln. N\xc3\xa4hrwerteDurchschnittliche N\xc3\xa4hrwertepro 100 gEnergie1.405 kJEnergie331 kcalFett1,3 gFett, davon ges\xc3\xa4ttigte Fetts\xc3\xa4uren0,4 gKohlenhydrate72 gKohlenhydrate, davon Zucker0,3 gEiwei\xc3\x9f6,9 gSalz< 0 gHinweiseVerwendungshinweise: Trocken und k\xc3\xbchl lagern. Vor Licht sch\xc3\xbctzen.ArtikeldetailsMarke: REWE Beste WahlNettof\xc3\xbcllmenge: 0 GRKontaktKontaktname: Riso Scotti S.P.A.Kontaktadresse: via Angelo Scotti n. 2, 27100 PaviaMaximale Bestellmenge: 15 St\xc3\xbcckF\xc3\xbcr die vorstehenden Angaben wird keine Haftung \xc3\xbcbernommen. Bitte pr\xc3\xbcfen Sie im Einzelfall die Angaben auf der jeweiligen Produktverpackung, nur diese sind verbindlich.Das Produktdesign kann von der Abbildung abweichen.'",Im Weiher 14,Rewe,Kochen & Backen,2023-07-09,"Gültig ab morgen bis Samstag, 15.07.2023"
Leimer Paniermehl,https://img.rewe-static.de/REWE_CENTER_HZ28_2023/2227782/26478462-15_digital-image.png?impolicy=s-offers&imwidth=200&output-format=image/webp,,https://shop.rewe.de/productList?search=2832136,,"glutenfrei , je 200-g-Pckg , (1 kg = 9.95)",Aktion,"1,99 €","b'ProduktbeschreibungArtikelnummer 2227782Zutaten & AllergeneZutaten: GLUTENFREIE WEIZENST\xc3\x84RKE, MAGERMILCHPULVER, Raps\xc3\xb6l, Salz, Hefe, Flohsamenschalen, S\xc3\xbc\xc3\x9fungsmittel: Oligofruktose, Verdickungsmittel: Guarkernmehl.Allergenhinweise: Enth\xc3\xa4lt: Keine deklarationspflichtigen Allergene enthalten.N\xc3\xa4hrwerteDurchschnittliche N\xc3\xa4hrwerteUnzubereitet pro 100 gEnergie1.504 kJEnergie355 kcalFett2,6 gFett, davon ges\xc3\xa4ttigte Fetts\xc3\xa4uren0,3 gKohlenhydrate78,8 gKohlenhydrate, davon Zucker1,2 gBallaststoffe4,9 gEiwei\xc3\x9f1,7 gSalz2,5 gHinweiseAufbewahrungs- und Verwendungshinweis: Trocken lagern. Vor Licht sch\xc3\xbctzen.ArtikeldetailsMarke: LeimerEigenschaften: Glutenfrei, VegetarischUrsprungsland: DeutschlandKontaktKontaktname: LEIMER KGKontaktadresse: Kotzinger Strasse 1 D-83278 TraunsteinF\xc3\xbcr die vorstehenden Angaben wird keine Haftung \xc3\xbcbernommen. Bitte pr\xc3\xbcfen Sie im Einzelfall die Angaben auf der jeweiligen Produktverpackung, nur diese sind verbindlich.Das Produktdesign kann von der Abbildung abweichen.'",Im Weiher 14,Rewe,Kochen & Backen,2023-07-09,"Gültig ab morgen bis Samstag, 15.07.2023"
REWE Beste Wahl Geschälte Tomaten,https://img.rewe-static.de/REWE_CENTER_HZ28_2023/1044599/22190183-28_digital-image.png?impolicy=s-offers&imwidth=200&output-format=image/webp,,https://shop.rewe.de/productList?search=2832136,,"in Tomatensaft , je 400-g-Dose , (1 kg = 3.29) , 240-g-Abtropfgew.",Aktion,"0,79 €","b'ProduktbeschreibungArtikelnummer 1044599Hergestellt f\xc3\xbcr: REWE Markt GmbH, D-50603 K\xc3\xb6ln. Zutaten & AllergeneZutaten: Tomaten, Tomatensaft.  N\xc3\xa4hrwerteDurchschnittliche N\xc3\xa4hrwertepro 100 gEnergie95 kJEnergie22 kcalFett0,1 gFett, davon ges\xc3\xa4ttigte Fetts\xc3\xa4uren< 0,1 gKohlenhydrate3,4 gKohlenhydrate, davon Zucker3,4 gEiwei\xc3\x9f1,2 gSalz0,1 gHinweiseAufbewahrungshinweise: Nach dem \xc3\x96ffnen in einen nicht-metallischen Beh\xc3\xa4lter umf\xc3\xbcllen, gek\xc3\xbchlt lagern und innerhalb weniger Tage verzehren.Verwendungshinweise: Trocken lagern, bei RaumtemperaturArtikeldetailsMarke: REWE Beste WahlNettof\xc3\xbcllmenge: 400 GUrsprungsland: ItalienAbtropfgewicht: 240 gKontaktKontaktname: LA FORMICA s.r.l.Kontaktadresse: Via Orta Longa trav. sa R. Lancia55, Scafati, 84018, ItalienMaximale Bestellmenge: 15 St\xc3\xbcckF\xc3\xbcr die vorstehenden Angaben wird keine Haftung \xc3\xbcbernommen. Bitte pr\xc3\xbcfen Sie im Einzelfall die Angaben auf der jeweiligen Produktverpackung, nur diese sind verbindlich.Das Produktdesign kann von der Abbildung abweichen.'",Im Weiher 14,Rewe,Kochen & Backen,2023-07-09,"Gültig ab morgen bis Samstag, 15.07.2023"
REWE Beste Wahl Passierte Tomaten,https://img.rewe-static.de/REWE_CENTER_HZ28_2023/1060727/22905868-39_digital-image.png?impolicy=s-offers&imwidth=200&output-format=image/webp,,https://shop.rewe.de/productList?search=2832136,,"je 500-g-Pckg , (1 kg = 1.58)",Aktion,"0,79 €","b'ProduktbeschreibungArtikelnummer 1060727Zutaten & AllergeneZutaten: Tomaten, Speisesalz.N\xc3\xa4hrwerteDurchschnittliche N\xc3\xa4hrwertepro 100 gEnergie116 kJEnergie28 kcalFett0,2 gFett, davon ges\xc3\xa4ttigte Fetts\xc3\xa4uren0,1 gKohlenhydrate4 gKohlenhydrate, davon Zucker4 gEiwei\xc3\x9f1,3 gSalz0,5 gHinweiseAufbewahrungshinweise: Nach dem \xc3\x96ffnen im K\xc3\xbchlschrank lagern und innerhalb weniger Tage verzehren.ArtikeldetailsMarke: REWE Beste WahlNettof\xc3\xbcllmenge: 500 GUrsprungsland: ItalienKontaktKontaktname: Antonio Petti fu Pasquale S.p.A.Kontaktadresse: Via S. Clemente 16, Nocera Superiore, 84015, ItalienF\xc3\xbcr die vorstehenden Angaben wird keine Haftung \xc3\xbcbernommen. Bitte pr\xc3\xbcfen Sie im Einzelfall die Angaben auf der jeweiligen Produktverpackung, nur diese sind verbindlich.Das Produktdesign kann von der Abbildung abweichen.'",Im Weiher 14,Rewe,Kochen & Backen,2023-07-09,"Gültig ab morgen bis Samstag, 15.07.2023"
REWE Beste Wahl Snack Tomaten,https://img.rewe-static.de/REWE_CENTER_HZ28_2023/8353795/30453551-16_digital-image.png?impolicy=s-offers&imwidth=200&output-format=image/webp,,https://shop.rewe.de/productList?search=2832136,,"je 150-g-Pckg , (1 kg = 10.60)",Aktion,"1,59 €","b'ProduktbeschreibungArtikelnummer 8353795Zutaten & AllergeneZutaten: Halbgetrocknete Tomaten 96%, Meersalz 3%, S\xc3\xa4uerungsmittel (Citronens\xc3\xa4ure, Essigs\xc3\xa4ure). Zusatzstoffe: E 260, E 330N\xc3\xa4hrwerteDurchschnittliche N\xc3\xa4hrwertepro 100 gEnergie423 kJEnergie100 kcalFett0,8 gFett, davon ges\xc3\xa4ttigte Fetts\xc3\xa4uren0,3 gKohlenhydrate14,2 gKohlenhydrate, davon Zucker12,1 gEiwei\xc3\x9f6,2 gSalz3 gHinweiseAufbewahrungshinweise: Nach dem \xc3\x96ffnen k\xc3\xbchl und trocken lagern und innerhalb von 2 Wochen verzehren.Verwendungshinweise: Trocken lagern. Vor W\xc3\xa4rme sch\xc3\xbctzen.ArtikeldetailsMarke: REWE Beste WahlNettof\xc3\xbcllmenge: 150 GUrsprungsland: GriechenlandKontaktKontaktname: K. Iraklidis & S\xc3\xb6hne A.G.Kontaktadresse: Industriestr. 1, Korinos Pierias, 60062, GriechenlandMaximale Bestellmenge: 15 St\xc3\xbcckF\xc3\xbcr die vorstehenden Angaben wird keine Haftung \xc3\xbcbernommen. Bitte pr\xc3\xbcfen Sie im Einzelfall die Angaben auf der jeweiligen Produktverpackung, nur diese sind verbindlich.Das Produktdesign kann von der Abbildung abweichen.'",Im Weiher 14,Rewe,Kochen & Backen,2023-07-09,"Gültig ab morgen bis Samstag, 15.07.2023"
Butcher’s Burger Saucen,https://img.rewe-static.de/REWE_CENTER_HZ28_2023/8536574/32850542-8_digital-image.png?impolicy=s-offers&imwidth=200&output-format=image/webp,,https://shop.rewe.de/productList?search=2832136,,"versch. Sorten , je 45-ml-Pckg , (1 l = 9.78)",Aktion,"0,44 €",nan,Im Weiher 14,Rewe,Kochen & Backen,2023-07-09,"Gültig ab morgen bis Samstag, 15.07.2023"
Hammermühle Madeleines,https://img.rewe-static.de/REWE_CENTER_HZ28_2023/8332205/30283245-9_digital-image.png?impolicy=s-offers&imwidth=200&output-format=image/webp,,https://shop.rewe.de/productList?search=2832136,,"glutenfrei, versch. Sorten , je 180-g-Pckg , (1 kg = 16.61)",Aktion,"2,99 €","b'ProduktbeschreibungArtikelnummer 8332205Zutaten & AllergeneZutaten: EIER, Sonnenblumen\xc3\xb6l, Zucker, Reismehl, Kartoffelst\xc3\xa4rke, Glukosesirup, Feuchthaltemittel: Glycerin, Maismehl, Verdickungsmittel: Guakernmehl und Xanthan, Reisst\xc3\xa4rke, Emulgator: Rapslecithin, Salz, Backtriebmittel: Diphosphate, Natriumcarbonate und Kalziumphosphate, Aroma, Antioxidans: tocopherolreicher Extrakt.  Kann Spuren von SCHALENFR\xc3\x9cCHTEN enthalten.Allergenhinweise: Enth\xc3\xa4lt: Eier und Eierzeugnisse. Kann enthalten: N\xc3\xbcsse und Nusserzeugnisse.N\xc3\xa4hrwerteDurchschnittliche N\xc3\xa4hrwerteUnzubereitet pro 100 gEnergie1.743 kJEnergie418 kcalFett24 gFett, davon ges\xc3\xa4ttigte Fetts\xc3\xa4uren2,9 gKohlenhydrate48 gKohlenhydrate, davon Zucker18 gBallaststoffe0 gEiwei\xc3\x9f4,1 gSalz0,9 gHinweiseAufbewahrungs- und Verwendungshinweis: Trocken und vor W\xc3\xa4rme gesch\xc3\xbctzt lagernArtikeldetailsEigenschaften: GlutenfreiUrsprungsland: FrankreichKontaktKontaktname: Hammerm\xc3\xbchle GmbHKontaktadresse: Hauptstr. 181, D-67489 KirrweilerF\xc3\xbcr die vorstehenden Angaben wird keine Haftung \xc3\xbcbernommen. Bitte pr\xc3\xbcfen Sie im Einzelfall die Angaben auf der jeweiligen Produktverpackung, nur diese sind verbindlich.Das Produktdesign kann von der Abbildung abweichen.'",Im Weiher 14,Rewe,Kochen & Backen,2023-07-09,"Gültig ab morgen bis Samstag, 15.07.2023"
Hippis Fruchtquetschen,https://img.rewe-static.de/REWE_CENTER_HZ28_2023/3246427/26439969-8_digital-image.png?impolicy=s-offers&imwidth=200&output-format=image/webp,,https://shop.rewe.de/productList?search=2832136,,"versch. Sorten , je 100-g-Btl , (1 kg = 9.90)",Aktion,"0,99 €","b'ProduktbeschreibungArtikelnummer 3246427- Ideal f\xc3\xbcr zwischendurch und unterwegs gibt es die HiPP HiPPiS im praktischen 100g Beutel. \n- Die HiPPiS schmeckt Babys nach dem 1.Jahr genauso wie Kindern, Jugendlichen und auch Erwachsenen. \n\n- Die HiPP HiPPiS sind ideal als Nachspeise oder Zutat zum Brei und schmecken dabei besonders gut. \n- Verwendet werden spezielle Obstsorten, die gen\xc3\xbcgend Zeit zum Reifen hatten und so ganz nat\xc3\xbcrlich ihren vollen Fruchtgeschmack entwickeln konnten \xe2\x80\x93 ohne Zusatz von Aromen und Zucker (Zutaten enthalten von Natur aus Zucker) .\n- Ohne Zusatz von Milchprodukten.\n\nIdeal f\xc3\xbcr zwischendurch und unterwegs gibt es die HiPP HiPPiS im praktischen 100g Beutel. Die Fr\xc3\xbcchte schmeckt Babys nach dem 1.Jahr genau so wie Kindern, Jugendlichen und auch Erwachsenen.\n\nZutaten: Fr\xc3\xbcchte* 100% (\xc3\x84pfel* 40%, Birnen* 40%, Bananen* 20%). Hinweis: Von Natur aus glutenfrei *Aus biologischer Erzeugung\n\nN\xc3\xa4hrwerte pro 100g:\nEnergie: 253kJ / 60kcal\nFett: 0,2g\nFett, davon ges\xc3\xa4ttigte Fetts\xc3\xa4uren: 0g\nKohlenhydrate: 12,9g\nKohlenhydrate, davon Zucker: 11,3g\nEiwei\xc3\x9f: 0,5g\nSalz: <0,05g... mehr anzeigenIdeal f\xc3\xbcr zwischendurch und unterwegs gibt es die HiPP HiPPiS im praktischen 100g  Beutel. Die Fr\xc3\xbcchte schmecken Babys nach dem 1.Jahr genau so wie Kindern, Jugendlichen und auch Erwachsenen.Zutaten & AllergeneZutaten: Fr\xc3\xbcchte* 100% (\xc3\x84pfel* 40%, Birnen* 40%, Bananen* 20%). *Aus biologischer ErzeugungN\xc3\xa4hrwerteDurchschnittliche N\xc3\xa4hrwerteUnzubereitet pro 100 gEnergie253 kJEnergie60 kcalFett0,2 gFett, davon ges\xc3\xa4ttigte Fetts\xc3\xa4uren0 gKohlenhydrate12,9 gKohlenhydrate, davon Zucker11,3 gEiwei\xc3\x9f0,5 gSalz< 0,05 gNatrium< 0,02 gHinweiseAufbewahrungs- und Verwendungshinweis: Nach dem \xc3\x96ffnen im K\xc3\xbchlschrank einen Tag haltbar.  Deckel von Beutel abschrauben und getrennt im gelben Sack entsorgen.Information: Wichtig: H\xc3\xa4ufiges und dauerndes Umsp\xc3\xbclen der Z\xc3\xa4hnchen mit Fruchtp\xc3\xbcree aus dem Beutel kann schwere Zahnsch\xc3\xa4den (Karies) verursachen. Deshalb: Fruchtp\xc3\xbcree unter Aufsicht geben und vom L\xc3\xb6ffel verzehren lassen. Beutel dem Kind nicht zum dauernden und h\xc3\xa4ufigen Nuckeln \xc3\xbcberlassen. Kind nicht mit Beutel und Deckel spielen lassen. F\xc3\xbcr regelm\xc3\xa4\xc3\x9fige Zahnpflege sorgen.  von Natur aus glutenfrei  ab 1+ArtikeldetailsMarke: HippEigenschaften: BioUrsprungsland: \xc3\x96sterreich\xc3\x96ko Kontrollstelle: AT-BIO-301KontaktKontaktname: HiPP GmbH & Co. Vertrieb KGKontaktadresse: D-85273 PFAFFENHOFENF\xc3\xbcr die vorstehenden Angaben wird keine Haftung \xc3\xbcbernommen. Bitte pr\xc3\xbcfen Sie im Einzelfall die Angaben auf der jeweiligen Produktverpackung, nur diese sind verbindlich.Das Produktdesign kann von der Abbildung abweichen.'",Im Weiher 14,Rewe,Kochen & Backen,2023-07-09,"Gültig ab morgen bis Samstag, 15.07.2023"
Ben’s Original Express Reis,https://img.rewe-static.de/REWE_CENTER_HZ28_2023/8922362/38852794-8_digital-image.png?impolicy=s-offers&imwidth=200&output-format=image/webp,,https://shop.rewe.de/productList?search=2832136,,"versch. Sorten , je 220-g-Pckg , (1 kg = 5.41)",Knaller,"1,19 €","b""ProduktbeschreibungArtikelnummer 8922362Schonend dampfgegarter Spitzen-Langkornreis mit Tomaten und Kr\xc3\xa4utern im 220g Beutel f\xc3\xbcr 1 bis 2 Personen. BEN'S ORIGINAL\xe2\x84\xa2 Reis kann im Frischebeutel, ohne weiteres Gef\xc3\xa4\xc3\x9f, einfach und bequem in 2 Minuten in der Mikrowelle erhitzt werden.Zutaten & AllergeneZutaten: dampfgegarter, parboiled Langkornreis (86%), doppelt konzentriertes Tomatenmark (5.9%), Sonnenblumen\xc3\xb6l, Tomatenpulver (2.5%), Basilikum, nat\xc3\xbcrliches Aroma, Salz, Zucker, Hefeextrakt, Zwiebelpulver, Kr\xc3\xa4uter, S\xc3\xa4uerungsmittel (Citronens\xc3\xa4ure), Knoblauchpulver, Gew\xc3\xbcrze.Allergenhinweise: Enth\xc3\xa4lt: Keine deklarationspflichtigen Allergene enthalten.N\xc3\xa4hrwerteDurchschnittliche N\xc3\xa4hrwerteUnzubereitet pro 100 gEnergie713 kJEnergie169 kcalFett3,3 gFett, davon ges\xc3\xa4ttigte Fetts\xc3\xa4uren0,2 gKohlenhydrate30 gKohlenhydrate, davon Zucker2,5 gBallaststoffe1,4 gEiwei\xc3\x9f3,8 gSalz0,55 gHinweiseAufbewahrungs- und Verwendungshinweis: Trocken und bei Zimmertemperatur lagern. Ge\xc3\xb6ffnet 3 Tage im K\xc3\xbchlschrank haltbar.Information: Unter Schutzatmosph\xc3\xa4re verpackt.ArtikeldetailsMarke: Ben's OriginalUrsprungsland: GrossbritannienKontaktKontaktname: Mars GmbHKontaktadresse: Postfach 1280, 27281 Verden (Aller)Maximale Bestellmenge: 15 St\xc3\xbcckF\xc3\xbcr die vorstehenden Angaben wird keine Haftung \xc3\xbcbernommen. Bitte pr\xc3\xbcfen Sie im Einzelfall die Angaben auf der jeweiligen Produktverpackung, nur diese sind verbindlich.Das Produktdesign kann von der Abbildung abweichen.""",Im Weiher 14,Rewe,Kochen & Backen,2023-07-09,"Gültig ab morgen bis Samstag, 15.07.2023"
Barilla Collezione Farfalle,https://img.rewe-static.de/REWE_CENTER_HZ28_2023/7905005/32879874-15_digital-image.png?impolicy=s-offers&imwidth=200&output-format=image/webp,,https://shop.rewe.de/productList?search=2832136,,"je 500-g-Pckg , (1 kg = 3.58)",Knaller,"1,79 €","b'ProduktbeschreibungArtikelnummer 7905005Zutaten & AllergeneZutaten: HARTWEIZENGRIESS, Wasser. Kann Spuren von Sojabohnen enthalten.Allergenhinweise: Enth\xc3\xa4lt: Weizen und Weizenerzeugnisse (glutenhaltiges Getreide). Glutenhaltiges Getreide und glutenhaltige Getreideerzeugnisse. Kann enthalten: Soja und Sojaerzeugnisse.N\xc3\xa4hrwerteDurchschnittliche N\xc3\xa4hrwerteUnzubereitet pro 100 gEnergie1.521 kJEnergie359 kcalFett2 gFett, davon ges\xc3\xa4ttigte Fetts\xc3\xa4uren0,5 gKohlenhydrate71,2 gKohlenhydrate, davon Zucker3,5 gBallaststoffe3 gEiwei\xc3\x9f12,5 gSalz0,013 gHinweiseAufbewahrungs- und Verwendungshinweis: Trocken, vor Licht und W\xc3\xa4rme gesch\xc3\xbctzt lagern.ArtikeldetailsMarke: BarillaUrsprungsland: ItalienKontaktKontaktname: Barilla G. e R. Fratelli S.p.A.Kontaktadresse: Via Mantova 166, Parma - ItalyMaximale Bestellmenge: 15 St\xc3\xbcckF\xc3\xbcr die vorstehenden Angaben wird keine Haftung \xc3\xbcbernommen. Bitte pr\xc3\xbcfen Sie im Einzelfall die Angaben auf der jeweiligen Produktverpackung, nur diese sind verbindlich.Das Produktdesign kann von der Abbildung abweichen.'",Im Weiher 14,Rewe,Kochen & Backen,2023-07-09,"Gültig ab morgen bis Samstag, 15.07.2023"
Hela Gewürzketchup Curry,https://img.rewe-static.de/REWE_CENTER_HZ28_2023/4908848/630290-90_digital-image.png?impolicy=s-offers&imwidth=200&output-format=image/webp,,https://shop.rewe.de/productList?search=2832136,,"versch. Sorten , je 800-ml-Fl , (1 l = 2.86)",Knaller,"2,29 €","b'ProduktbeschreibungArtikelnummer 4908848Mit der originalen Hela W\xc3\xbcrzung\r\nUnser scharf-s\xc3\xbc\xc3\x9flicher Gew\xc3\xbcrz Ketchup Curry scharf ist die ideale Erg\xc3\xa4nzung f\xc3\xbcr all unsere Fans, die es gern etwas pikanter m\xc3\xb6gen.Zutaten & AllergeneZutaten: Tomatensaft, Zucker, Dextrose, Kochsalz, Curry (SENFMEHL, Pfeffer, Paprika, Chili, Nelken, Gew\xc3\xbcrze), Branntweinessig, modifizierte Maisst\xc3\xa4rke, S\xc3\xa4uerungsmittel: Citronens\xc3\xa4ure, Verdickungsmittel: (Guarkernmehl, Johannisbrotkernmehl), Kr\xc3\xa4uter (enth\xc3\xa4lt SELLERIE), S\xc3\xa4ureregulator: Natriumlactat, Geschmacksverst\xc3\xa4rker: Mononatriumglutamat.Allergenhinweise: Enth\xc3\xa4lt: Senf- und Senferzeugnisse. Sellerie und Sellerieerzeugnisse.N\xc3\xa4hrwerteDurchschnittliche N\xc3\xa4hrwerteUnzubereitet pro 100 gEnergie573 kJEnergie137 kcalFett0,3 gFett, davon ges\xc3\xa4ttigte Fetts\xc3\xa4uren0,1 gKohlenhydrate30,8 gKohlenhydrate, davon Zucker29,4 gEiwei\xc3\x9f0,8 gSalz2,2 gHinweiseAufbewahrungs- und Verwendungshinweis: Nach erster \xc3\x96ffnung bitte im K\xc3\xbchlschrank lagern und kurzfristig verzehren!ArtikeldetailsMarke: HelaUrsprungsland: DeutschlandPackungsgr\xc3\xb6\xc3\x9fe: 800mlKontaktKontaktname: Hela Gew\xc3\xbcrzwerk Hermann Laue GmbHKontaktadresse: D-22923 AhrensburgMaximale Bestellmenge: 15 St\xc3\xbcckF\xc3\xbcr die vorstehenden Angaben wird keine Haftung \xc3\xbcbernommen. Bitte pr\xc3\xbcfen Sie im Einzelfall die Angaben auf der jeweiligen Produktverpackung, nur diese sind verbindlich.Das Produktdesign kann von der Abbildung abweichen.'",Im Weiher 14,Rewe,Kochen & Backen,2023-07-09,"Gültig ab morgen bis Samstag, 15.07.2023"
Barilla Spaghetti Al Bronzo,https://img.rewe-static.de/REWE_CENTER_HZ28_2023/8745035/37803714-8_digital-image.png?impolicy=s-offers&imwidth=200&output-format=image/webp,,https://shop.rewe.de/productList?search=2832136,,"je 400-g-Pckg , (1 kg = 4.48)",Knaller,"1,79 €","b'ProduktbeschreibungArtikelnummer 8745035Zutaten & AllergeneZutaten: HARTWEIZENGRIESS, Wasser. Kann Spuren von Sojabohnen und Senf enthalten.Allergenhinweise: Enth\xc3\xa4lt: Weizen und Weizenerzeugnisse (glutenhaltiges Getreide). Glutenhaltiges Getreide und glutenhaltige Getreideerzeugnisse. Kann enthalten: Soja und Sojaerzeugnisse. Senf- und Senferzeugnisse.N\xc3\xa4hrwerteDurchschnittliche N\xc3\xa4hrwerteUnzubereitet pro 100 gEnergie1.521 kJEnergie359 kcalFett2 gFett, davon ges\xc3\xa4ttigte Fetts\xc3\xa4uren0,4 gKohlenhydrate69,7 gKohlenhydrate, davon Zucker3,5 gBallaststoffe3 gEiwei\xc3\x9f14 gSalz0,013 gHinweiseAufbewahrungs- und Verwendungshinweis: Trocken, vor Licht und W\xc3\xa4rme gesch\xc3\xbctzt lagern.ArtikeldetailsMarke: BarillaUrsprungsland: ItalienKontaktKontaktname: Barilla G. e R. Fratelli S.p.A.Kontaktadresse: Via Mantova 166, Parma - ItalyMaximale Bestellmenge: 15 St\xc3\xbcckF\xc3\xbcr die vorstehenden Angaben wird keine Haftung \xc3\xbcbernommen. Bitte pr\xc3\xbcfen Sie im Einzelfall die Angaben auf der jeweiligen Produktverpackung, nur diese sind verbindlich.Das Produktdesign kann von der Abbildung abweichen.'",Im Weiher 14,Rewe,Kochen & Backen,2023-07-09,"Gültig ab morgen bis Samstag, 15.07.2023"
Barilla Pasta,https://img.rewe-static.de/REWE_CENTER_HZ28_2023/6653839/20768970-25_digital-image.png?impolicy=s-offers&imwidth=200&output-format=image/webp,,https://shop.rewe.de/productList?search=2832136,,"versch. Ausformungen , je 500-g-Pckg , (1 kg = 1.90)",Knaller,"0,95 €","b'ProduktbeschreibungArtikelnummer 6653839Fusilli erschienen in ihrer heutigen Form zuerst in S\xc3\xbcditalien und sind urspr\xc3\xbcnglich der Idee entsprungen, Spaghetti auf einer Stricknadel aufzuwickeln. Erst sp\xc3\xa4ter, bedingt durch die unterschiedlichen geschmacklichen Gewohnheiten in den verschiedenen italienischen Regionen, entstanden Fusilli als eigenst\xc3\xa4ndige Sorte. Im Rahmen des Sortiments von Barilla - Italiens beliebtester Pasta - wurde die Pastasorte Fusilli neu interpretiert und erhielt ihre charakteristische Spiralform, die f\xc3\xbcr die Tradition von Mittel- und Norditalien typisch ist.... mehr anzeigenZutaten & AllergeneZutaten: HARTWEIZENGRIESS, Wasser. Kann Spuren von Sojabohnen enthalten.Allergenhinweise: Enth\xc3\xa4lt: Weizen und Weizenerzeugnisse (glutenhaltiges Getreide). Glutenhaltiges Getreide und glutenhaltige Getreideerzeugnisse. Kann enthalten: Soja und Sojaerzeugnisse.N\xc3\xa4hrwerteDurchschnittliche N\xc3\xa4hrwerteUnzubereitet pro 100 gEnergie1.521 kJEnergie359 kcalFett2 gFett, davon ges\xc3\xa4ttigte Fetts\xc3\xa4uren0,5 gKohlenhydrate71,2 gKohlenhydrate, davon Zucker3,5 gBallaststoffe3 gEiwei\xc3\x9f12,5 gSalz0,013 gHinweiseAufbewahrungs- und Verwendungshinweis: Trocken und vor W\xc3\xa4rme gesch\xc3\xbctzt lagern.ArtikeldetailsMarke: BarillaUrsprungsland: ItalienKontaktKontaktname: Barilla G. e R. Fratelli - Societ\xc3\xa0 per AzioniKontaktadresse: Via Mantova 166, Parma - ItalyF\xc3\xbcr die vorstehenden Angaben wird keine Haftung \xc3\xbcbernommen. Bitte pr\xc3\xbcfen Sie im Einzelfall die Angaben auf der jeweiligen Produktverpackung, nur diese sind verbindlich.Das Produktdesign kann von der Abbildung abweichen.'",Im Weiher 14,Rewe,Kochen & Backen,2023-07-09,"Gültig ab morgen bis Samstag, 15.07.2023"
Knorr Salat Krönung,https://img.rewe-static.de/REWE_CENTER_HZ28_2023/7177137/27325102-22_digital-image.png?impolicy=s-offers&imwidth=200&output-format=image/webp,,https://shop.rewe.de/productList?search=2832136,,"versch. Sorten , je je 5er-Pckg.",Aktion,"0,69 €","b""ProduktbeschreibungArtikelnummer 7177137- Mit Knorr Salatkr\xc3\xb6nung Vinaigrette Dill-Kr\xc3\xa4uter einfach und schnell ein leckeres Salatdressing zaubern \n - Mit Kr\xc3\xa4utern aus nachhaltigem Anbau \n - Raffinierter und fein abgestimmmter Dill-Geschmack \n - Ohne Farbstoffe und geschmacksverst\xc3\xa4rkende Zusatzstoffe \n - Einfache Zubereitung: Etwas Wasser und \xc3\x96l mit Knorr Salatkr\xc3\xb6nung verr\xc3\xbchren, fertig! \n - Gelingt im Handumdrehen Knorr Salatkr\xc3\xb6nung Dill-Kr\xc3\xa4uter ist f\xc3\xbcr alle Fans des w\xc3\xbcrzigen Dill-Geschmacks die richtige Wahl. Die Mischung aus Dill und aromatischen Gew\xc3\xbcrzen eignet sich besonders gut f\xc3\xbcr jede Art von Gurkensalat. \n\nZubereitung \xe2\x80\x93 so einfach geht's: 3 EL Wasser und 3 EL Oliven\xc3\xb6l mit Knorr Salatkr\xc3\xb6nung verr\xc3\xbchren. Das Salatdressing zum Lieblingssalat geben. Fertig!\n\nMit den vielen Variationen der Knorr Salatkr\xc3\xb6nung das perfekte Zusammenspiel von Kr\xc3\xa4utern erleben. Die w\xc3\xbcrzigen Gartenkr\xc3\xa4uter verleihen Salaten mit wenigen Handgriffen einen feinen, aromatischen Geschmack. Knorr Salatdressings und Vinaigrettes bereitet man ganz einfach zu: Entweder selbst anr\xc3\xbchren oder \xe2\x80\x93 f\xc3\xbcr einen noch schnelleren Salatgenuss \xe2\x80\x93 zu servierfertigen Salatkr\xc3\xb6nungen in der Flasche greifen. Anschlie\xc3\x9fend nur noch das Dressing zum Lieblingssalat geben \xe2\x80\x93 und die Salatkr\xc3\xb6nung genie\xc3\x9fen!\n\nSind schon die vielen weiteren Produkte von Knorr bekannt? Dank der Fix-Produkte, So\xc3\x9fen, Fertiggerichten, Suppen, Salatdressings, Br\xc3\xbchen und Bouillons gelingt jedes Gericht garantiert mit wenigen Handgriffen. Schnell und einfach erhalten so authentische Mahlzeiten ihren typischen Geschmack \xe2\x80\x93 egal, ob abwechslungsreiche vegetarische oder vegane K\xc3\xbcche, herzhafte Fleischgerichte oder leckere Gem\xc3\xbcsevariationen. Dabei ist es die Komposition ausgew\xc3\xa4hlter hochwertiger Zutaten, die jedes Knorr Produkt besonders macht. Knorr verarbeitet nur sorgf\xc3\xa4ltig schonend getrocknete Zutaten, denn das Trocknen ist eine der \xc3\xa4ltesten Methoden, um Lebensmittel nat\xc3\xbcrlich haltbar zu machen. Da der Geschmack und die Hauptn\xc3\xa4hrstoffe der frischen Zutaten weitgehend erhalten bleiben, passen Lebensmittel aus getrockneten Zutaten perfekt in unseren stressigen Alltag. Essen mit Knorr ist unkompliziert und sorgt dar\xc3\xbcber hinaus f\xc3\xbcr ein gutes Gef\xc3\xbchl: 95 Prozent unserer Gem\xc3\xbcse und Kr\xc3\xa4uter stammen heute schon aus nachhaltigem Anbau. Denn wir bei Knorr glauben, dass die Verwendung nachhaltig angebauter und beschaffter Zutaten einen gro\xc3\x9fen Unterschied f\xc3\xbcr den Geschmack unserer Produkte, das Wohlbefinden der Landwirte und die Zukunft des Planeten macht. Knorr. Gutes, einfach lecker!\n\n*Nat\xc3\xbcrliche Zutaten sind mit einem Sternchen in der Zutatenliste gekennzeichnetZutaten & AllergeneZutaten: Zucker\xc2\xb9, jodiertes Speisesalz, St\xc3\xa4rke\xc2\xb9, 8,3% Kr\xc3\xa4uter (5% Dill\xc2\xb9\xc2\xb2, Petersilie\xc2\xb9\xc2\xb2, Schnittlauch\xc2\xb9\xc2\xb2), S\xc3\xa4ureregulator Natriumdiacetat3, S\xc3\xa4uerungsmittel Citronens\xc3\xa4ure, Zitrusfaser\xc2\xb9, MILCHZUCKER, Maiskeim\xc3\xb6l\xc2\xb9, 1,6% gemahlene SENFK\xc3\x96RNER\xc2\xb9, 0,9% Zwiebeln, Pfeffer\xc2\xb9, Zitronensaftpulver\xc2\xb9, Speisesalz, Aromen. Kann Ei, Sellerie, Soja, glutenhaltige Getreide enthalten. \xc2\xb9Nat\xc3\xbcrliche Zutaten sind mit einem Sternchen gekennzeichnet. \xc2\xb2aus nachhaltigem Anbau. 3Salz der Essigs\xc3\xa4ure.Allergenhinweise: Enth\xc3\xa4lt: Milchzucker (Laktose).N\xc3\xa4hrwerteDurchschnittliche N\xc3\xa4hrwerteZubereitet pro 100 mlEnergie1.775 kJEnergie424 kcalFett45 gFett, davon ges\xc3\xa4ttigte Fetts\xc3\xa4uren4,1 gKohlenhydrate4,9 gKohlenhydrate, davon Zucker3,7 gBallaststoffe0,7 gEiwei\xc3\x9f< 0,5 gSalz2,1 gArtikeldetailsMarke: KnorrUrsprungsland: DeutschlandKontaktKontaktname: Unilever DeutschlandKontaktadresse: Postfach 570 550, 22774 HamburgMaximale Bestellmenge: 15 St\xc3\xbcckF\xc3\xbcr die vorstehenden Angaben wird keine Haftung \xc3\xbcbernommen. Bitte pr\xc3\xbcfen Sie im Einzelfall die Angaben auf der jeweiligen Produktverpackung, nur diese sind verbindlich.Das Produktdesign kann von der Abbildung abweichen.""",Im Weiher 14,Rewe,Kochen & Backen,2023-07-09,"Gültig ab morgen bis Samstag, 15.07.2023"
Knorr Feinschmecker Suppe,https://img.rewe-static.de/REWE_CENTER_HZ28_2023/8184772/28407667-16_digital-image.png?impolicy=s-offers&imwidth=200&output-format=image/webp,,https://shop.rewe.de/productList?search=2832136,,"versch. Sorten, ausreichend für 500 ml , je Btl",Aktion,"0,79 €","b'ProduktbeschreibungArtikelnummer 8184772- Knorr Feinschmecker Spargel Cremesuppe aus wei\xc3\x9fem Spargel - das schmeckt nach Fr\xc3\xbchling \n - Besonders cremig und mit vielen leckeren Spargelst\xc3\xbcckchen \n - Mit nachhaltig angebautem Spargel \n - Schnelle und einfache Zubereitung \n - Nat\xc3\xbcrlich ohne geschmacksverst\xc3\xa4rkende Zusatzstoffe, Konservierungsstoffe und Farbstoffe \n - Inhalt reicht f\xc3\xbcr 500 ml (2 Teller) Probieren Sie die Knorr Feinschmecker Spargel Cremesuppe: besonders cremige Spargelsuppe aus wei\xc3\x9fem Spargel - das schmeckt nach Fr\xc3\xbchling! Mit nachhaltig angebautem Spargel.\n\nZubereitung:\nBeutelinhalt mit einem Schneebesen in 0,5 l (500 ml) kochendes Wasser einr\xc3\xbchren. 5Minuten k\xc3\xb6cheln lassen. Ab und zu umr\xc3\xbchren.\n\nSuppen f\xc3\xbcr Feinschmecker: Die Knorr Feinschmecker Suppen bieten f\xc3\xbcr jeden Geschmack das passende Gericht und sind im Handumdrehen angerichtet. Sanft getrocknetes Gem\xc3\xbcse, Kr\xc3\xa4uter und Gew\xc3\xbcrze zeichnen die schnell zubereiteten Suppen aus. Die besonders cremigen Feinschmecker Suppen gelingen garantiert und begeistern die ganze Familie.\n\nKennen Sie schon die vielen weiteren Produkte von Knorr? Dank unserer Fix-Produkte, Br\xc3\xbchen, Saucen, Fertiggerichten, Suppen und Salatdressings gelingt jedes Gericht garantiert mit wenigen Handgriffen. Schnell und einfach erhalten so authentische Mahlzeiten ihren typischen Geschmack \xe2\x80\x93 egal, ob abwechslungsreiche vegetarische oder vegane K\xc3\xbcche, herzhafte Fleischgerichte oder leckere Gem\xc3\xbcsevariationen. Dabei ist es die Komposition ausgew\xc3\xa4hlter hochwertiger Zutaten, die jedes Knorr Produkt besonders macht. Knorr verarbeitet nur sorgf\xc3\xa4ltig schonend getrocknete Zutaten, denn das Trocknen ist eine der \xc3\xa4ltesten Methoden, um Lebensmittel nat\xc3\xbcrlich haltbar zu machen. Da der Geschmack und die N\xc3\xa4hrstoffe der frischen Zutaten weitgehend erhalten bleiben, passen Lebensmittel aus getrockneten Zutaten perfekt in unseren stressigen Alltag. Essen mit Knorr ist unkompliziert und sorgt dar\xc3\xbcber hinaus f\xc3\xbcr ein gutes Gef\xc3\xbchl: \xc3\x9cber 90 Prozent der Zutaten kommen heute schon aus nachhaltigem Anbau. Denn wir bei Knorr glauben, dass die Verwendung nachhaltig angebauter und beschaffter Zutaten einen gro\xc3\x9fen Unterschied f\xc3\xbcr den Geschmack unserer Produkte, das Wohlbefinden der Landwirte und die Zukunft des Planeten macht. Knorr \xe2\x80\x93 Geschmack mit gutem Gef\xc3\xbchl.Zutaten & AllergeneZutaten: Mehl (WEIZEN, Reis), Palm\xc3\xb6l, St\xc3\xa4rke, 10% wei\xc3\x9fer Spargel\xc2\xb2 (Pulver, St\xc3\xbccke), jodiertes Speisesalz, Hefeextrakt, Zucker, Speisesalz, Glukosesirup, MILCHEIWEISS, Zitronensaftpulver, Aromen, Kurkuma, Petersilienwurzel\xc2\xb2, Lorbeerbl\xc3\xa4tter. Kann Ei, Sellerie, Senf, Soja, andere glutenhaltige Getreide enthalten. \xc2\xb2 Aus nachhaltigem Anbau.Allergenhinweise: Enth\xc3\xa4lt: Weizen und Weizenerzeugnisse (glutenhaltiges Getreide).N\xc3\xa4hrwerteDurchschnittliche N\xc3\xa4hrwerteZubereitet pro 100 mlEnergie182 kJEnergie44 kcalFett2,2 gFett, davon ges\xc3\xa4ttigte Fetts\xc3\xa4uren1,4 gKohlenhydrate4,6 gKohlenhydrate, davon Zucker0,7 gBallaststoffe< 0,5 gEiwei\xc3\x9f1,1 gSalz0,81 gArtikeldetailsMarke: KnorrEigenschaften: VegetarischUrsprungsland: PolenKontaktKontaktname: Unilever DeutschlandKontaktadresse: Postfach 570 550, 22774 HamburgMaximale Bestellmenge: 15 St\xc3\xbcckF\xc3\xbcr die vorstehenden Angaben wird keine Haftung \xc3\xbcbernommen. Bitte pr\xc3\xbcfen Sie im Einzelfall die Angaben auf der jeweiligen Produktverpackung, nur diese sind verbindlich.Das Produktdesign kann von der Abbildung abweichen.'",Im Weiher 14,Rewe,Kochen & Backen,2023-07-09,"Gültig ab morgen bis Samstag, 15.07.2023"
Barilla Pesto alla Genovese,https://img.rewe-static.de/REWE_CENTER_HZ28_2023/4840313/35802412-5_digital-image.png?impolicy=s-offers&imwidth=200&output-format=image/webp,,https://shop.rewe.de/productList?search=2832136,,"je 190-g-Glas , (1 kg = 10.47)",Aktion,"1,99 €","b'ProduktbeschreibungArtikelnummer 4840313Zutaten & AllergeneZutaten: pflanzliche \xc3\x96le (Olive, Sonnenblume), frisches Basilikum 30%, CASHEWKERNE, Parmigiano Reggiano g.U. K\xc3\xa4se 5% (MILCH), Maisfaser, Molkepulver (MILCH), Salz, MILCHeiweiss, natives Oliven\xc3\xb6l extra, Zucker, Basilikumextrakt, nat\xc3\xbcrliche Aromen (MILCH), S\xc3\xa4ureregulator: Milchs\xc3\xa4ure, Knoblauch. Kann Spuren von anderen Schalenfr\xc3\xbcchten (Hartschalenobst) enthalten.Allergenhinweise: Enth\xc3\xa4lt: Milch und Milcherzeugnisse (einschlie\xc3\x9flich Lactose). N\xc3\xbcsse und Nusserzeugnisse. Kaschunuss und Kaschunusserzeugnisse.N\xc3\xa4hrwerteDurchschnittliche N\xc3\xa4hrwerteUnzubereitet pro 100 gEnergie1.989 kJEnergie482 kcalFett46 gFett, davon ges\xc3\xa4ttigte Fetts\xc3\xa4uren7,1 gKohlenhydrate9,8 gKohlenhydrate, davon Zucker5,5 gBallaststoffe5 gEiwei\xc3\x9f4,7 gSalz3,25 gHinweiseAufbewahrungs- und Verwendungshinweis: Nach dem \xc3\x96ffnen gek\xc3\xbchlt 5 Tage haltbar.ArtikeldetailsMarke: BarillaUrsprungsland: ItalienKontaktKontaktname: Barilla G. e R. Fratelli S.p.A.Kontaktadresse: Via Mantova 166, Parma - ItalyMaximale Bestellmenge: 15 St\xc3\xbcckF\xc3\xbcr die vorstehenden Angaben wird keine Haftung \xc3\xbcbernommen. Bitte pr\xc3\xbcfen Sie im Einzelfall die Angaben auf der jeweiligen Produktverpackung, nur diese sind verbindlich.Das Produktdesign kann von der Abbildung abweichen.'",Im Weiher 14,Rewe,Kochen & Backen,2023-07-09,"Gültig ab morgen bis Samstag, 15.07.2023"
Barilla Pesto Basilico Vegan,https://img.rewe-static.de/REWE_CENTER_HZ28_2023/3263361/26586190-10_digital-image.png?impolicy=s-offers&imwidth=200&output-format=image/webp,,https://shop.rewe.de/productList?search=2832136,,"je 195-g-Glas , (1 kg = 10.21)",Aktion,"1,99 €","b'ProduktbeschreibungArtikelnummer 3263361Zutaten & AllergeneZutaten: Basilikum 35,6%, pflanzliche \xc3\x96le (Olive, Sonnenblume), CASHEWKERNE, Glukosesirup, Wasser, modifizierte Maisst\xc3\xa4rke, Salz, nat\xc3\xbcrliche Aromen, natives Oliven\xc3\xb6l extra, Zucker, S\xc3\xa4ureregulator Milchs\xc3\xa4ure. Kann Spuren von anderen Schalenfr\xc3\xbcchten (Hartschalenobst) enthalten.Allergenhinweise: Enth\xc3\xa4lt: Kaschunuss und Kaschunusserzeugnisse. Kann enthalten: N\xc3\xbcsse und Nusserzeugnisse.N\xc3\xa4hrwerteDurchschnittliche N\xc3\xa4hrwerteUnzubereitet pro 100 gEnergie1.780 kJEnergie431 kcalFett41 gFett, davon ges\xc3\xa4ttigte Fetts\xc3\xa4uren5,5 gKohlenhydrate12 gKohlenhydrate, davon Zucker3,3 gBallaststoffe2 gEiwei\xc3\x9f2,5 gSalz3 gHinweiseAufbewahrungs- und Verwendungshinweis: Nach dem \xc3\x96ffnen gek\xc3\xbchlt 5 Tage haltbar.ArtikeldetailsMarke: BarillaEigenschaften: Vegan, Vegetarisch, LaktosefreiUrsprungsland: ItalienKontaktKontaktname: Barilla G. e R. Fratelli - Societ\xc3\xa0 per AzioniKontaktadresse: Via Mantova 166, Parma - ItalyMaximale Bestellmenge: 15 St\xc3\xbcckF\xc3\xbcr die vorstehenden Angaben wird keine Haftung \xc3\xbcbernommen. Bitte pr\xc3\xbcfen Sie im Einzelfall die Angaben auf der jeweiligen Produktverpackung, nur diese sind verbindlich.Das Produktdesign kann von der Abbildung abweichen.'",Im Weiher 14,Rewe,Kochen & Backen,2023-07-09,"Gültig ab morgen bis Samstag, 15.07.2023"
Knorr Feinschmecker Sauce Hollandaise Klassisch,https://img.rewe-static.de/REWE_CENTER_HZ28_2023/4615263/14092570-53_digital-image.png?impolicy=s-offers&imwidth=200&output-format=image/webp,,https://shop.rewe.de/productList?search=2832136,,"je 35-g-Btl , (1 kg = 19.71)",Aktion,"0,69 €","b'ProduktbeschreibungArtikelnummer 4615263- wird mit feiner Butter zum besonderen Genuss f\xc3\xbcr jeden Feinschmecker \n - klassische Saucen-Rezeptur \n - nat\xc3\xbcrlich ohne geschmacksverst\xc3\xa4rkende Zusatzstoffe und Farbstoffe \n - ohne Konservierungsstoffe (lt. Gesetz) \n - schnelle und einfache Zubereitung Mit der Knorr Feinschmecker Sauce Hollandaise klassisch wird das Spargelessen zum unvergesslichen Erlebnis. Der beliebte Klassiker zur Spargelsaison ist ein zart-cremiger Saucengenuss mit feinem Geschmack und passt neben Spargel hervorragend zu Brokkoli und Fisch. Durch die Zugabe von Butter wird die helle Sauce zu einem besonderen Genuss f\xc3\xbcr jeden Feinschmecker. Die So\xc3\x9fe ist vegetarisch und nat\xc3\xbcrlich ohne geschmacksverst\xc3\xa4rkende Zusatzstoffe und ohne Farbstoffe.\n\nZubereitung:\n1) Beutelinhalt mit dem Schneebesen in 125 ml kaltes Wasser einr\xc3\xbchren. Unter R\xc3\xbchren aufkochen.\n2) Bei schwacher Hitze 125 g gew\xc3\xbcrfelte Butter darunter schlagen, bis sie geschmolzen ist.\nMit Sahne verfeinern f\xc3\xbcr einen noch cremigeren Geschmack - Genuss pur!\n\nSaucen f\xc3\xbcr Feinschmecker: Die Knorr Feinschmecker Saucen bieten f\xc3\xbcr jeden Geschmack die passende Variante: Sauce Hollandaise zu Spargel oder Gem\xc3\xbcse, Pfeffersauce zu Steak und Kurzgebratenem oder Dillsauce f\xc3\xbcr Fischgerichte. Im Handumdrehen zubereitet verfeinern die Saucen jedes Gericht und begeistern somit die ganze Familie. Mmmhh, lecker!\n\nSind schon die vielen weiteren Produkte von Knorr bekannt? Dank der Fix-Produkte, Saucen, Fertiggerichte, Suppen, Salatdressings, Br\xc3\xbchen und Bouillons gelingt jedes Gericht garantiert mit wenigen Handgriffen. Schnell und einfach erhalten authentische Mahlzeiten so ihren typischen Geschmack \xe2\x80\x93 egal, ob abwechslungsreiche vegetarische oder vegane K\xc3\xbcche, herzhafte Fleischgerichte oder leckere Gem\xc3\xbcsevariationen. Dabei ist es die Komposition ausgew\xc3\xa4hlter hochwertiger Zutaten, die jedes Knorr Produkt besonders macht. Knorr verarbeitet nur sorgf\xc3\xa4ltig schonend getrocknete Zutaten, denn das Trocknen ist eine der \xc3\xa4ltesten Methoden, um Lebensmittel nat\xc3\xbcrlich haltbar zu machen. Da der Geschmack und die Hauptn\xc3\xa4hrstoffe der frischen Zutaten weitgehend erhalten bleiben, passen Lebensmittel aus getrockneten Zutaten perfekt in unseren stressigen Alltag. Essen mit Knorr ist unkompliziert und sorgt dar\xc3\xbcber hinaus f\xc3\xbcr ein gutes Gef\xc3\xbchl: 95 Prozent unserer Gem\xc3\xbcse und Kr\xc3\xa4uter stammen heute schon aus nachhaltigem Anbau. Denn wir bei Knorr glauben, dass die Verwendung nachhaltig angebauter und beschaffter Zutaten einen gro\xc3\x9fen Unterschied f\xc3\xbcr den Geschmack unserer Produkte, das Wohlbefinden der Landwirte und die Zukunft des Planeten macht. \nKnorr. Gutes, einfach lecker.Zutaten & AllergeneZutaten: St\xc3\xa4rke, Palm\xc3\xb6l, Maltodextrin, 12% EIGELBPULVER, jodiertes Speisesalz, MILCHEIWEISS, Hefeextrakt, Glukosesirup, Zucker, Zitronensaftpulver, MILCHZUCKER, WEIZENMEHL, Kochsalzersatz\xc2\xb2, Speisesalz, Wei\xc3\x9fweinextrakt, nat\xc3\xbcrliches Aroma, Kurkuma. Kann Sellerie, Senf, andere glutenhaltige Getreide, Soja enthalten. \xc2\xb2gewonnen aus nat\xc3\xbcrlichen Kaliummineralien.Allergenhinweise: Enth\xc3\xa4lt: Milchzucker (Laktose). Weizen und Weizenerzeugnisse (glutenhaltiges Getreide).N\xc3\xa4hrwerteDurchschnittliche N\xc3\xa4hrwerteZubereitet pro 100 mlEnergie1.784 kJEnergie427 kcalFett44 gFett, davon ges\xc3\xa4ttigte Fetts\xc3\xa4uren28 gKohlenhydrate7 gKohlenhydrate, davon Zucker1,3 gBallaststoffe< 0,5 gEiwei\xc3\x9f1,6 gSalz0,95 gArtikeldetailsMarke: KnorrEigenschaften: VegetarischUrsprungsland: DeutschlandSorte: KlassischKontaktKontaktname: Unilever DeutschlandKontaktadresse: Postfach 570 550, 22774 HamburgMaximale Bestellmenge: 15 St\xc3\xbcckF\xc3\xbcr die vorstehenden Angaben wird keine Haftung \xc3\xbcbernommen. Bitte pr\xc3\xbcfen Sie im Einzelfall die Angaben auf der jeweiligen Produktverpackung, nur diese sind verbindlich.Das Produktdesign kann von der Abbildung abweichen.'",Im Weiher 14,Rewe,Kochen & Backen,2023-07-09,"Gültig ab morgen bis Samstag, 15.07.2023"
Knorr Feinschmecker 3 Pfeffer Sauce,https://img.rewe-static.de/REWE_CENTER_HZ28_2023/3665399/1159810-80_digital-image.png?impolicy=s-offers&imwidth=200&output-format=image/webp,,https://shop.rewe.de/productList?search=2832136,,"je 40-g-Btl , (1 kg = 17.25)",Aktion,"0,69 €","b'ProduktbeschreibungArtikelnummer 3665399- wunderbar cremig mit feiner Pfeffernote \n - mit gr\xc3\xbcnen, schwarzen und wei\xc3\x9fen Pfefferk\xc3\xb6rnern \n - nat\xc3\xbcrlich ohne geschmacksverst\xc3\xa4rkende Zusatzstoffe und Farbstoffe \n - ohne Konservierungsstoffe (lt. Gesetz) \n - schnelle und einfache Zubereitung Knorr Feinschmecker 3 Pfeffer Sauce ist eine fein abgestimmte Saucenkomposition mit einem angenehm w\xc3\xbcrzigen Geschmack und gr\xc3\xbcnem, schwarzen und rosa Pfeffer. Diese w\xc3\xbcrzige Pfeffersauce passt ideal zu allem Kurzgebratenem und auch perfekt z.B. zu Gerichten mit Pilzen und Blumenkohl. Die Sauce ist nat\xc3\xbcrlich ohne geschmacksverst\xc3\xa4rkende Zusatzstoffe, ohne Farbstoffe und ohne Konservierungsstoffe lt. Gesetz. \n\nKnorr Feinschmecker 3 Pfeffer Sauce:\n1) Beutelinhalt mit dem Schneebesen in 250 ml kaltes Wasser einr\xc3\xbchren. Unter R\xc3\xbchren aufkochen.\n2) Bei schwacher Hitze 1 Minute kochen. Gelegentlich umr\xc3\xbchren.\nMit Sahne verfeinern f\xc3\xbcr einen noch cremigeren Geschmack - Genuss pur!\n\nSaucen f\xc3\xbcr Feinschmecker: Die Knorr Feinschmecker Saucen bieten f\xc3\xbcr jeden Geschmack die passende Variante: Sauce Hollandaise zu Spargel oder Gem\xc3\xbcse, Bratensauce f\xc3\xbcr Bratengerichte, 3 Pfeffer Sauce zu Steak und Kurzgebratenem, Pfefferso\xc3\x9fe oder Dillsauce f\xc3\xbcr Fischgerichte. Im Handumdrehen zubereitet verfeinern die Saucen jedes Gericht und begeistern somit die ganze Familie.\n\nSind schon die vielen weiteren Produkte von Knorr bekannt? Dank der Fix-Produkte, So\xc3\x9fen, Fertiggerichten, Suppen, Salatdressings, Br\xc3\xbchen und Bouillons gelingt jedes Gericht garantiert mit wenigen Handgriffen. Schnell und einfach erhalten so authentische Mahlzeiten ihren typischen Geschmack \xe2\x80\x93 egal, ob abwechslungsreiche vegetarische oder vegane K\xc3\xbcche, herzhafte Fleischgerichte oder leckere Gem\xc3\xbcsevariationen. Dabei ist es die Komposition ausgew\xc3\xa4hlter hochwertiger Zutaten, die jedes Knorr Produkt besonders macht. Knorr verarbeitet nur sorgf\xc3\xa4ltig schonend getrocknete Zutaten, denn das Trocknen ist eine der \xc3\xa4ltesten Methoden, um Lebensmittel nat\xc3\xbcrlich haltbar zu machen. Da der Geschmack und die Hauptn\xc3\xa4hrstoffe der frischen Zutaten weitgehend erhalten bleiben, passen Lebensmittel aus getrockneten Zutaten perfekt in unseren stressigen Alltag. Essen mit Knorr ist unkompliziert und sorgt dar\xc3\xbcber hinaus f\xc3\xbcr ein gutes Gef\xc3\xbchl: 95 Prozent unserer Gem\xc3\xbcse und Kr\xc3\xa4uter stammen heute schon aus nachhaltigem Anbau. Denn wir bei Knorr glauben, dass die Verwendung nachhaltig angebauter und beschaffter Zutaten einen gro\xc3\x9fen Unterschied f\xc3\xbcr den Geschmack unserer Produkte, das Wohlbefinden der Landwirte und die Zukunft des Planeten macht. Knorr. Gutes, nat\xc3\xbcrlich lecker.Zutaten & AllergeneZutaten: Palm\xc3\xb6l, St\xc3\xa4rke, WEIZENMEHL, Maltodextrin, Aromen, Glukosesirup, jodiertes Speisesalz, 3% Pfeffermischung (gr\xc3\xbcner Pfeffer, schwarzer Pfeffer, rosa Pfeffer) Kochsalzersatz3, MILCHEIWEISS, Zucker, Karamellzuckersirup, W\xc3\xbcrze, Hefeextrakt, Speisesalz, Schnittlauch2. Kann Sellerie, Ei, Senf, andere glutenhaltige Getreide, Soja enthalten. 2aus nachhaltigem Anbau. 3gewonnen aus nat\xc3\xbcrlichen Kaliummineralien.Allergenhinweise: Enth\xc3\xa4lt: Weizen und Weizenerzeugnisse (glutenhaltiges Getreide).N\xc3\xa4hrwerteDurchschnittliche N\xc3\xa4hrwerteZubereitet pro 100 mlEnergie325 kJEnergie78 kcalFett4,5 gFett, davon ges\xc3\xa4ttigte Fetts\xc3\xa4uren2,8 gKohlenhydrate8,3 gKohlenhydrate, davon Zucker0,6 gBallaststoffe< 0,5 gEiwei\xc3\x9f0,9 gSalz0,99 gArtikeldetailsMarke: KnorrUrsprungsland: DeutschlandKontaktKontaktname: Unilever DeutschlandKontaktadresse: Postfach 570 550, 22774 HamburgMaximale Bestellmenge: 15 St\xc3\xbcckF\xc3\xbcr die vorstehenden Angaben wird keine Haftung \xc3\xbcbernommen. Bitte pr\xc3\xbcfen Sie im Einzelfall die Angaben auf der jeweiligen Produktverpackung, nur diese sind verbindlich.Das Produktdesign kann von der Abbildung abweichen.'",Im Weiher 14,Rewe,Kochen & Backen,2023-07-09,"Gültig ab morgen bis Samstag, 15.07.2023"
Pfanni Kartoffel Püree,https://img.rewe-static.de/REWE_CENTER_HZ28_2023/0184764/20324257-50_digital-image.png?impolicy=s-offers&imwidth=200&output-format=image/webp,,https://shop.rewe.de/productList?search=2832136,,"das Lockere , je 240-g-Pckg , (1 kg = 4.13)",Aktion,"0,99 €","b'ProduktbeschreibungArtikelnummer 184764- 3 x 3 Portionen Pfanni Kartoffelp\xc3\xbcree der Klassiker besonders locker im praktischen Portionsbeutel. \n - Besonders lockeres P\xc3\xbcree mit Vollmilch und Rama. \n - Schnelle und einfache Zubereitung. \n - Aus 100% deutschen, nachhaltig angebauten, Kartoffeln. \n - Ideal zu Fisch, Fleisch und Gem\xc3\xbcse. Ein P\xc3\xbcree, das auf der Zunge zergeht. So fein sind die Flocken, die f\xc3\xbcr dieses P\xc3\xbcree verwendet werden. Da ist schon die Zubereitung ein wahres Gedicht: Flocken in hei\xc3\x9fes Wasser rieseln lassen, Milch zugeben, umr\xc3\xbchren und ein St\xc3\xbcck Rama auf der cremig-lockeren Decke zerflie\xc3\x9fen lassen. Fast zu sch\xc3\xb6n, um wahr zu sein!\nDie Pfanni Kartoffelp\xc3\xbcrees gelingen immer ausgezeichnet und schmecken wie handgemacht. Dies liegt insbesondere an den deutschen Kartoffeln, die von unseren Vertragsbauern nachhaltig angebaut und schonend zu P\xc3\xbcree verarbeitet werden. Das ist Qualit\xc3\xa4t die man schmeckt!\nDas Kartoffelp\xc3\xbcree \xe2\x80\x9eDAS LOCKERE\xe2\x80\x9c zeichnet sich durch seine zarten Kartoffelflocken aus, die mit Hilfe von 150 ml Vollmilch und etwas Rama zu einem cremigen Kartoffelp\xc3\xbcree verschmelzen. Das lockere P\xc3\xbcree ist bei den Kleinen besonders beliebt, l\xc3\xa4sst aber auch die Gro\xc3\x9fen in Kindheitserinnerungen schwelgen. \nEinfache und schnelle Zubereitung: 1.Aufkochen: 350 ml Wasser mit einem halben Teel\xc3\xb6ffel Salz (2 g) und 10 g Rama aufkochen. 2. Abk\xc3\xbchlen: Topf vom Herd nehmen und 150 ml kalte Vollmilch dazugeben. 3.Anr\xc3\xbchren: Die P\xc3\xbcreeflocken mit einem Kochl\xc3\xb6ffel kurz einr\xc3\xbchren. 4.Anrichten: Das P\xc3\xbcree 1 \xe2\x80\x93 2 Minuten ruhen lassen und vor dem Servieren noch kurz umr\xc3\xbchren. Guten Appetit!\nUnser Beitrag f\xc3\xbcr Nachhaltigkeit: Pfanni Kartoffeln werden von unseren Vertragsbauern nachhaltig angebaut und f\xc3\xbcr den optimalen N\xc3\xa4hrstoffgehalt und Geschmack nur saisongerecht geerntet. 100% deutsche Kartoffeln aus nachhaltiger Landwirtschaft \xe2\x80\x93 f\xc3\xbcr den besonders leckeren Pfanni Geschmack.Zutaten & AllergeneZutaten: 99% Kartoffeln\xc2\xb2, Emulgator Mono- und Diglyceride von Speisefetts\xc3\xa4uren, Stabilisator Diphosphat, Aromen, Antioxidationsmittel NATRIUMMETABISULFIT. Kann Spuren von Milch enthalten. \xc2\xb2aus nachhaltigem AnbauN\xc3\xa4hrwerteDurchschnittliche N\xc3\xa4hrwerteZubereitet pro 100 gEnergie257 kJEnergie61 kcalFett1,2 gFett, davon ges\xc3\xa4ttigte Fetts\xc3\xa4uren0,6 gKohlenhydrate10 gKohlenhydrate, davon Zucker1,7 gBallaststoffe1,4 gEiwei\xc3\x9f2,1 gSalz0,4 gHinweiseAufbewahrungs- und Verwendungshinweis: Nach \xc3\x96ffnung ist der Packungsinhalt im wieder verschlossenen Beutel k\xc3\xbchl und trocken mindestens 3 Wochen haltbar.Information: Unter Schutzatmosph\xc3\xa4re verpackt.ArtikeldetailsMarke: PfanniUrsprungsland: DeutschlandKontaktKontaktname: Unilever DeutschlandKontaktadresse: Postfach 570 307, 22772 HamburgMaximale Bestellmenge: 15 St\xc3\xbcckF\xc3\xbcr die vorstehenden Angaben wird keine Haftung \xc3\xbcbernommen. Bitte pr\xc3\xbcfen Sie im Einzelfall die Angaben auf der jeweiligen Produktverpackung, nur diese sind verbindlich.Das Produktdesign kann von der Abbildung abweichen.'",Im Weiher 14,Rewe,Kochen & Backen,2023-07-09,"Gültig ab morgen bis Samstag, 15.07.2023"
Pfanni Kartoffel Püree,https://img.rewe-static.de/REWE_CENTER_HZ28_2023/8004013/1775000-84_digital-image.png?impolicy=s-offers&imwidth=200&output-format=image/webp,,https://shop.rewe.de/productList?search=2832136,,"das Komplette , je 283,5-g-Pckg , (1 kg = 3.49)",Aktion,"0,99 €","b'ProduktbeschreibungArtikelnummer 8004013- 3 x 3 Portionen Pfanni Kartoffelp\xc3\xbcree mit entrahmter Milch Komplett im praktischen Portionsbeutel. \n - Kartoffelp\xc3\xbcree mit entrahmter Milch einfach mit Wasser mischen \xe2\x80\x93 fertig ist der Genuss! \n - Schnelle und einfache Zubereitung. \n - Aus 100% deutschen, nachhaltig angebauten, Kartoffeln. \n - Ideal zu Fisch, Fleisch und Gem\xc3\xbcse. Das Kartoffel P\xc3\xbcree Das Komplette mit entrahmter Milch zeichnet sich durch seine schnelle Zubereitung aus. Einfach T\xc3\xbcte aufrei\xc3\x9fen und die feinen Kartoffelflocken in hei\xc3\x9fes Wasser einr\xc3\xbchren. Die Milch ist da schon drin \xe2\x80\x93 und der gute Geschmack sowieso. Das Kartoffelp\xc3\xbcree mit entrahmter Milch ist bei den Kleinen besonders beliebt, l\xc3\xa4sst aber auch die Gro\xc3\x9fen in Kindheitserinnerungen schwelgen. Denn wer mag den allseits beliebten Kartoffelbrei nicht? Es ist ein zeitloses Kartoffelgericht, das einfach jedem schmeckt \xe2\x80\x93 egal wann.                                                     \n\nDie Pfanni Kartoffelp\xc3\xbcrees gelingen immer ausgezeichnet und schmecken wie handgemacht. Dies liegt insbesondere daran, dass jede einzelne Kartoffel f\xc3\xbcr dieses Kartoffelp\xc3\xbcree aus Deutschland kommt und nachhaltig angebaut ist. Das ist Qualit\xc3\xa4t, die man schmeckt!  \n                                                                                                                                                                                                                                                                                                             \nBesonders genial ist die einfache und schnelle Zubereitung, mit der man in Windeseile ein leckeres Kartoffelp\xc3\xbcree zaubern kann: 1. Aufkochen: 400 ml Wasser aufkochen. 2. Abk\xc3\xbchlen: Den Topf vom Herd nehmen und 100 ml kaltes Wasser einr\xc3\xbchren. 3. Anr\xc3\xbchren: Die P\xc3\xbcreeflocken mit einem Kochl\xc3\xb6ffel einr\xc3\xbchren. 4. Anrichten: Nach 1 - 2 Minuten noch mal durchr\xc3\xbchren und servieren. Guten Appetit!\n                                                                                                                                                                                                                                                                                                  Unser Beitrag f\xc3\xbcr Nachhaltigkeit: Pfanni Kartoffeln werden von unseren Vertragsbauern nachhaltig angebaut und f\xc3\xbcr den optimalen N\xc3\xa4hrstoffgehalt und Geschmack nur saisongerecht geerntet. 100% deutsche Kartoffeln aus nachhaltiger Landwirtschaft \xe2\x80\x93 f\xc3\xbcr den besonders leckeren Pfanni Geschmack.Zutaten & AllergeneZutaten: 85% Kartoffeln\xc2\xb2, Palm\xc3\xb6l, 4,3% MAGERMILCHPULVER, Speisesalz, Glukosesirup, Emulgator Mono- und Diglyceride von Speisefetts\xc3\xa4uren, MILCHEIWEISS, Aromen. \xc2\xb2aus nachhaltigem AnbauN\xc3\xa4hrwerteDurchschnittliche N\xc3\xa4hrwerteZubereitet pro 100 gEnergie238 kJEnergie57 kcalFett1 gFett, davon ges\xc3\xa4ttigte Fetts\xc3\xa4uren0,6 gKohlenhydrate11 gKohlenhydrate, davon Zucker0,8 gBallaststoffe1,4 gEiwei\xc3\x9f1,5 gSalz0,53 gHinweiseAufbewahrungs- und Verwendungshinweis: Nach \xc3\x96ffnung ist der Packungsinhalt im wieder verschlossenen Beutel k\xc3\xbchl und trocken mindestens 3 Wochen haltbar.Information: Unter Schutzatmosph\xc3\xa4re verpackt.ArtikeldetailsMarke: PfanniEigenschaften: VegetarischUrsprungsland: DeutschlandKontaktKontaktname: Unilever DeutschlandKontaktadresse: Postfach 570 307, 22772 HamburgMaximale Bestellmenge: 15 St\xc3\xbcckF\xc3\xbcr die vorstehenden Angaben wird keine Haftung \xc3\xbcbernommen. Bitte pr\xc3\xbcfen Sie im Einzelfall die Angaben auf der jeweiligen Produktverpackung, nur diese sind verbindlich.Das Produktdesign kann von der Abbildung abweichen.'",Im Weiher 14,Rewe,Kochen & Backen,2023-07-09,"Gültig ab morgen bis Samstag, 15.07.2023"
Knorr Tomaten Ketchup,https://img.rewe-static.de/REWE_CENTER_HZ28_2023/2360602/23631618-17_digital-image.png?impolicy=s-offers&imwidth=200&output-format=image/webp,,https://shop.rewe.de/productList?search=2832136,,"je 430-ml-Fl , (1 l = 3.47)",Aktion,"1,49 €","b'ProduktbeschreibungArtikelnummer 2360602\xe2\x80\xa2 Knorr Tomaten Ketchup mit 100% nat\xc3\xbcrlichen Zutaten \n\xe2\x80\xa2 Ketchup aus nachhaltig angebauten Tomaten \n\xe2\x80\xa2 Ketchup ohne Konservierungsstoffe und ohne Geschmacksverst\xc3\xa4rker \n\xe2\x80\xa2 Das Knorr Tomaten Ketchup ist f\xc3\xbcr Veganer geeignet \n\xe2\x80\xa2 Tomaten-Ketchup ohne Farbstoffe (lt. Gesetz) \n\xe2\x80\xa2 Grillsauce in der praktischen 430 ml Squeeze-Flasche von Knorr f\xc3\xbcr besonders einfaches Dosieren Der Knorr Tomaten Ketchup mit 100% nat\xc3\xbcrlichen Zutaten erh\xc3\xa4lt seinen besonderen fruchtigen Geschmack von sonnengereiften Tomaten und schmeckt als Grillsauce einfach lecker zu Fleisch, W\xc3\xbcrstchen, Pommes Frites, Hotdogs, Reis-, Nudel- sowie Eiergerichten und ist auch f\xc3\xbcr die vegane oder vegetarische Ern\xc3\xa4hrung geeignet. In der praktischen Squeezer-Flasche l\xc3\xa4sst sich der Tomatenketchup auch besonders einfach dosieren und ist besonders lecker. \n\nDank unserer Fix-Produkte, Br\xc3\xbchen, So\xc3\x9fen, Fertiggerichten, Suppen und Salatdressings gelingt jedes Gericht garantiert mit wenigen Handgriffen. Schnell und einfach erhalten so authentische Mahlzeiten ihren typischen Geschmack \xe2\x80\x93 egal, ob abwechslungsreiche vegetarische oder vegane K\xc3\xbcche, herzhafte Fleischgerichte oder leckere Gem\xc3\xbcsevariationen. Dabei ist es die Komposition ausgew\xc3\xa4hlter hochwertiger Zutaten, die jedes Knorr Produkt besonders macht. \n\nKnorr verarbeitet nur sorgf\xc3\xa4ltig schonend getrocknete Zutaten, denn das Trocknen ist eine der \xc3\xa4ltesten Methoden, um Lebensmittel nat\xc3\xbcrlich haltbar zu machen. Da der Geschmack und die N\xc3\xa4hrstoffe der frischen Zutaten weitgehend erhalten bleiben, passen Lebensmittel aus getrockneten Zutaten perfekt in unseren stressigen Alltag. Essen mit Knorr ist unkompliziert und sorgt dar\xc3\xbcber hinaus f\xc3\xbcr ein gutes Gef\xc3\xbchl: \xc3\x9cber 90 Prozent der Zutaten kommen heute schon aus nachhaltigem Anbau. Denn wir bei Knorr glauben, dass die Verwendung nachhaltig angebauter und beschaffter Zutaten einen gro\xc3\x9fen Unterschied f\xc3\xbcr den Geschmack unserer Produkte, das Wohlbefinden der Landwirte und die Zukunft des Planeten macht. Knorr \xe2\x80\x93 Geschmack mit gutem Gef\xc3\xbchl.Zutaten & AllergeneZutaten: 72% Tomatenmark1, Zucker, Branntweinessig, Speisesalz, nat\xc3\xbcrliche Aromen. 1 aus nachhaltig angebauten TomatenN\xc3\xa4hrwerteDurchschnittliche N\xc3\xa4hrwerteUnzubereitet pro 100 mlEnergie399 kJEnergie94 kcalFett0,5 gFett, davon ges\xc3\xa4ttigte Fetts\xc3\xa4uren< 0,1 gKohlenhydrate21 gKohlenhydrate, davon Zucker20 gBallaststoffe0,7 gEiwei\xc3\x9f1,4 gSalz1,9 gHinweiseAufbewahrungs- und Verwendungshinweis: Nach dem \xc3\x96ffnen im K\xc3\xbchlschrank aufbewahren.ArtikeldetailsMarke: KnorrUrsprungsland: PolenSorte: Tomaten-KetchupKontaktKontaktname: Unilever DeutschlandKontaktadresse: Postfach 570 550, 22774 HamburgMaximale Bestellmenge: 15 St\xc3\xbcckF\xc3\xbcr die vorstehenden Angaben wird keine Haftung \xc3\xbcbernommen. Bitte pr\xc3\xbcfen Sie im Einzelfall die Angaben auf der jeweiligen Produktverpackung, nur diese sind verbindlich.Das Produktdesign kann von der Abbildung abweichen.'",Im Weiher 14,Rewe,Kochen & Backen,2023-07-09,"Gültig ab morgen bis Samstag, 15.07.2023"
Ben’s Original Süß-Sauer Sauce,https://img.rewe-static.de/REWE_CENTER_HZ28_2023/2675781/2505550-79_digital-image.png?impolicy=s-offers&imwidth=200&output-format=image/webp,,https://shop.rewe.de/productList?search=2832136,,"versch. Sorten , je 400-g-Glas , (1 kg = 3.73)",Aktion,"1,49 €","b""ProduktbeschreibungArtikelnummer 2675781BEN'S ORIGINAL\xe2\x84\xa2 S\xc3\xbc\xc3\x9f-Sauer: Eine Sauce, die nur sorgf\xc3\xa4ltig ausgew\xc3\xa4hlte Zutaten und keine k\xc3\xbcnstlichen Farb-, Konservierungs- und Aromastoffe enth\xc3\xa4lt.Zutaten & AllergeneZutaten: Wasser, Tomaten (13%), Zucker, Zwiebeln (10%), Ananas (9.3%), Karotten (8.2%), Branntweinessig, Modifizierte Maisst\xc3\xa4rke, Gr\xc3\xbcner Paprika (2.6%), Roter Paprika (2.6%), Salz, Farbstoff (Paprikaextrakt), Gew\xc3\xbcrze.Allergenhinweise: Enth\xc3\xa4lt: Keine deklarationspflichtigen Allergene enthalten.N\xc3\xa4hrwerteDurchschnittliche N\xc3\xa4hrwerteUnzubereitet pro 100 gEnergie310 kJEnergie73 kcalFett< 0,5 gFett, davon ges\xc3\xa4ttigte Fetts\xc3\xa4uren< 0,1 gKohlenhydrate17 gKohlenhydrate, davon Zucker13 gBallaststoffe0,8 gEiwei\xc3\x9f< 0,5 gSalz0,42 gHinweiseAufbewahrungs- und Verwendungshinweis: Nach dem \xc3\x96ffnen im K\xc3\xbchlschrank 3 Tage haltbar.ArtikeldetailsMarke: Ben's OriginalUrsprungsland: NiederlandeSorte: Extra AnanasKontaktKontaktname: Mars GmbHKontaktadresse: Postfach 1280, 27281 Verden (Aller)Maximale Bestellmenge: 15 St\xc3\xbcckF\xc3\xbcr die vorstehenden Angaben wird keine Haftung \xc3\xbcbernommen. Bitte pr\xc3\xbcfen Sie im Einzelfall die Angaben auf der jeweiligen Produktverpackung, nur diese sind verbindlich.Das Produktdesign kann von der Abbildung abweichen.""",Im Weiher 14,Rewe,Kochen & Backen,2023-07-09,"Gültig ab morgen bis Samstag, 15.07.2023"
REWE Beste Wahl Balsamico Creme,https://img.rewe-static.de/REWE_CENTER_HZ28_2023/0888363/23928271-32_digital-image.png?impolicy=s-offers&imwidth=200&output-format=image/webp,,https://shop.rewe.de/productList?search=2832136,,"je 250-ml-Fl , (1 l = 7.16)",Aktion,"1,79 €","b'ProduktbeschreibungArtikelnummer 888363Ihr au\xc3\x9fergew\xc3\xb6hnlicher Geschmack ist ideal zur Verfeinerung von Salaten, Gem\xc3\xbcse und Fleisch geeinigt.\n\nHergestellt f\xc3\xbcr: REWE Markt GmbH, D-50603 K\xc3\xb6ln. Zutaten & AllergeneZutaten: Traubenmostkonzentrat, Aceto Balsamico di Modena IGP 39% (Traubenmostkonzentrat, Weinessig, Farbstoff Ammonsulfit-Zuckerkul\xc3\xb6r, Antioxidationsmittel KALIUMMETABISULFIT), Weinessig, Verdickungsmittel (Guarkernmehl, Xanthan). Zusatzstoffe: E 150d, E 224, E 412, E 415Allergenhinweise: Schwefeldioxid und Sulfite in einer Konzentration von mehr als 10 mg/kg oder 10 mg/l, als SO2 angegebenN\xc3\xa4hrwerteDurchschnittliche N\xc3\xa4hrwertepro 100 mlEnergie938 kJEnergie220 kcalFett0 gFett, davon ges\xc3\xa4ttigte Fetts\xc3\xa4uren0 gKohlenhydrate52,5 gKohlenhydrate, davon Zucker43,5 gEiwei\xc3\x9f0,5 gSalz1,14 gHinweiseAufbewahrungshinweise: Nach dem \xc3\x96ffnen im K\xc3\xbchlschrank aufbewahren.Verwendungshinweise: Trocken lagern. Vor W\xc3\xa4rme sch\xc3\xbctzen.ArtikeldetailsMarke: REWE Beste WahlUrsprungsland: ItalienKontaktKontaktname: Drogheria e Alimentari Deutschland GmbHKontaktadresse: H\xc3\xbcttenstrasse 87, 87600 Kaufbeuren, DeutschlandMaximale Bestellmenge: 15 St\xc3\xbcckF\xc3\xbcr die vorstehenden Angaben wird keine Haftung \xc3\xbcbernommen. Bitte pr\xc3\xbcfen Sie im Einzelfall die Angaben auf der jeweiligen Produktverpackung, nur diese sind verbindlich.Das Produktdesign kann von der Abbildung abweichen.'",Im Weiher 14,Rewe,Kochen & Backen,2023-07-09,"Gültig ab morgen bis Samstag, 15.07.2023"
Knorr Schlemmersauce,https://img.rewe-static.de/REWE_CENTER_HZ28_2023/4584171/9206200-73_digital-image.png?impolicy=s-offers&imwidth=200&output-format=image/webp,,https://shop.rewe.de/productList?search=2832136,,"versch. Sorten , je 250-ml-Fl , (1 l = 3.96)",Aktion,"0,99 €","b'ProduktbeschreibungArtikelnummer 4584171- feine Knoblauchsauce \n - mit Zwiebelst\xc3\xbcckchen und Joghurt verfeinert \n - ideale Erg\xc3\xa4nzung zu Scampi, Salaten und verschiedenen Grillgerichten \n - ohne k\xc3\xbcnstliche Farbstoffe \n - ohne Geschmacksverst\xc3\xa4rker und Konservierungsstoffe \n \n Die herrlich cremige Knorr Knoblauch Sauce ist mit Zwiebelst\xc3\xbcckchen und Joghurt verfeinert und geh\xc3\xb6rt f\xc3\xbcr Liebhaber der herzhaften Knolle zu einem geselligen Grillabend dazu. Diese Sauce ist die ideale Erg\xc3\xa4nzung zu Scampi, Salaten, Folienkartoffeln, Maiskolben und verschiedenen Grillgerichten. Die Knorr Grillsauce in der Glasflasche passt au\xc3\x9ferdem als Dip hervorragend zu Fondue oder Raclette. Zubereitung: Vor Gebrauch sch\xc3\xbctteln. Knorr Grillsaucen sind Deutschlands beliebteste Grillsaucen (auf Basis verkaufter Saucen): Ganz gleich, ob zu saftigen Steaks, W\xc3\xbcrstchen, Fisch oder Gem\xc3\xbcse \xe2\x80\x93 mit den unterschiedlichsten Varianten von Knoblauch bis Curry hat Knorr die passende Grillsauce immer servierfertig und griffbereit. Die abwechslungsreichen Grillsaucen in der charakteristischen Knorr-Glasflasche schmecken der ganzen Familie. Auch die Knorr Grillsaucen im praktischen Squeezer bieten au\xc3\x9fergew\xc3\xb6hnliche Geschmacksrichtungen und sind ein besonderer Genuss bei jeder Grillparty. In der praktischen und leichten Kopfsteherflasche aus Kunststoff sind die Grillsaucen besonders gut und sauber zu dosieren und somit ideal f\xc3\xbcr unterwegs und sofort einsetzbar. So einfach bringt man Abwechslung auf\xe2\x80\x98s Grillgut! Kennen Sie schon die vielen weiteren Produkte von Knorr? Dank unserer Fix-Produkte, Br\xc3\xbchen, Saucen, Fertiggerichten, Suppen und Salatdressings gelingt jedes Gericht garantiert mit wenigen Handgriffen. Schnell und einfach erhalten so authentische Mahlzeiten ihren typischen Geschmack \xe2\x80\x93 egal, ob abwechslungsreiche vegetarische oder vegane K\xc3\xbcche, herzhafte Fleischgerichte oder leckere Gem\xc3\xbcsevariationen. Dabei ist es die Komposition ausgew\xc3\xa4hlter hochwertiger Zutaten, die jedes Knorr Produkt besonders macht. Knorr verarbeitet nur sorgf\xc3\xa4ltig schonend getrocknete Zutaten, denn das Trocknen ist eine der \xc3\xa4ltesten Methoden, um Lebensmittel nat\xc3\xbcrlich haltbar zu machen. Da der Geschmack und die N\xc3\xa4hrstoffe der frischen Zutaten weitgehend erhalten bleiben, passen Lebensmittel aus getrockneten Zutaten perfekt in unseren stressigen Alltag. Essen mit Knorr ist unkompliziert und sorgt dar\xc3\xbcber hinaus f\xc3\xbcr ein gutes Gef\xc3\xbchl: \xc3\x9cber 90 Prozent der Zutaten kommen heute schon aus nachhaltigem Anbau. Denn wir bei Knorr glauben, dass die Verwendung nachhaltig angebauter und beschaffter Zutaten einen gro\xc3\x9fen Unterschied f\xc3\xbcr den Geschmack unserer Produkte, das WohlbeFinden der Landwirte und die Zukunft des Planeten macht. Knorr \xe2\x80\x93 Geschmack mit gutem Gef\xc3\xbchl.... mehr anzeigenDie cremige Knorr Knoblauch Sauce mit mildem Geschmack schmeckt ausgezeichnet zu Scampi, Salaten und verschiedenen Grillgerichten. Eine herrlich cremige Knoblauch Sauce von Knorr, verfeinert mit Zwiebelst\xc3\xbcckchen und Joghurt. Mit dieser leckeren W\xc3\xbcrzsauce kann die Grillparty beginnen. Der Knorr Grillsaucen-Klassiker in der Glasflasche ist ein unverzichtbarer Begleiter in der Grillsaison. \n\nKnorr Saucen inspirieren sowohl Kochk\xc3\xbcnstler als auch alle, die gerne Neues entdecken und in die Welt der exotischen Gen\xc3\xbcsse eintauchen m\xc3\xb6chten. Das Sortiment an Knorr Grillsaucen bietet etwas f\xc3\xbcr jeden Geschmack und jede Gelegenheit. Etwa eine Grillparty mit Familie und Freuden \xe2\x80\x93 doch ohne Grillsaucen keine richtige Grillparty. \n\nDie Knorr Saucen sind ideal f\xc3\xbcr allerlei gebratene oder gegrillte Fleischsorten, verschiedene Fische oder diverse Meeresfr\xc3\xbcchte. Die Devise lautet: selbst ausprobieren und jedes Gericht zu einem kulinarischen Fest mit guter Stimmung verwandeln. Millionen zufriedener Verbraucher vertrauen bereits auf Knorr und greifen immer \xc3\xb6fter nach dem Produkt. Die handliche Flasche der Grillsauce ist leicht dosierbar und daher perfekt f\xc3\xbcr unterwegs. Dank gesunder Zutaten und einer hohen Qualit\xc3\xa4t werden Knorr Saucen zunehmend auch f\xc3\xbcr die abwechslungsreiche vegetarische und vegane K\xc3\xbcche empfohlen. \n\nAufbewahrungs- und Verwendungshinweise: Vor Gebrauch sch\xc3\xbctteln. Nach dem \xc3\x96ffnen im K\xc3\xbchlschrank aufbewahren. \n\nSind schon die vielen weiteren Produkte von Knorr bekannt? Dank der Fix-Produkte, So\xc3\x9fen, Fertiggerichte, Suppen, Salatdressings, Br\xc3\xbchen und Bouillons gelingt jedes Gericht garantiert mit wenigen Handgriffen. Schnell und einfach erhalten authentische Mahlzeiten so ihren typischen Geschmack \xe2\x80\x93 egal, ob abwechslungsreiche vegetarische oder vegane K\xc3\xbcche, herzhafte Fleischgerichte oder leckere Gem\xc3\xbcsevariationen. Dabei ist es die Komposition ausgew\xc3\xa4hlter hochwertiger Zutaten, die jedes Knorr Produkt besonders macht. Knorr verarbeitet nur sorgf\xc3\xa4ltig schonend getrocknete Zutaten, denn das Trocknen ist eine der \xc3\xa4ltesten Methoden, um Lebensmittel nat\xc3\xbcrlich haltbar zu machen. Da der Geschmack und die Hauptn\xc3\xa4hrstoffe der frischen Zutaten weitgehend erhalten bleiben, passen Lebensmittel aus getrockneten Zutaten perfekt in unseren stressigen Alltag. Essen mit Knorr ist unkompliziert und sorgt dar\xc3\xbcber hinaus f\xc3\xbcr ein gutes Gef\xc3\xbchl: 95 Prozent unserer Gem\xc3\xbcse und Kr\xc3\xa4uter stammen heute schon aus nachhaltigem Anbau. Denn wir bei Knorr glauben, dass die Verwendung nachhaltig angebauter und beschaffter Zutaten einen gro\xc3\x9fen Unterschied f\xc3\xbcr den Geschmack unserer Produkte, das Wohlbefinden der Landwirte und die Zukunft des Planeten macht. Knorr. Gutes, nat\xc3\xbcrlich lecker!Zutaten & AllergeneZutaten: Trinkwasser, Raps\xc3\xb6l, MAGERMILCHJOGHURT, Zucker, modifizierte St\xc3\xa4rke, Branntweinessig, Zwiebeln, SELLERIE, EIGELB, Speisesalz, 1,2 % Knoblauch, Gew\xc3\xbcrze (mit SENFSAAT), Zitronensaftkonzentrat, Aromen, Petersilie.N\xc3\xa4hrwerteDurchschnittliche N\xc3\xa4hrwerteUnzubereitet pro 100 mlEnergie1.044 kJEnergie249 kcalFett21 gFett, davon ges\xc3\xa4ttigte Fetts\xc3\xa4uren1,9 gKohlenhydrate12 gKohlenhydrate, davon Zucker9,1 gBallaststoffe< 0,5 gEiwei\xc3\x9f1 gSalz1,6 gHinweiseAufbewahrungs- und Verwendungshinweis: Nach dem \xc3\x96ffnen im K\xc3\xbchlschrank aufbewahren.ArtikeldetailsMarke: KnorrUrsprungsland: DeutschlandKontaktKontaktname: Unilever DeutschlandKontaktadresse: Postfach 570 550, 22774 HamburgMaximale Bestellmenge: 15 St\xc3\xbcckF\xc3\xbcr die vorstehenden Angaben wird keine Haftung \xc3\xbcbernommen. Bitte pr\xc3\xbcfen Sie im Einzelfall die Angaben auf der jeweiligen Produktverpackung, nur diese sind verbindlich.Das Produktdesign kann von der Abbildung abweichen.'",Im Weiher 14,Rewe,Kochen & Backen,2023-07-09,"Gültig ab morgen bis Samstag, 15.07.2023"
REWE Beste Wahl Bolognese Pasta Sauce,https://img.rewe-static.de/REWE_CENTER_HZ28_2023/7123786/27851232-24_digital-image.png?impolicy=s-offers&imwidth=200&output-format=image/webp,,https://shop.rewe.de/productList?search=2832136,,"je 380-ml-Glas , (1 l = 4.18)",Aktion,"1,59 €","b'ProduktbeschreibungArtikelnummer 7123786Zutaten & AllergeneZutaten: Passierte Tomaten 61%, Rindfleisch 28%, Gem\xc3\xbcse 6% (Karotten, Zwiebeln, Knoblauch), Zucker, Salz, S\xc3\xa4uerungsmittel Milchs\xc3\xa4ure, Sonnenblumen\xc3\xb6l, Kr\xc3\xa4uter, Gew\xc3\xbcrze.    Zusatzstoffe: E 270N\xc3\xa4hrwerteDurchschnittliche N\xc3\xa4hrwertepro 100 mlEnergie392 kJEnergie94 kcalFett4,6 gFett, davon ges\xc3\xa4ttigte Fetts\xc3\xa4uren2,3 gKohlenhydrate6,1 gKohlenhydrate, davon Zucker5 gEiwei\xc3\x9f5,9 gSalz1,4 gHinweiseAufbewahrungshinweise: Nach dem \xc3\x96ffnen im K\xc3\xbchlschrank aufbewahren und innerhalb von 3-4 Tagen verbrauchen.Verwendungshinweise: Trocken lagern. Vor W\xc3\xa4rme sch\xc3\xbctzen.ArtikeldetailsMarke: REWE Beste WahlUrsprungsland: ItalienKontaktKontaktname: LA DORIA S.P.A.Kontaktadresse: Via Nazionale, 320, Angri, 84012, ItalienMaximale Bestellmenge: 15 St\xc3\xbcckF\xc3\xbcr die vorstehenden Angaben wird keine Haftung \xc3\xbcbernommen. Bitte pr\xc3\xbcfen Sie im Einzelfall die Angaben auf der jeweiligen Produktverpackung, nur diese sind verbindlich.Das Produktdesign kann von der Abbildung abweichen.'",Im Weiher 14,Rewe,Kochen & Backen,2023-07-09,"Gültig ab morgen bis Samstag, 15.07.2023"
Fabbri Amarenakirschen,https://img.rewe-static.de/REWE_CENTER_HZ28_2023/3797015/1603730-43_digital-image.png?impolicy=s-offers&imwidth=200&output-format=image/webp,,https://shop.rewe.de/productList?search=2832136,,"Frucht in Sirup , je 230-g-Glas , (1 kg = 39.90) , 100-g-Abtropfgew.",Aktion,"3,99 €","b'ProduktbeschreibungArtikelnummer 3797015Zutaten & AllergeneZutaten: Zucker, Sauerkirschen (43%), Glukose Sirup, Wasser, Sauerkirschen saft (4%), S\xc3\xa4uerungsmittel Zitronens\xc3\xa4ure, Aromen, Farbstoff Anthocyane aus Pflanzenextrakt.N\xc3\xa4hrwerteDurchschnittliche N\xc3\xa4hrwerteUnzubereitet pro 100 gEnergie1.160 kJEnergie273 kcalFett0 gFett, davon ges\xc3\xa4ttigte Fetts\xc3\xa4uren0 gKohlenhydrate67 gKohlenhydrate, davon Zucker61 gEiwei\xc3\x9f0 gSalz0,03 gArtikeldetailsMarke: FabbriNettof\xc3\xbcllmenge: 230 GUrsprungsland: ItalienAbtropfgewicht: 100 gKontaktKontaktname: G. Fabbri Deutschland GmbHKontaktadresse: Witneystr. 1 - 82008 UnterhachingMaximale Bestellmenge: 15 St\xc3\xbcckF\xc3\xbcr die vorstehenden Angaben wird keine Haftung \xc3\xbcbernommen. Bitte pr\xc3\xbcfen Sie im Einzelfall die Angaben auf der jeweiligen Produktverpackung, nur diese sind verbindlich.Das Produktdesign kann von der Abbildung abweichen.'",Im Weiher 14,Rewe,Kochen & Backen,2023-07-09,"Gültig ab morgen bis Samstag, 15.07.2023"
Saupiquet Thunfisch,https://img.rewe-static.de/REWE_CENTER_HZ28_2023/2071371/2519210-44_digital-image.png?impolicy=s-offers&imwidth=200&output-format=image/webp,,https://shop.rewe.de/productList?search=2832136,,"Naturale ohne Öl oder in Sonnenblumenöl , je 185-g-Dose , (1 kg = 17.79) , 140-g-Abtropfgew.",Aktion,"2,49 €","b'ProduktbeschreibungArtikelnummer 2071371Zutaten & AllergeneZutaten: THUNFISCH (Skipjack, Katsuwonus pelamis), Wasser, Salz.Allergenhinweise: Enth\xc3\xa4lt: Fisch und Fischerzeugnisse.N\xc3\xa4hrwerteDurchschnittliche N\xc3\xa4hrwerteUnzubereitet pro 100 gEnergie410 kJEnergie97 kcalFett0,5 gFett, davon ges\xc3\xa4ttigte Fetts\xc3\xa4uren0,2 gKohlenhydrate0 gKohlenhydrate, davon Zucker0 gBallaststoffe0 gEiwei\xc3\x9f23 gSalz1,3 gHinweiseAufbewahrungs- und Verwendungshinweis: Mindestens haltbar bis: siehe VerpackungsaufdruckArtikeldetailsMarke: SaupiquetNettof\xc3\xbcllmenge: 185 GUrsprungsland: EcuadorAbtropfgewicht: 140 gSorte: Naturale ohne \xc3\x96lKontaktKontaktname: Saupiquet D GmbHKontaktadresse: Postfach 9307, 47750 KrefeldMaximale Bestellmenge: 15 St\xc3\xbcckF\xc3\xbcr die vorstehenden Angaben wird keine Haftung \xc3\xbcbernommen. Bitte pr\xc3\xbcfen Sie im Einzelfall die Angaben auf der jeweiligen Produktverpackung, nur diese sind verbindlich.Das Produktdesign kann von der Abbildung abweichen.'",Im Weiher 14,Rewe,Kochen & Backen,2023-07-09,"Gültig ab morgen bis Samstag, 15.07.2023"
Oryza Reisspezialität,https://img.rewe-static.de/REWE_CENTER_HZ28_2023/2600315/1231150-46_digital-image.png?impolicy=s-offers&imwidth=200&output-format=image/webp,,https://shop.rewe.de/productList?search=2832136,,"Himalaya Basmati , je 500-g-Btl , (1 kg = 3.58)",Aktion,"1,79 €","b'ProduktbeschreibungArtikelnummer 2600315Zutaten & AllergeneZutaten: Basmati ReisAllergenhinweise: Enth\xc3\xa4lt: Keine deklarationspflichtigen Allergene enthalten.N\xc3\xa4hrwerteDurchschnittliche N\xc3\xa4hrwerteUnzubereitet pro 100 gEnergie1.469 kJEnergie351 kcalFett1 gFett, davon ges\xc3\xa4ttigte Fetts\xc3\xa4uren0,3 gKohlenhydrate75 gKohlenhydrate, davon Zucker0,5 gBallaststoffe3,6 gEiwei\xc3\x9f8,8 gSalz0,01 gHinweiseAufbewahrungs- und Verwendungshinweis: Produkt vor W\xc3\xa4rme sch\xc3\xbctzen und trocken lagern.ArtikeldetailsMarke: OryzaUrsprungsland: BelgienKontaktKontaktname: Euryza GmbHKontaktadresse: Paul-Dessau-Str. 5, 22761 HamburgMaximale Bestellmenge: 15 St\xc3\xbcckF\xc3\xbcr die vorstehenden Angaben wird keine Haftung \xc3\xbcbernommen. Bitte pr\xc3\xbcfen Sie im Einzelfall die Angaben auf der jeweiligen Produktverpackung, nur diese sind verbindlich.Das Produktdesign kann von der Abbildung abweichen.'",Im Weiher 14,Rewe,Kochen & Backen,2023-07-09,"Gültig ab morgen bis Samstag, 15.07.2023"
Schogetten,https://img.rewe-static.de/REWE_CENTER_HZ28_2023/4287649/20865137-48_digital-image.png?impolicy=s-offers&imwidth=200&output-format=image/webp,,https://shop.rewe.de/productList?search=2832136,,"versch. Sorten , je 100-g-Tafel , (1 kg = 6.90)",Knaller,"0,69 €","b'ProduktbeschreibungArtikelnummer 4287649Zutaten & AllergeneZutaten: Zucker, Kakaobutter, SAHNEPULVER, Kakaomasse, VOLLMILCHPULVER, BUTTERREINFETT, Emulgator (SOJALECITHINE), Vanilleextrakt.Kann Spuren von Erdn\xc3\xbcssen, Schalenfr\xc3\xbcchten, Gluten und Ei enthalten.Allergenhinweise: Enth\xc3\xa4lt: Milch und Milcherzeugnisse (einschlie\xc3\x9flich Lactose). Soja und Sojaerzeugnisse. Kann enthalten: Erdn\xc3\xbcsse und Erdnusserzeugnisse. N\xc3\xbcsse und Nusserzeugnisse. Glutenhaltiges Getreide und glutenhaltige Getreideerzeugnisse. Eier und Eierzeugnisse.N\xc3\xa4hrwerteDurchschnittliche N\xc3\xa4hrwerteUnzubereitet pro 100 gEnergie2.332 kJEnergie559 kcalFett35 gFett, davon ges\xc3\xa4ttigte Fetts\xc3\xa4uren21 gKohlenhydrate55 gKohlenhydrate, davon Zucker54 gEiwei\xc3\x9f5,2 gSalz0,15 gHinweiseAufbewahrungs- und Verwendungshinweis: Bitte vor W\xc3\xa4rme und Feuchtigkeit sch\xc3\xbctzen.Information: Alpenvollmilchschokolade: Kakao: 30% mindestens.ArtikeldetailsMarke: SchogettenUrsprungsland: DeutschlandSorte: VollmilchKontaktKontaktname: Luwdig Schokolade GmbH & Co. KGKontaktadresse: Postfach 2015, 66720 Saarlouis, DeutschlandF\xc3\xbcr die vorstehenden Angaben wird keine Haftung \xc3\xbcbernommen. Bitte pr\xc3\xbcfen Sie im Einzelfall die Angaben auf der jeweiligen Produktverpackung, nur diese sind verbindlich.Das Produktdesign kann von der Abbildung abweichen.'",Im Weiher 14,Rewe,Süßes & Salziges,2023-07-09,"Gültig ab morgen bis Samstag, 15.07.2023"
Mayka Schwarzwälder Sticks oder Brezel,https://img.rewe-static.de/REWE_CENTER_HZ28_2023/2604299/1862690-20_digital-image.png?impolicy=s-offers&imwidth=200&output-format=image/webp,,https://shop.rewe.de/productList?search=2832136,,"je 200-g-Btl , (1 kg = 4.95)",Aktion,"0,99 €","b'ProduktbeschreibungArtikelnummer 2604299schwarzwaldecht. knuspergut.Zutaten & AllergeneZutaten: WEIZENmehl, Palmfett, Meersalz, GERSTEnmalzmehl, SOJAmehl, S\xc3\xa4ureregulator: Natriumhydroxid. Kann Spuren von Sesam enthalten.Allergenhinweise: Enth\xc3\xa4lt: Weizen und Weizenerzeugnisse (glutenhaltiges Getreide). Gerste und Gerstenerzeugnisse (glutenhaltiges Getreide). Soja und Sojaerzeugnisse. Kann enthalten: Sesamsamen und Sesamsamenerzeugnisse.N\xc3\xa4hrwerteDurchschnittliche N\xc3\xa4hrwerteUnzubereitet pro 100 gEnergie1.536 kJEnergie363 kcalFett4,2 gFett, davon ges\xc3\xa4ttigte Fetts\xc3\xa4uren1,9 gKohlenhydrate69 gKohlenhydrate, davon Zucker3,5 gBallaststoffe3,8 gEiwei\xc3\x9f12 gSalz5 gHinweiseAufbewahrungs- und Verwendungshinweis: Trocken lagernArtikeldetailsMarke: MaykaUrsprungsland: DeutschlandKontaktKontaktname: MAYKA Naturbackwaren GmbHKontaktadresse: Brezelstra\xc3\x9fe 17 D-79418 SchliengenF\xc3\xbcr die vorstehenden Angaben wird keine Haftung \xc3\xbcbernommen. Bitte pr\xc3\xbcfen Sie im Einzelfall die Angaben auf der jeweiligen Produktverpackung, nur diese sind verbindlich.Das Produktdesign kann von der Abbildung abweichen.'",Im Weiher 14,Rewe,Süßes & Salziges,2023-07-09,"Gültig ab morgen bis Samstag, 15.07.2023"
Funny-Frisch Ofen Chips,https://img.rewe-static.de/REWE_CENTER_HZ28_2023/7778468/36482196-7_digital-image.png?impolicy=s-offers&imwidth=200&output-format=image/webp,,https://shop.rewe.de/productList?search=2832136,,"versch. Sorten , je 125-g-Btl , (1 kg = 10.32)",Aktion,"1,29 €","b'ProduktbeschreibungArtikelnummer 7778468Zutaten & AllergeneZutaten: Kartoffelpulver (61%), St\xc3\xa4rke, pflanzliche \xc3\x96le (Sonnenblume, Raps in ver\xc3\xa4nderlichen Gewichtsanteilen), Zucker, Speisesalz, Emulgator (Lecithine), Paprikapulver, Hefeextrakt, nat\xc3\xbcrliches Aroma, Tomatenpulver, Balsamicoessigpulver (Traubenmostkonzentrat, Weinessig), Zwiebelpulver, Aprikosenpulver, S\xc3\xa4ureregulator (Calciumphosphate), GERSTENMALZESSIGPULVER, Backtriebmittel (Natriumhydrogencarbonat), Chilipulver, Knoblauchpulver, f\xc3\xa4rbendes Lebensmittel (schwarzer Tee-Extrakt), S\xc3\xa4uerungsmittel (\xc3\x84pfels\xc3\xa4ure), Farbstoff (Paprikaextrakt), Kr\xc3\xa4uter, Gew\xc3\xbcrze, GERSTENMALZESSIGEXTRAKT, Branntweinessigpulver. Kann Spuren von SESAM, MILCH und WEIZEN enthalten.N\xc3\xa4hrwerteDurchschnittliche N\xc3\xa4hrwerteUnzubereitet pro 100 gEnergie1.709 kJEnergie405 kcalFett9,2 gFett, davon ges\xc3\xa4ttigte Fetts\xc3\xa4uren1,2 gFett, davon einfach unges\xc3\xa4ttigte Fetts\xc3\xa4uren0 gFett, davon mehrfach unges\xc3\xa4ttigte Fetts\xc3\xa4uren0 gKohlenhydrate72 gKohlenhydrate, davon Zucker7,3 gBallaststoffe4,4 gEiwei\xc3\x9f6,1 gSalz1,6 gArtikeldetailsMarke: Funny-frischUrsprungsland: DeutschlandKontaktKontaktname: Intersnack Deutschland SEKontaktadresse: Erna-Scheffler-Str. 3, DE-51103 K\xc3\xb6lnF\xc3\xbcr die vorstehenden Angaben wird keine Haftung \xc3\xbcbernommen. Bitte pr\xc3\xbcfen Sie im Einzelfall die Angaben auf der jeweiligen Produktverpackung, nur diese sind verbindlich.Das Produktdesign kann von der Abbildung abweichen.'",Im Weiher 14,Rewe,Süßes & Salziges,2023-07-09,"Gültig ab morgen bis Samstag, 15.07.2023"
Dickmann’s Super Dickmann’s,https://img.rewe-static.de/REWE_CENTER_HZ28_2023/4205960/1363350-48_digital-image.png?impolicy=s-offers&imwidth=200&output-format=image/webp,,https://shop.rewe.de/productList?search=2832136,,"je 250-g-Pckg , (1 kg = 5.96)",Aktion,"1,49 €","b'ProduktbeschreibungArtikelnummer 4205960Mit Super Dickmann\xe2\x80\x99s geht der Spa\xc3\x9f los: knackige Schokolade, lockerer Schaum. Spa\xc3\x9f und Genuss f\xc3\xbcr dich und deine Lieblingsmenschen! G\xc3\xb6nn\xe2\x80\x98s dir und teil den Spa\xc3\x9f! Die original Super Dickmann\xe2\x80\x99s sind au\xc3\x9fen schokoladig-knackig, innen fluffig und dazu unverwechselbar durch das \xe2\x80\x9eD\xe2\x80\x9c auf der Knusper-Waffel. Ob gemeinsam mit der Familie, unterwegs mit Freunden oder als Mitbringsel zum Geburtstag \xe2\x80\x93 sie lassen sich zu jeder Gelegenheit genie\xc3\x9fen.Zutaten & AllergeneZutaten: Glukose-Fruktose-Sirup, Schokolade 24% (Zucker, Kakaobutter, Kakaomasse, magerer Kakao, VOLLMILCHPULVER, Emulgator Lecithine (SOJA), Vanilleextrakt), Waffel (WEIZENMEHL, Zucker, SAHNEPULVER, Palmfett, Emulgator Lecithine (SOJA), nat\xc3\xbcrliches Aroma, Backtriebmittel Natriumhydrogencarbonat, Salz), Feuchthaltemittel Sorbitsirup, H\xc3\x9cHNEREI-TROCKENEIWEISS*, nat\xc3\xbcrliches Aroma. KANN AUCH ANTEILE VON HASELNUSS, MANDEL UND ANDEREN N\xc3\x9cSSEN ENTHALTEN. * aus BodenhaltungAllergenhinweise: Enth\xc3\xa4lt: Eier und Eierzeugnisse. Milch und Milcherzeugnisse (einschlie\xc3\x9flich Lactose). Sonstige glutenhaltige Getreide oder Hybridst\xc3\xa4mme davon. Soja und Sojaerzeugnisse. Weizen und Weizenerzeugnisse (glutenhaltiges Getreide). Kann enthalten: N\xc3\xbcsse und Nusserzeugnisse. Mandeln und Mandelerzeugnisse. Kaschunuss und Kaschunusserzeugnisse. Haselnuss und Haselnusserzeugnisse. Pecannuss und Pecannusserzeugnisse. Queenslandnuss und Queenslandnusserzeugnisse. Paranuss und Paranusserzeugnisse. Pistazie und Pistazienerzeugnisse. Walnuss und Walnusserzeugnisse.N\xc3\xa4hrwerteDurchschnittliche N\xc3\xa4hrwerteUnzubereitet pro 100 gEnergie1.573 kJEnergie373 kcalFett10,1 gFett, davon ges\xc3\xa4ttigte Fetts\xc3\xa4uren5,9 gKohlenhydrate67,5 gKohlenhydrate, davon Zucker53 gEiwei\xc3\x9f2,9 gSalz0,08 gHinweiseAufbewahrungs- und Verwendungshinweis: Vor W\xc3\xa4rme sch\xc3\xbctzen!ArtikeldetailsMarke: StorckUrsprungsland: DeutschlandPackungsgr\xc3\xb6\xc3\x9fe: 12 St\xc3\xbcck, 336gKontaktKontaktname: AUGUST STORCK KGKontaktadresse: Waldstr. 27, D-13403 BerlinF\xc3\xbcr die vorstehenden Angaben wird keine Haftung \xc3\xbcbernommen. Bitte pr\xc3\xbcfen Sie im Einzelfall die Angaben auf der jeweiligen Produktverpackung, nur diese sind verbindlich.Das Produktdesign kann von der Abbildung abweichen.'",Im Weiher 14,Rewe,Süßes & Salziges,2023-07-09,"Gültig ab morgen bis Samstag, 15.07.2023"
Kägi Fret Mini,https://img.rewe-static.de/REWE_CENTER_HZ28_2023/8348250/34556711-6_digital-image.png?impolicy=s-offers&imwidth=200&output-format=image/webp,,https://shop.rewe.de/productList?search=2832136,,"versch. Sorten , je 128-g-Pckg , (1 kg = 15.55)",Aktion,"1,99 €","b'ProduktbeschreibungArtikelnummer 8348250Zutaten & AllergeneZutaten: Zucker, Palmfett (nachhaltig; zertifiziert), WEIZENMEHL, VOLLMILCHPULVER, Kakaobutter*, Kakaomasse*, Kakaopulver*, HASELN\xc3\x9cSSE, gemahlene WEIZENFASERN, EIGELBPULVER, Emulgator: Lecithine (SOJA), Kochsalz, Backtriebmittel: Natriumhydrogencarbonat, Vanilleextrakt. * Rainforest Alliance Certified. Find out more at ra.orgN\xc3\xa4hrwerteDurchschnittliche N\xc3\xa4hrwerteUnzubereitet pro 100 gEnergie2.334 kJEnergie560 kcalFett35 gFett, davon ges\xc3\xa4ttigte Fetts\xc3\xa4uren25 gKohlenhydrate57 gKohlenhydrate, davon Zucker38 gEiwei\xc3\x9f6,5 gSalz0,25 gArtikeldetailsMarke: K\xc3\xa4giUrsprungsland: SchweizKontaktKontaktname: K\xc3\xa4gi S\xc3\xb6hne GmbHKontaktadresse: Richtergasse 7/HP/Top 1 A-1070 WienF\xc3\xbcr die vorstehenden Angaben wird keine Haftung \xc3\xbcbernommen. Bitte pr\xc3\xbcfen Sie im Einzelfall die Angaben auf der jeweiligen Produktverpackung, nur diese sind verbindlich.Das Produktdesign kann von der Abbildung abweichen.'",Im Weiher 14,Rewe,Süßes & Salziges,2023-07-09,"Gültig ab morgen bis Samstag, 15.07.2023"
Mars Snickers,https://img.rewe-static.de/REWE_CENTER_HZ28_2023/1303474/40115911-6_digital-image.png?impolicy=s-offers&imwidth=200&output-format=image/webp,,https://shop.rewe.de/productList?search=2832136,,"je 5 x 50-g-Riegel-Pckg , (1 kg = 6.76)",Aktion,"1,69 €","b'ProduktbeschreibungArtikelnummer 13034745 Riegel einzeln verpackt. SNICKERS - und der Hunger ist gegessen! Das unschlagbare Original aus Vollmilchschokolade, ausgew\xc3\xa4hlten Erdn\xc3\xbcsse von bester Qualit\xc3\xa4t und zartem Karamell! Ideal zum Snacken und Genie\xc3\x9fen! Das unschlagbare Original mit dem unverwechselbaren Geschmack. Unter der knackigen Schale aus Vollmilchschokolade machen ausgew\xc3\xa4hlte Erdn\xc3\xbcsse, leckere Candy-Creme und zartes Karamell SNICKERS\xc2\xae zu einem echten Meisterwerk und dem beliebtesten Schokoladenriegel der Welt.Zutaten & AllergeneZutaten: Zucker, Glukosesirup, ERDN\xc3\x9cSSE, MAGERMILCHPULVER, Kakaobutter, Kakaomasse, Sonnenblumen\xc3\xb6l, Butterreinfett (MILCH), MILCHZUCKER, Molkepermeat (aus MILCH), Palmfett, Salz, Emulgator (SOJALECITHIN), H\xc3\x9cHNEREI-TROCKENEIWEISS. (Kann enthalten: HASELN\xc3\x9cSSE).Allergenhinweise: ERDN\xc3\x9cSSE, MAGERMILCHPULVER, MILCH, MILCHZUCKER, SOJALECITHIN, H\xc3\x9cHNEREI-TROCKENEIWEISS.Enth\xc3\xa4lt: Erdn\xc3\xbcsse und Erdnusserzeugnisse. Milch und Milcherzeugnisse (einschlie\xc3\x9flich Lactose). Milchzucker (Laktose). Soja und Sojaerzeugnisse. Eier und Eierzeugnisse. Kann enthalten: Haselnuss und Haselnusserzeugnisse. N\xc3\xbcsse und Nusserzeugnisse.N\xc3\xa4hrwerteDurchschnittliche N\xc3\xa4hrwerteUnzubereitet pro 100 gEnergie2.044 kJEnergie488 kcalFett23 gFett, davon ges\xc3\xa4ttigte Fetts\xc3\xa4uren7,8 gKohlenhydrate60 gKohlenhydrate, davon Zucker52 gEiwei\xc3\x9f8,7 gSalz0,64 gArtikeldetailsMarke: SnickersUrsprungsland: NiederlandeSorte: SnickersKontaktKontaktname: Mars GmbHKontaktadresse: Postfach 1414, D-82004 UnterhachingMaximale Bestellmenge: 15 St\xc3\xbcckF\xc3\xbcr die vorstehenden Angaben wird keine Haftung \xc3\xbcbernommen. Bitte pr\xc3\xbcfen Sie im Einzelfall die Angaben auf der jeweiligen Produktverpackung, nur diese sind verbindlich.Das Produktdesign kann von der Abbildung abweichen.'",Im Weiher 14,Rewe,Süßes & Salziges,2023-07-09,"Gültig ab morgen bis Samstag, 15.07.2023"
Milka Cake & Choc,https://img.rewe-static.de/REWE_CENTER_HZ28_2023/1483700/20715624-26_digital-image.png?impolicy=s-offers&imwidth=200&output-format=image/webp,,https://shop.rewe.de/productList?search=2832136,,"je 175-g-Pckg , (1 kg = 9.66)",Aktion,"1,69 €","b'ProduktbeschreibungArtikelnummer 1483700Die perfekte Kombination aus fluffigem Teig und einem Kern aus fl\xc3\xbcssiger, zartschmelzender Milka Alpenmilch Schokolade! Einzeln verpackt. Einfach k\xc3\xb6stlich! Zutaten & AllergeneZutaten: WEIZENMEHL, Zucker, Glukose-Fruktose-Sirup, Raps\xc3\xb6l, EIER, Stabilisator (Glycerin), Kakaomasse, VOLLMILCHPULVER, Kakaobutter, MAGERMILCHPULVER, WEIZENST\xc3\x84RKE, Backtriebmittel (Diphosphate, Kaliumcarbonate), fettarmes Kakaopulver, S\xc3\xbc\xc3\x9fmolkenpulver (aus MILCH), Speisesalz, Emulgatoren (SOJALECITHINE, E472b, E475), Aromen (Enth\xc3\xa4lt MILCH), Glukosesirup, Verdickungsmittel (Xanthan). KANN N\xc3\x9cSSE ENTHALTEN.Allergenhinweise: WEIZENMEHL, EIER, VOLLMILCHPULVER, MAGERMILCHPULVER, WEIZENST\xc3\x84RKE, MILCH, SOJALECITHINE.Enth\xc3\xa4lt: Weizen und Weizenerzeugnisse (glutenhaltiges Getreide). Glutenhaltiges Getreide und glutenhaltige Getreideerzeugnisse. Eier und Eierzeugnisse. Milch und Milcherzeugnisse (einschlie\xc3\x9flich Lactose). Soja und Sojaerzeugnisse. Kann enthalten: N\xc3\xbcsse und Nusserzeugnisse.N\xc3\xa4hrwerteDurchschnittliche N\xc3\xa4hrwerteUnzubereitet pro 100 gEnergie1.799 kJEnergie429 kcalFett21 gFett, davon ges\xc3\xa4ttigte Fetts\xc3\xa4uren4,1 gKohlenhydrate56,5 gKohlenhydrate, davon Zucker31 gBallaststoffe1,5 gEiwei\xc3\x9f5,4 gSalz0,6 gHinweiseAufbewahrungs- und Verwendungshinweis: Trocken lagern und vor W\xc3\xa4rme sch\xc3\xbctzen.ArtikeldetailsMarke: MilkaUrsprungsland: FrankreichSorte: Cake & ChocKontaktKontaktname: Mondelez Deutschland GmbHKontaktadresse: D-28078 BremenMaximale Bestellmenge: 15 St\xc3\xbcckF\xc3\xbcr die vorstehenden Angaben wird keine Haftung \xc3\xbcbernommen. Bitte pr\xc3\xbcfen Sie im Einzelfall die Angaben auf der jeweiligen Produktverpackung, nur diese sind verbindlich.Das Produktdesign kann von der Abbildung abweichen.'",Im Weiher 14,Rewe,Süßes & Salziges,2023-07-09,"Gültig ab morgen bis Samstag, 15.07.2023"
Milka Tender,https://img.rewe-static.de/REWE_CENTER_HZ28_2023/3075923/1234890-36_digital-image.png?impolicy=s-offers&imwidth=200&output-format=image/webp,,https://shop.rewe.de/productList?search=2832136,,"Milch , je 5 x 37-g-Pckg , (1 kg = 9.14)",Aktion,"1,69 €","b'ProduktbeschreibungArtikelnummer 3075923Tender ist der k\xc3\xb6stlich-lockere Kuchensnack von Milka: Feine Biskuit-Rolle gef\xc3\xbcllt mit leckerer Milchcr\xc3\xa8me, umh\xc3\xbcllt von zarter Milka Alpenmilch Schokolade. Einfach lecker! Zutaten & AllergeneZutaten: Zucker, WEIZENMEHL, EIER, Feuchthaltemittel (Sorbit, Glycerin), pflanzliche Fette (Palm, Palmkern), MAGERMILCHPULVER, Kakaobutter, Glukose-Fruktose-Sirup, Glukosesirup, Kakaomasse, Molkenpulver (aus MILCH), WEIZENST\xc3\x84RKE, BUTTEREINFETT, VOLLMILCHPULVER, WEIZENKLEIE, Emulgatoren (SOJALECITHINE, E475, E471, E476), Alkohol, Raps\xc3\xb6l, Backtriebmittel (Diphosphate, Natriumcarbonate), Speisesalz, Aromen (enth\xc3\xa4lt MILCH), Verdickungsmittel (Xanthan), Hefepulver. KANN ENTHALTEN: N\xc3\x9cSSE.Allergenhinweise: WEIZENMEHL, EIER, MAGERMILCHPULVER, MILCH, WEIZENST\xc3\x84RKE, BUTTEREINFETT, VOLLMILCHPULVER, WEIZENKLEIE, SOJALECITHINEEnth\xc3\xa4lt: Milch und Milcherzeugnisse (einschlie\xc3\x9flich Lactose). Soja und Sojaerzeugnisse. Weizen und Weizenerzeugnisse (glutenhaltiges Getreide). Eier und Eierzeugnisse. Glutenhaltiges Getreide und glutenhaltige Getreideerzeugnisse. Kann enthalten: N\xc3\xbcsse und Nusserzeugnisse.N\xc3\xa4hrwerteDurchschnittliche N\xc3\xa4hrwerteUnzubereitet pro 100 gEnergie1.705 kJEnergie407 kcalFett18 gFett, davon ges\xc3\xa4ttigte Fetts\xc3\xa4uren9,9 gKohlenhydrate56 gKohlenhydrate, davon Zucker34 gBallaststoffe1,2 gEiwei\xc3\x9f6 gSalz0,47 gHinweiseAufbewahrungs- und Verwendungshinweis: Trocken lagern und vor W\xc3\xa4rme sch\xc3\xbctzen.Information: Die Milchcremef\xc3\xbcllung enth\xc3\xa4lt 11 % Magermilchpulver und 6 % Vollmilchpulver.ArtikeldetailsMarke: MilkaUrsprungsland: FrankreichSorte: MilchKontaktKontaktname: Mondelez Deutschland GmbHKontaktadresse: D-28078 Bremen.Maximale Bestellmenge: 15 St\xc3\xbcckF\xc3\xbcr die vorstehenden Angaben wird keine Haftung \xc3\xbcbernommen. Bitte pr\xc3\xbcfen Sie im Einzelfall die Angaben auf der jeweiligen Produktverpackung, nur diese sind verbindlich.Das Produktdesign kann von der Abbildung abweichen.'",Im Weiher 14,Rewe,Süßes & Salziges,2023-07-09,"Gültig ab morgen bis Samstag, 15.07.2023"
Hitschler Hitschies,https://img.rewe-static.de/REWE_CENTER_HZ28_2023/8002544/31009580-12_digital-image.png?impolicy=s-offers&imwidth=200&output-format=image/webp,,https://shop.rewe.de/productList?search=2832136,,"versch. Sorten , je 210-g-Btl , (1 kg = 7.10)",Aktion,"1,49 €","b'ProduktbeschreibungArtikelnummer 8002544Zutaten & AllergeneZutaten: Zucker, Glukosesirup, Palmfett, 5% Fruchtsaft aus Fruchtsaftkonzentrat: (Apfel, Pfirsich, Zitrone, Erdbeere, Himbeere); Gelatine*, Stabilisator: Gummi Arabicum; modifizierte St\xc3\xa4rke, S\xc3\xa4uerungsmittel: Milchs\xc3\xa4ure, Citronens\xc3\xa4ure; Aromen, Emulgator: Lecithine; Farbstoffe: Echtes Karmin, Kurkumin, Brillantblau FCF, Pflanzenkohle; \xc3\x9cberzugsmittel: Carnaubawachs, Schellack, Bienenwachs wei\xc3\x9f und gelb. *RindergelatineN\xc3\xa4hrwerteDurchschnittliche N\xc3\xa4hrwerteUnzubereitet pro 100 gEnergie1.692 kJEnergie400 kcalFett5,4 gFett, davon ges\xc3\xa4ttigte Fetts\xc3\xa4uren3 gKohlenhydrate86 gKohlenhydrate, davon Zucker67 gEiwei\xc3\x9f1,4 gSalz0,07 gHinweiseAufbewahrungs- und Verwendungshinweis: W\xc3\xa4rmegesch\xc3\xbctzt und trocken lagern.ArtikeldetailsMarke: HitschlerUrsprungsland: DeutschlandKontaktKontaktname: hitschler International GmbH & Co. KGKontaktadresse: 50855 K\xc3\xb6lnF\xc3\xbcr die vorstehenden Angaben wird keine Haftung \xc3\xbcbernommen. Bitte pr\xc3\xbcfen Sie im Einzelfall die Angaben auf der jeweiligen Produktverpackung, nur diese sind verbindlich.Das Produktdesign kann von der Abbildung abweichen.'",Im Weiher 14,Rewe,Süßes & Salziges,2023-07-09,"Gültig ab morgen bis Samstag, 15.07.2023"
Dickmann’s Schoko Strolche,https://img.rewe-static.de/REWE_CENTER_HZ28_2023/5469872/1363360-27_digital-image.png?impolicy=s-offers&imwidth=200&output-format=image/webp,,https://shop.rewe.de/productList?search=2832136,,"je 200-g-Pckg , (1 kg = 7.45)",Aktion,"1,49 €","b'ProduktbeschreibungArtikelnummer 5469872Mit Dickmann\xe2\x80\x99s geht der Spa\xc3\x9f los: au\xc3\x9fen knackig, innen fluffig. In unserem mini Dickmann\xe2\x80\x98s Schoko Trio ist f\xc3\xbcr Jeden etwas dabei: Eine bunte Mischung kleiner Schaumk\xc3\xbcsse mit wei\xc3\x9fer Schokolade, Vollmilchschokolade und dunkler Schokolade. So kann sich jeder seine Lieblingssorte einfach rauspicken. Das bringt jede Menge Abwechslung und Spa\xc3\x9f: Ob f\xc3\xbcr den kleinen Snack zwischendurch, f\xc3\xbcr kleine und gro\xc3\x9fe Freunde, f\xc3\xbcr die ganze Familie oder zum Anbieten f\xc3\xbcr Bekannte und Kollegen.Zutaten & AllergeneZutaten: Glukose-Fruktose-Sirup, Schokolade (Zucker, Kakaomasse, Kakaobutter, Emulgator Lecithine (SOJA), Vanilleextrakt), Vollmilchschokolade (Zucker, VOLLMILCHPULVER, Kakaobutter, Kakaomasse, MOLKENERZEUGNIS, Emulgator Lecithine (SOJA), Vanilleextrakt), wei\xc3\x9fe Schokolade (Zucker, Kakaobutter, VOLLMILCHPULVER, SAHNEPULVER, MAGERMILCHPULVER, MILCHZUCKER, BUTTERMILCHPULVER, Emulgator Lecithine (SOJA), Salz, Vanilleextrakt), Waffel (WEIZENMEHL, Zucker, WEIZENST\xc3\x84RKE, Emulgator Lecithine (SOJA), Palmfett, SAHNEPULVER, Salz, Backtriebmittel Natriumhydrogencarbonat, nat\xc3\xbcrliches Aroma), Feuchthaltemittel Sorbitsirup, H\xc3\x9cHNEREI-TROCKENEIWEISS*, nat\xc3\xbcrliches Aroma. KANN AUCH ANTEILE VON HASELNUSS, MANDEL, ERDNUSS UND ANDEREN N\xc3\x9cSSEN ENTHALTEN. * aus BodenhaltungAllergenhinweise: Enth\xc3\xa4lt: Eier und Eierzeugnisse. Milch und Milcherzeugnisse (einschlie\xc3\x9flich Lactose). Sonstige glutenhaltige Getreide oder Hybridst\xc3\xa4mme davon. Soja und Sojaerzeugnisse. Weizen und Weizenerzeugnisse (glutenhaltiges Getreide). Kann enthalten: N\xc3\xbcsse und Nusserzeugnisse. Erdn\xc3\xbcsse und Erdnusserzeugnisse. Mandeln und Mandelerzeugnisse. Kaschunuss und Kaschunusserzeugnisse. Haselnuss und Haselnusserzeugnisse. Pecannuss und Pecannusserzeugnisse. Queenslandnuss und Queenslandnusserzeugnisse. Paranuss und Paranusserzeugnisse. Pistazie und Pistazienerzeugnisse. Walnuss und Walnusserzeugnisse.N\xc3\xa4hrwerteDurchschnittliche N\xc3\xa4hrwerteUnzubereitet pro 100 gEnergie1.769 kJEnergie421 kcalFett16 gFett, davon ges\xc3\xa4ttigte Fetts\xc3\xa4uren9,8 gKohlenhydrate64,2 gKohlenhydrate, davon Zucker50,1 gEiwei\xc3\x9f4,6 gSalz0,14 gHinweiseAufbewahrungs- und Verwendungshinweis: Vor W\xc3\xa4rme sch\xc3\xbctzenArtikeldetailsMarke: StorckUrsprungsland: DeutschlandKontaktKontaktname: AUGUST STORCK KGKontaktadresse: Waldstr. 27, D-13403 BerlinF\xc3\xbcr die vorstehenden Angaben wird keine Haftung \xc3\xbcbernommen. Bitte pr\xc3\xbcfen Sie im Einzelfall die Angaben auf der jeweiligen Produktverpackung, nur diese sind verbindlich.Das Produktdesign kann von der Abbildung abweichen.'",Im Weiher 14,Rewe,Süßes & Salziges,2023-07-09,"Gültig ab morgen bis Samstag, 15.07.2023"
Lorenz NicNac's XL Fun Original,https://img.rewe-static.de/REWE_CENTER_HZ28_2023/8941026/39709437-8_digital-image.png?impolicy=s-offers&imwidth=200&output-format=image/webp,,https://shop.rewe.de/productList?search=2832136,,"je 170-g-Btl , (1 kg = 13.06)",Aktion,"2,22 €","b""ProduktbeschreibungArtikelnummer 8941026NicNac\xe2\x80\x99s, das sind knackige Erdn\xc3\xbcsse umh\xc3\xbcllt von einem w\xc3\xbcrzigen Teigmantel. Durch die perfekte Kombination aus ger\xc3\xb6steten Erdn\xc3\xbcssen und einer knusprigen Teigh\xc3\xbclle entsteht der einzigartige Erdnuss-Snack mit dem ultimativen Double-Crunch-Effekt. Sorgf\xc3\xa4ltig ausgew\xc3\xa4hlte Erdn\xc3\xbcsse umh\xc3\xbcllt von einem knusprigen Teigmantel, ger\xc3\xb6stet in Sonnenblumen\xc3\xb6l und mit der einzigartigen NicNac's Original W\xc3\xbcrze verfeinert. Ein echter Klassiker!Zutaten & AllergeneZutaten: ERDNUSSKERNE (49%), St\xc3\xa4rke, pflanzliche \xc3\x96le (Sonnenblume, Raps), WEIZENMEHL, Zucker, Speisesalz, modifizierte St\xc3\xa4rke, ganz geh\xc3\xa4rtetes Rapsfett, Aroma (enth\xc3\xa4lt WEIZEN, Hefeextrakt), Raucharoma, Maltodextrin, S\xc3\x9c\xc3\x9fMOLKENPULVER, Zwiebelpulver, hydrolysiertes SOJAEIWEI\xc3\x9f, Backtriebmittel: Diphosphate, Natriumcarbonate; K\xc3\x84SEPULVER, Gew\xc3\xbcrze, Paprikaextrakt. Kann SCHALENFR\xc3\x9cCHTE enthalten.Allergenhinweise: Enth\xc3\xa4lt: Erdn\xc3\xbcsse und Erdnusserzeugnisse. Glutenhaltiges Getreide und glutenhaltige Getreideerzeugnisse. Milch und Milcherzeugnisse (einschlie\xc3\x9flich Lactose). Soja und Sojaerzeugnisse. Kann enthalten: N\xc3\xbcsse und Nusserzeugnisse.N\xc3\xa4hrwerteDurchschnittliche N\xc3\xa4hrwerteUnzubereitet pro 100 gEnergie2.259 kJEnergie543 kcalFett35 gFett, davon ges\xc3\xa4ttigte Fetts\xc3\xa4uren6,9 gKohlenhydrate37 gKohlenhydrate, davon Zucker7,1 gBallaststoffe5,8 gEiwei\xc3\x9f17 gSalz2 gHinweiseAufbewahrungs- und Verwendungshinweis: Trocken lagern. Vor W\xc3\xa4rme sch\xc3\xbctzen.Information: Unter Schutzatmosph\xc3\xa4re verpackt. WARNUNG: KLEINE KINDER K\xc3\x96NNEN AN N\xc3\x9cSSEN ERSTICKEN.ArtikeldetailsMarke: LorenzUrsprungsland: DeutschlandKontaktKontaktname: The Lorenz Bahlsen Snack-World GmbH & Co KG GermanyKontaktadresse: Rathenaustr. 54, D-63263 Neu-IsenburgF\xc3\xbcr die vorstehenden Angaben wird keine Haftung \xc3\xbcbernommen. Bitte pr\xc3\xbcfen Sie im Einzelfall die Angaben auf der jeweiligen Produktverpackung, nur diese sind verbindlich.Das Produktdesign kann von der Abbildung abweichen.""",Im Weiher 14,Rewe,Süßes & Salziges,2023-07-09,"Gültig ab morgen bis Samstag, 15.07.2023"
Lorenz Snack-Hits,https://img.rewe-static.de/REWE_CENTER_HZ28_2023/0337472/2204220-43_digital-image.png?impolicy=s-offers&imwidth=200&output-format=image/webp,,https://shop.rewe.de/productList?search=2832136,,"je 320-g-Pckg , (1 kg = 6.94)",Aktion,"2,22 €","b'ProduktbeschreibungArtikelnummer 337472Der ultimative Knabber-Mix! Die gro\xc3\x9fe Vielfalt der Lorenz Marken in einer Packung. Kannst du dich manchmal nicht entscheiden, welche Snacks du deinen Freunden oder deiner Familie beim n\xc3\xa4chsten Spieleabend, Party oder gem\xc3\xbctlichem Binge-Watching anbieten m\xc3\xb6chtest? Dann serviere doch alle \xe2\x80\x93 mit Snack-Hits von Lorenz! Die beliebteste Knabbermischung Deutschlands h\xc3\xa4lt f\xc3\xbcr alle etwas Leckeres bereit: knackige NicNac\xe2\x80\x99s, zarte Erdnu\xc3\x9fLocken, luftig-lockere Pommels, die ber\xc3\xbchmten Saltletts-Klassiker, knusprig-zarte Chipsletten und goldgelbe Clubs Cracker. Da ist f\xc3\xbcr jeden was dabei!Zutaten & AllergeneZutaten: WEIZENMEHL, pflanzliche \xc3\x96le (Sonnenblume, Raps in ver\xc3\xa4nderlichen Gewichtsanteilen), ERDNUSSKERNE, Kartoffelpulver, St\xc3\xa4rke, Maisgrie\xc3\x9f, Speisesalz, Zucker, GERSTENMALZEXTRAKT, Meersalz, modifizierte St\xc3\xa4rke, Maltodextrin, ganz geh\xc3\xa4rtetes Raps\xc3\xb6l, Zwiebelpulver, Dextrose, VOLLMILCHPULVER, S\xc3\x9cSSMOLKENPULVER, Paprikapulver, hydrolisiertes SOJAEIWEI\xc3\x9f, K\xc3\x84SEPULVER, Paprikaextrakt, Gew\xc3\xbcrze, Tomatenpulver, Kurkumapulver, Aromen (enthalten WEIZENERZEUGNISSE), Raucharomen, Hefe, Hefeextrakt, S\xc3\xa4ureregulator: Natriumhydroxid; Backtriebmittel: Ammoniumhydrogencarbonat, Natriumhydrogencarbonat, Natriumcarbonate, Diphosphate; Emulgator: Mono- und Diglyceride von Speisefetts\xc3\xa4uren; Antioxidationsmittel: stark tocopherolhaltige Extrakte. KANN SESAMSAMEN, EI UND SPUREN VON SCHALENFR\xc3\x9cCHTEN ENTHALTEN.Allergenhinweise: Enth\xc3\xa4lt: Erdn\xc3\xbcsse und Erdnusserzeugnisse. Gerste und Gerstenerzeugnisse (glutenhaltiges Getreide). Milch und Milcherzeugnisse (einschlie\xc3\x9flich Lactose). Soja und Sojaerzeugnisse. Weizen und Weizenerzeugnisse (glutenhaltiges Getreide). Kann enthalten: Eier und Eierzeugnisse. N\xc3\xbcsse und Nusserzeugnisse. Sesamsamen und Sesamsamenerzeugnisse.N\xc3\xa4hrwerteDurchschnittliche N\xc3\xa4hrwerteUnzubereitet pro 100 gEnergie1.995 kJEnergie476 kcalFett21 gFett, davon ges\xc3\xa4ttigte Fetts\xc3\xa4uren2,6 gKohlenhydrate59 gKohlenhydrate, davon Zucker4,2 gBallaststoffe3,5 gEiwei\xc3\x9f11 gSalz2,2 gHinweiseAufbewahrungs- und Verwendungshinweis: Trocken lagern. Vor W\xc3\xa4rme sch\xc3\xbctzen.Information: Unter Schutzatmosph\xc3\xa4re verpackt. WARNUNG: KLEINE KINDER K\xc3\x96NNEN AN N\xc3\x9cSSEN ERSTICKEN.ArtikeldetailsMarke: LorenzKontaktKontaktname: The Lorenz Bahlsen Snack-World Sp. z o.o.Kontaktadresse: Sady k. Poznania, ul. Rolna 6, PL-62-080 Tarnowo Podg\xc3\xb3rneF\xc3\xbcr die vorstehenden Angaben wird keine Haftung \xc3\xbcbernommen. Bitte pr\xc3\xbcfen Sie im Einzelfall die Angaben auf der jeweiligen Produktverpackung, nur diese sind verbindlich.Das Produktdesign kann von der Abbildung abweichen.'",Im Weiher 14,Rewe,Süßes & Salziges,2023-07-09,"Gültig ab morgen bis Samstag, 15.07.2023"
Kambly Butterfly oder Éclats de Noisettes,https://img.rewe-static.de/REWE_CENTER_HZ28_2023/3270194/29271349-12_digital-image.png?impolicy=s-offers&imwidth=200&output-format=image/webp,,https://shop.rewe.de/productList?search=2832136,,"je 100-g-Pckg , (1 kg = 22.90)",Aktion,"2,29 €","b'ProduktbeschreibungArtikelnummer 3270194Zutaten & AllergeneZutaten: WEIZENMEHL, Rohzucker, BUTTER 14%, MANDELN 10%, Zucker, Kartoffelst\xc3\xa4rke, RAHM, Backtriebmittel (Natriumcarbonate), Salz. Kann Spuren von HASELN\xc3\x9cSSEN, EIERN, PISTAZIEN enthalten.Allergenhinweise: Enth\xc3\xa4lt: Milch und Milcherzeugnisse (einschlie\xc3\x9flich Lactose). Milchzucker (Laktose). Mandeln und Mandelerzeugnisse. Weizen und Weizenerzeugnisse (glutenhaltiges Getreide). Kann enthalten: Eier und Eierzeugnisse. Haselnuss und Haselnusserzeugnisse. Pistazie und Pistazienerzeugnisse.N\xc3\xa4hrwerteDurchschnittliche N\xc3\xa4hrwerteUnzubereitet pro 100 gEnergie2.002 kJEnergie477 kcalFett18 gFett, davon ges\xc3\xa4ttigte Fetts\xc3\xa4uren7,7 gKohlenhydrate70 gKohlenhydrate, davon Zucker33 gEiwei\xc3\x9f7,3 gSalz0,46 gHinweiseAufbewahrungs- und Verwendungshinweis: Trocken lagern und vor W\xc3\xa4rme sch\xc3\xbctzen.Information: Unter Schutzatmosph\xc3\xa4re verpackt.ArtikeldetailsMarke: KamblyUrsprungsland: DeutschlandKontaktKontaktname: Genuport Trade GmbHKontaktadresse: D-22848 NorderstedtF\xc3\xbcr die vorstehenden Angaben wird keine Haftung \xc3\xbcbernommen. Bitte pr\xc3\xbcfen Sie im Einzelfall die Angaben auf der jeweiligen Produktverpackung, nur diese sind verbindlich.Das Produktdesign kann von der Abbildung abweichen.'",Im Weiher 14,Rewe,Süßes & Salziges,2023-07-09,"Gültig ab morgen bis Samstag, 15.07.2023"
Amor di Pane Grissini,https://img.rewe-static.de/REWE_CENTER_HZ28_2023/2888425/34137359-6_digital-image.png?impolicy=s-offers&imwidth=200&output-format=image/webp,,https://shop.rewe.de/productList?search=2832136,,"versch. Sorten , je 125-g-Pckg , (1 kg = 6.16)",Aktion,"0,77 €","b'ProduktbeschreibungArtikelnummer 2888425Zutaten & AllergeneZutaten: WEIZENMEHL, extra natives Oliven\xc3\xb6l (5%), Hefe, Salz (1,6%), gem\xc3\xa4lztes WEIZENMEHL, Antioxidationsmittel: Rosmarinextrakt. Kann Spuren von SESAM, SOJA, MILCH UND IHRE DERIVATE und SCHALENFR\xc3\x9cCHTE enthalten.N\xc3\xa4hrwerteDurchschnittliche N\xc3\xa4hrwerteUnzubereitet pro 100 gEnergie1.777 kJEnergie421 kcalFett9,5 gFett, davon ges\xc3\xa4ttigte Fetts\xc3\xa4uren1,5 gKohlenhydrate71,2 gKohlenhydrate, davon Zucker1,8 gBallaststoffe3,1 gEiwei\xc3\x9f11,2 gSalz2,2 gHinweiseAufbewahrungs- und Verwendungshinweis: K\xc3\xbchl und trocken lagern, vor Hitze sch\xc3\xbctzen.ArtikeldetailsUrsprungsland: ItalienKontaktKontaktname: Hosta - Werk f\xc3\xbcr Schokolade-Spezialit\xc3\xa4ten GmbH & Co. KGKontaktadresse: Greutstra\xc3\x9fe 9, 74597 Stimpfach-RandenweilerMaximale Bestellmenge: 15 St\xc3\xbcckF\xc3\xbcr die vorstehenden Angaben wird keine Haftung \xc3\xbcbernommen. Bitte pr\xc3\xbcfen Sie im Einzelfall die Angaben auf der jeweiligen Produktverpackung, nur diese sind verbindlich.Das Produktdesign kann von der Abbildung abweichen.'",Im Weiher 14,Rewe,Süßes & Salziges,2023-07-09,"Gültig ab morgen bis Samstag, 15.07.2023"
Milka Schokolade,https://img.rewe-static.de/REWE_CENTER_HZ28_2023/0196479/3851190-69_digital-image.png?impolicy=s-offers&imwidth=200&output-format=image/webp,,https://shop.rewe.de/productList?search=2832136,,"Alpenmilch oder Noisette , je 100-g-Tafel , (1 kg = 7.90)",Knaller,"0,79 €","b'ProduktbeschreibungArtikelnummer 196479Milkas Alpenmilch Schokoladentafel ist der Klassiker f\xc3\xbcr alle Schokoladen-Fans. Der leckere, zartschmelzende Schokoladengenuss aus 100% Alpenmilch darf in keinem Haushalt fehlen. Zutaten & AllergeneZutaten: Zucker, Kakaobutter, Kakaomasse, MAGERMILCHPULVER, S\xc3\xbcssmolkenpulver (aus MILCH), BUTTERREINFETT, Emulgator (SOJALECITHINE), HASELNUSSMASSE, Aroma. KANN ANDERE N\xc3\x9cSSE UND WEIZEN ENTHALTEN.Allergenhinweise: MAGERMILCHPULVER, MILCH, BUTTERREINFETT, SOJALECITHINE, HASELNUSSMASSEEnth\xc3\xa4lt: Soja und Sojaerzeugnisse. Haselnuss und Haselnusserzeugnisse. Milch und Milcherzeugnisse (einschlie\xc3\x9flich Lactose). N\xc3\xbcsse und Nusserzeugnisse. Kann enthalten: Weizen und Weizenerzeugnisse (glutenhaltiges Getreide). Glutenhaltiges Getreide und glutenhaltige Getreideerzeugnisse.N\xc3\xa4hrwerteDurchschnittliche N\xc3\xa4hrwerteUnzubereitet pro 100 gEnergie2.251 kJEnergie539 kcalFett31 gFett, davon ges\xc3\xa4ttigte Fetts\xc3\xa4uren19 gKohlenhydrate57 gKohlenhydrate, davon Zucker55 gBallaststoffe2,3 gEiwei\xc3\x9f6,5 gSalz0,28 gHinweiseAufbewahrungs- und Verwendungshinweis: Trocken lagern und vor W\xc3\xa4rme sch\xc3\xbctzen.Information: Kakao: 33% mindestens.ArtikeldetailsMarke: MilkaUrsprungsland: DeutschlandSorte: AlpenmilchKontaktKontaktname: Mondelez Deutschland GmbHKontaktadresse: D-28078 BremenMaximale Bestellmenge: 15 St\xc3\xbcckF\xc3\xbcr die vorstehenden Angaben wird keine Haftung \xc3\xbcbernommen. Bitte pr\xc3\xbcfen Sie im Einzelfall die Angaben auf der jeweiligen Produktverpackung, nur diese sind verbindlich.Das Produktdesign kann von der Abbildung abweichen.'",Im Weiher 14,Rewe,Süßes & Salziges,2023-07-09,"Gültig ab morgen bis Samstag, 15.07.2023"
Storck Toffifee,https://img.rewe-static.de/REWE_CENTER_HZ28_2023/0205605/21816375-32_digital-image.png?impolicy=s-offers&imwidth=200&output-format=image/webp,,https://shop.rewe.de/productList?search=2832136,,"je 125-g-Pckg , (1 kg = 7.92)",Aktion,"0,99 €","b'ProduktbeschreibungArtikelnummer 205605So viel Gutes steckt in Toffifee: Eine knackige Haselnuss in Karamell mit Nougatcreme und einem Klecks kr\xc3\xa4ftiger Schokolade - eine Kombination, die f\xc3\xbcr jeden Geschmack genau das Richtige bietet. Es steckt viel Spa\xc3\x9f in Toffifee! Egal ob jung oder \xc3\xa4lter, gro\xc3\x9f oder klein, Mama oder Papa, gro\xc3\x9fer Bruder, kleine Schwester - in Toffifee steckt, was allen schmeckt: Leckeres Karamell, knackig ger\xc3\xb6stete Haselnuss, zarte Nougatcreme sowie eine kr\xc3\xa4ftige Schokoladenschicht als T\xc3\xbcpfelchen auf dem \xe2\x80\x9eMmhh\xe2\x80\x9c.  Mit Toffifee kommt der Spa\xc3\x9f in jedes zu Hause.Zutaten & AllergeneZutaten: Zucker, pflanzliche Fette (Palm, Shea), HASELN\xc3\x9cSSE, Glukosesirup, MAGERMILCHPULVER, Feuchthaltemittel Sorbitsirup, Kakaomasse, kondensierte MAGERMILCH, kondensierte S\xc3\x9cSSMOLKE, MILCHZUCKER, magerer Kakao, Kakaobutter, BUTTERREINFETT, Rohrzuckersirup, MOLKENERZEUGNIS, Emulgator Lecithine (SOJA), Salz, Aromen. KANN AUCH MANDEL, ERDNUSS UND ANDERE N\xc3\x9cSSE ENTHALTEN.Allergenhinweise: Enth\xc3\xa4lt: Milch und Milcherzeugnisse (einschlie\xc3\x9flich Lactose). N\xc3\xbcsse und Nusserzeugnisse. Soja und Sojaerzeugnisse. Haselnuss und Haselnusserzeugnisse. Kann enthalten: Erdn\xc3\xbcsse und Erdnusserzeugnisse. Mandeln und Mandelerzeugnisse. Kaschunuss und Kaschunusserzeugnisse. Pecannuss und Pecannusserzeugnisse. Macadamianuss und Macadamianusserzeugnisse. Paranuss und Paranusserzeugnisse. Pistazie und Pistazienerzeugnisse. Walnuss und Walnusserzeugnisse.N\xc3\xa4hrwerteDurchschnittliche N\xc3\xa4hrwerteUnzubereitet pro 100 gEnergie2.177 kJEnergie521 kcalFett29 gFett, davon ges\xc3\xa4ttigte Fetts\xc3\xa4uren12,7 gKohlenhydrate58,9 gKohlenhydrate, davon Zucker48,8 gEiwei\xc3\x9f6 gSalz0,27 gHinweiseAufbewahrungs- und Verwendungshinweis: Vor W\xc3\xa4rme sch\xc3\xbctzen!ArtikeldetailsMarke: ToffifeeUrsprungsland: DeutschlandPackungsgr\xc3\xb6\xc3\x9fe: 125gKontaktKontaktname: AUGUST STORCK KGKontaktadresse: Waldstr. 27, D-13403 BerlinMaximale Bestellmenge: 15 St\xc3\xbcckF\xc3\xbcr die vorstehenden Angaben wird keine Haftung \xc3\xbcbernommen. Bitte pr\xc3\xbcfen Sie im Einzelfall die Angaben auf der jeweiligen Produktverpackung, nur diese sind verbindlich.Das Produktdesign kann von der Abbildung abweichen.'",Im Weiher 14,Rewe,Süßes & Salziges,2023-07-09,"Gültig ab morgen bis Samstag, 15.07.2023"
Belli Cantuccini,https://img.rewe-static.de/REWE_CENTER_HZ28_2023/0218662/22322908-38_digital-image.png?impolicy=s-offers&imwidth=200&output-format=image/webp,,https://shop.rewe.de/productList?search=2832136,,"je 250-g-Btl , (1 kg = 10.36)",Aktion,"2,59 €","b""ProduktbeschreibungArtikelnummer 218662Mit 25% Mandelanteil. Zutaten & AllergeneZutaten: WEIZENMEHL, Zucker, MANDELN (25%), pasteurisierte VOLLEIER, pasteurisiertes H\xc3\x9cHNEREIGELB, BUTTER, Bl\xc3\xbctenhonig, Salz. Backtriebmittel: Ammoniumhydrogencarbonat, Dinatriumdiphosphat, Natriumhydrogencarbonat, Aromen. Kann Spuren von anderen SCHALENFR\xc3\x9cCHTEN und SOJA enthalten.Allergenhinweise: Enth\xc3\xa4lt: Weizen und Weizenerzeugnisse (glutenhaltiges Getreide). Mandeln und Mandelerzeugnisse. Eier und Eierzeugnisse. Milch und Milcherzeugnisse (einschlie\xc3\x9flich Lactose). Kann enthalten: Soja und Sojaerzeugnisse. N\xc3\xbcsse und Nusserzeugnisse.N\xc3\xa4hrwerteDurchschnittliche N\xc3\xa4hrwerteUnzubereitet pro 100 gEnergie1.774 kJEnergie424 kcalFett16 gFett, davon ges\xc3\xa4ttigte Fetts\xc3\xa4uren3 gKohlenhydrate60 gKohlenhydrate, davon Zucker32 gEiwei\xc3\x9f10 gSalz0,06 gHinweiseAufbewahrungs- und Verwendungshinweis: K\xc3\xbchl und trocken lagern.ArtikeldetailsUrsprungsland: ItalienKontaktKontaktname: Biscottificio Belli srlKontaktadresse: Via dell'Albereto, 26/28/30, I-50041 Calenzano - FirenzeMaximale Bestellmenge: 15 St\xc3\xbcckF\xc3\xbcr die vorstehenden Angaben wird keine Haftung \xc3\xbcbernommen. Bitte pr\xc3\xbcfen Sie im Einzelfall die Angaben auf der jeweiligen Produktverpackung, nur diese sind verbindlich.Das Produktdesign kann von der Abbildung abweichen.""",Im Weiher 14,Rewe,Süßes & Salziges,2023-07-09,"Gültig ab morgen bis Samstag, 15.07.2023"
Mitsuba Thai Chilli Crispies,https://img.rewe-static.de/REWE_CENTER_HZ28_2023/8349986/30311577-9_digital-image.png?impolicy=s-offers&imwidth=200&output-format=image/webp,,https://shop.rewe.de/productList?search=2832136,,"je 85-g-Pckg , (1 kg = 17.53)",Aktion,"1,49 €","b""ProduktbeschreibungArtikelnummer 8349986You've found the real Asian flavour experience with Mitsuba! Our range of extraordinary savoury snacks inspired by the spices & herbs you can discover across Asia. Each pack is full of flavours and satisfying crunchy textures. Discover real Asian flavours. With a Crunch! Inspired by Kyoto Wasabi flavoured. MSG free. Palm oil free. Inspired by Phuket. Sweet chilli flavoured.Zutaten & AllergeneZutaten: 45% Jasminreis, Sonnenblumenol, Zucker, Tapiokast\xc3\xa4rke,Sojaso\xc3\x9fe (Wasser, SOJABOHNEN, WEIZEN, Salz,) Salz, Knoblauchpulver, 0,3% Chillipulver, Farbstoff(Paprikaextrakt), S\xc3\xbc\xc3\x9fholzpulver, S\xc3\xa4ureregulator(Citronens\xc3\xa4ure). Kann ERDN\xc3\x9cSSEN, SCHALENFR\xc3\x9cCHTE & SESAM enthalten.Allergenhinweise: Enth\xc3\xa4lt: Soja und Sojaerzeugnisse. Weizen und Weizenerzeugnisse (glutenhaltiges Getreide). Glutenhaltiges Getreide und glutenhaltige Getreideerzeugnisse. Kann enthalten: Erdn\xc3\xbcsse und Erdnusserzeugnisse. N\xc3\xbcsse und Nusserzeugnisse. Sesamsamen und Sesamsamenerzeugnisse.N\xc3\xa4hrwerteDurchschnittliche N\xc3\xa4hrwerteUnzubereitet pro 100 gEnergie2.254 kJEnergie540 kcalFett32,3 gFett, davon ges\xc3\xa4ttigte Fetts\xc3\xa4uren2,8 gKohlenhydrate58,1 gKohlenhydrate, davon Zucker14,5 gBallaststoffe1,3 gEiwei\xc3\x9f3,6 gSalz2,4 gHinweiseAufbewahrungs- und Verwendungshinweis: K\xc3\xbchl, trocken und lichtgesch\xc3\xbctzt lagern.Information: Unter Schutzatmosph\xc3\xa4re verpackt.ArtikeldetailsMarke: MitsubaUrsprungsland: NiederlandeKontaktKontaktname: MitsubaKontaktadresse: P.O. Box 43464, 2504 AL The Hague, NLF\xc3\xbcr die vorstehenden Angaben wird keine Haftung \xc3\xbcbernommen. Bitte pr\xc3\xbcfen Sie im Einzelfall die Angaben auf der jeweiligen Produktverpackung, nur diese sind verbindlich.Das Produktdesign kann von der Abbildung abweichen.""",Im Weiher 14,Rewe,Süßes & Salziges,2023-07-09,"Gültig ab morgen bis Samstag, 15.07.2023"
Mitsuba Japanese Peanut Crunch & Crispies,https://img.rewe-static.de/REWE_CENTER_HZ28_2023/8348948/31504369-13_digital-image.png?impolicy=s-offers&imwidth=200&output-format=image/webp,,https://shop.rewe.de/productList?search=2832136,,"je 100-g-Btl , (1 kg = 14.90)",Aktion,"1,49 €","b'ProduktbeschreibungArtikelnummer 8348948Zutaten & AllergeneZutaten: 53% Reis, WEIZENMEHL, Zucker, 8% ERDN\xc3\x9cSSE, modifizierte Maisst\xc3\xa4rke, 5% Sojaso\xc3\x9fe (Wasser, SOJABOHNEN, WEIZEN, Salz), SESAM, Glukosesirup, 0,7% Meeresalgen, Maltodextrin, Hefeextrakt, Salz, St\xc3\xa4rke (Tapioka, Kartoffel), Farbstoff (Zuckerkul\xc3\xb6r, Paprikaextrakt, E141).Allergenhinweise: Enth\xc3\xa4lt: Weizen und Weizenerzeugnisse (glutenhaltiges Getreide). Erdn\xc3\xbcsse und Erdnusserzeugnisse. Soja und Sojaerzeugnisse.N\xc3\xa4hrwerteDurchschnittliche N\xc3\xa4hrwerteUnzubereitet pro 100 gEnergie1.661 kJEnergie393 kcalFett5,2 gFett, davon ges\xc3\xa4ttigte Fetts\xc3\xa4uren1,1 gKohlenhydrate76 gKohlenhydrate, davon Zucker13,2 gBallaststoffe4,1 gEiwei\xc3\x9f8,6 gSalz1,3 gHinweiseAufbewahrungs- und Verwendungshinweis: Mindestens haltbar bis Ende: siehe VerpackungsaufdruckArtikeldetailsMarke: MitsubaEigenschaften: *Neu*KontaktKontaktname: Menken Orlando B.V.,Kontaktadresse: Kerketuinenweg 35, NL-2544 CV, Den Haag, The NetherlandsMaximale Bestellmenge: 15 St\xc3\xbcckF\xc3\xbcr die vorstehenden Angaben wird keine Haftung \xc3\xbcbernommen. Bitte pr\xc3\xbcfen Sie im Einzelfall die Angaben auf der jeweiligen Produktverpackung, nur diese sind verbindlich.Das Produktdesign kann von der Abbildung abweichen.'",Im Weiher 14,Rewe,Süßes & Salziges,2023-07-09,"Gültig ab morgen bis Samstag, 15.07.2023"
Alwa Mineralwasser,https://img.rewe-static.de/REWE_CENTER_HZ28_2023/7271554/27910389-9_digital-image.png?impolicy=s-offers&imwidth=200&output-format=image/webp,,https://shop.rewe.de/productList?search=2832136,,"versch. Sorten , je 12 x 0,75-l-Fl.-Kasten , (1 l = 0.44) , zzgl. 3.30 Pfand",Knaller,"3,99 €","b'ProduktbeschreibungArtikelnummer 7271554Zutaten & AllergeneZutaten: Mineralwasser, Kohlens\xc3\xa4ure.N\xc3\xa4hrwerteDurchschnittliche N\xc3\xa4hrwerteUnzubereitet pro 1 lCalcium520 mgMagnesium65 mgHinweiseInformation: Quellort: Sersheim; Quellname: alwaAnalysenauszug Mineralien - in mg/L:Natrium 17Kalium 5,4Calcium 520Magnesium 65Chlorid 29Sulfat 1170Hydrogencarbonat 415Analyse des Institut Dr. L\xc3\xb6rcher und Partner mbB, Ludwigsburg, best\xc3\xa4tigt durch laufende Kontrollen.ArtikeldetailsMarke: AlwaNettof\xc3\xbcllmenge: 0,75 LEigenschaften: RegionalPackungsgr\xc3\xb6\xc3\x9fe: 0,75lKontaktKontaktname: alwa Mineralbrunnen GmbHKontaktadresse: 74372 SersheimF\xc3\xbcr die vorstehenden Angaben wird keine Haftung \xc3\xbcbernommen. Bitte pr\xc3\xbcfen Sie im Einzelfall die Angaben auf der jeweiligen Produktverpackung, nur diese sind verbindlich.Das Produktdesign kann von der Abbildung abweichen.'",Im Weiher 14,Rewe,Alkoholfreie Getränke,2023-07-09,"Gültig ab morgen bis Samstag, 15.07.2023"
Eiszeit Quell,https://img.rewe-static.de/REWE_CENTER_HZ28_2023/2100223/3798720-22_digital-image.png?impolicy=s-offers&imwidth=200&output-format=image/webp,,https://shop.rewe.de/productList?search=2832136,,"versch. Sorten , je 9 x 1-l-Fl.-Kasten , (1 l = 0.67) , zzgl. 3.75 Pfand",Knaller,"5,99 €","ProduktbeschreibungArtikelnummer 2100223NährwerteDurchschnittliche NährwerteUnzubereitet pro 1 lKalium3,8 mgChlorid3,2 mgCalcium135 mgMagnesium35 mgFluorid0,6 mgBikarbonat354 mgNatrium6,9 mgSulfat 4+200 mgHinweiseAufbewahrungs- und Verwendungshinweis: Vor Sonnenlicht und Wärme schützenInformation: Kieselsäure 14,8mg/l Quellort:Reutlingen Quellname:Eiszeitquell Analyseinstitut des Chemischen Instituts FreseniusArtikeldetailsMarke: EiszeitquellNettofüllmenge: 1 LPackungsgröße: 1,0lx9KontaktKontaktname: Romina Mineralbrunnen GmbHKontaktadresse: 72768 ReutlingenMaximale Bestellmenge: 15 StückFür die vorstehenden Angaben wird keine Haftung übernommen. Bitte prüfen Sie im Einzelfall die Angaben auf der jeweiligen Produktverpackung, nur diese sind verbindlich.Das Produktdesign kann von der Abbildung abweichen.",Im Weiher 14,Rewe,Alkoholfreie Getränke,2023-07-09,"Gültig ab morgen bis Samstag, 15.07.2023"
Pfanner IceTea,https://img.rewe-static.de/REWE_CENTER_HZ28_2023/0794902/1858640-51_digital-image.png?impolicy=s-offers&imwidth=200&output-format=image/webp,,https://shop.rewe.de/productList?search=2832136,,"versch. Sorten , je 2-l-Pckg , (1 l = 0.56)",Knaller,"1,11 €","b'ProduktbeschreibungArtikelnummer 794902Pfanner IceTea Lemon-Lime wird aus erlesenen Schwarzteesorten nach h\xc3\xb6chsten Qualit\xc3\xa4tsanspr\xc3\xbcchen frisch aufgebr\xc3\xbcht. Hagebutten und Hibiskusbl\xc3\xbcten runden die feinherbe Schwarzteebasis ausgewogen ab. Fruchtiger Zitronensaft und ein Spritzer Limettensaft verfeinern Pfanner IceTea Lemon-Lime zu einem erfrischenden Geschmackserlebnis. Zutaten & AllergeneZutaten: Aufguss aus schwarzem Tee, Hagebutte und Hibiskusbl\xc3\xbcte (Wasser,schwarzer Tee, Hagebutte, Hibiskusbl\xc3\xbcte), Zucker, Zitronensaft (1%) aus Zitronensaftkonzentrat,Limettensaft (1%) aus Limettensaftkonzentrat, S\xc3\xa4uerungsmittel Citronens\xc3\xa4ure, Aroma. Tee-Extrakt: mind. 1,2 g/l.N\xc3\xa4hrwerteDurchschnittliche N\xc3\xa4hrwerteUnzubereitet pro 100 mlEnergie110 kJEnergie26 kcalFett< 0,5 gFett, davon ges\xc3\xa4ttigte Fetts\xc3\xa4uren< 0,1 gKohlenhydrate6,3 gKohlenhydrate, davon Zucker6,3 gEiwei\xc3\x9f< 0,5 gSalz< 0,01 gHinweiseAufbewahrungs- und Verwendungshinweis: Nach dem \xc3\x96ffnen gek\xc3\xbchlt aufbewahren und innerhalb von 3 Tagen aufbrauchen.ArtikeldetailsMarke: PfannerNettof\xc3\xbcllmenge: 2 LUrsprungsland: Europ\xc3\xa4ische UnionKontaktKontaktname: Hermann Pfanner Getr\xc3\xa4nke GmbHKontaktadresse: Alte Landstra\xc3\x9fe 10, 6923 Lauterach, AustriaF\xc3\xbcr die vorstehenden Angaben wird keine Haftung \xc3\xbcbernommen. Bitte pr\xc3\xbcfen Sie im Einzelfall die Angaben auf der jeweiligen Produktverpackung, nur diese sind verbindlich.Das Produktdesign kann von der Abbildung abweichen.'",Im Weiher 14,Rewe,Alkoholfreie Getränke,2023-07-09,"Gültig ab morgen bis Samstag, 15.07.2023"
Orangina Limonade Original,https://img.rewe-static.de/REWE_CENTER_HZ28_2023/8157671/28274487-6_digital-image.png?impolicy=s-offers&imwidth=200&output-format=image/webp,,https://shop.rewe.de/productList?search=2832136,,"je 0,5-l-Fl , (1 l = 1.98) , zzgl. 0.25 Pfand",Aktion,"0,99 €","b'ProduktbeschreibungArtikelnummer 8157671Zutaten & AllergeneZutaten: Wasser, Mehrfruchtsaft aus Fruchtsaftkonzentraten (Orange 10%, Zitrone, Mandarine, Grapefruit), Zucker , 2 % Fruchtfleisch (Orange, Mandarine) , Kohlens\xc3\xa4ure, Orangenschalenextrakt, nat\xc3\xbcrliches Orangenaroma.N\xc3\xa4hrwerteDurchschnittliche N\xc3\xa4hrwerteUnzubereitet pro 100 mlEnergie183 kJEnergie43 kcalFett0 gFett, davon ges\xc3\xa4ttigte Fetts\xc3\xa4uren0 gKohlenhydrate10 gKohlenhydrate, davon Zucker10 gBallaststoffe0 gEiwei\xc3\x9f0 gSalz0 gHinweiseAufbewahrungs- und Verwendungshinweis: Bitte k\xc3\xbchl und dunkel lagernArtikeldetailsMarke: OranginaNettof\xc3\xbcllmenge: 0,5 LUrsprungsland: DeutschlandKontaktKontaktname: Schweppes Deutschland GmbHKontaktadresse: Hagener Stra\xc3\x9fe 261, 57223 KreuztalF\xc3\xbcr die vorstehenden Angaben wird keine Haftung \xc3\xbcbernommen. Bitte pr\xc3\xbcfen Sie im Einzelfall die Angaben auf der jeweiligen Produktverpackung, nur diese sind verbindlich.Das Produktdesign kann von der Abbildung abweichen.'",Im Weiher 14,Rewe,Alkoholfreie Getränke,2023-07-09,"Gültig ab morgen bis Samstag, 15.07.2023"
Untouched Mineralwasser Still,https://img.rewe-static.de/REWE_CENTER_HZ28_2023/8840493/39206695-6_digital-image.png?impolicy=s-offers&imwidth=200&output-format=image/webp,,https://shop.rewe.de/productList?search=2832136,,"je 0,5-l-Fl , (1 l = 1.98) , zzgl. 0.25 Pfand",Aktion,"0,99 €",nan,Im Weiher 14,Rewe,Alkoholfreie Getränke,2023-07-09,"Gültig ab morgen bis Samstag, 15.07.2023"
Bionade,https://img.rewe-static.de/REWE_CENTER_HZ28_2023/0674450/25360165-8_digital-image.png?impolicy=s-offers&imwidth=200&output-format=image/webp,,https://shop.rewe.de/productList?search=2832136,,"versch. Sorten , je 12 x 0,33-l-Fl.-Kasten , (1 l = 2.02) , zzgl. 2.46 Pfand",Aktion,"7,99 €","b'ProduktbeschreibungArtikelnummer 674450Zutaten & AllergeneZutaten: Wasser, Zucker*, GERSTENmalz*, Holunderbeerensaft (1,7%) aus Holunderbeerensaftkonzentrat*, Kohlens\xc3\xa4ure, nat\xc3\xbcrliches Apfelsaft-, Orangen-, Blutorangen-Aroma*, S\xc3\xa4ureregulatoren Calcium- u.Magnesiumcarbonat, *Kontrolliert biologischer Anbau.N\xc3\xa4hrwerteDurchschnittliche N\xc3\xa4hrwerteUnzubereitet pro 100 mlEnergie95 kJEnergie22 kcalFett< 0,5 gFett, davon ges\xc3\xa4ttigte Fetts\xc3\xa4uren< 0,1 gKohlenhydrate5 gKohlenhydrate, davon Zucker5 gEiwei\xc3\x9f< 0,5 gSalz< 0,01 gArtikeldetailsMarkeBionadeNettof\xc3\xbcllmenge0,33 LEigenschaftenBio\xc3\x96kologische HerkunftEU/Nicht-EU Landwirtschaft\xc3\x96ko KontrollstelleDE-\xc3\x96KO-012Packungsgr\xc3\xb6\xc3\x9fe0,33lx12KontaktKontaktname: Bionade GmbHKontaktadresse: 97645 Ostheim vor der Rh\xc3\xb6nMaximale Bestellmenge: 15 St\xc3\xbcckF\xc3\xbcr die vorstehenden Angaben wird keine Haftung \xc3\xbcbernommen. Bitte pr\xc3\xbcfen Sie im Einzelfall die Angaben auf der jeweiligen Produktverpackung, nur diese sind verbindlich.Das Produktdesign kann von der Abbildung abweichen.'",Im Weiher 14,Rewe,Alkoholfreie Getränke,2023-07-09,"Gültig ab morgen bis Samstag, 15.07.2023"
Volvic Bio Teegetränk,https://img.rewe-static.de/REWE_CENTER_HZ28_2023/8279796/29189621-10_digital-image.png?impolicy=s-offers&imwidth=200&output-format=image/webp,,https://shop.rewe.de/productList?search=2832136,,"versch. Sorten , je 0,75-l-Fl , (1 l = 1.72) , zzgl. 0.25 Pfand",Aktion,"1,29 €","b'ProduktbeschreibungArtikelnummer 8279796Volvic Bio Tee - Ein einzigartiges Geschmackserlebnis aus besten Zutaten in Bio-Qualit\xc3\xa4t.\nF\xc3\xbcr Tee-Liebhaber und Bio-Fans gibt es Volvic jetzt in drei au\xc3\x9fergew\xc3\xb6hnlichen\nKompositionen inspiriert von den m\xc3\xa4chtigsten Vulkanen der Welt.\nBegeistert von der einzigartigen Erhabenheit des Piton de la Fournaise im exotischen\nInselparadies La Reunion, haben wir unseren Hibiskus Tee mit Litschi Maracuja-Geschmack kreiert.\nVolvic Bio Tee ist leckerer Eistee aus besten Zutaten in Bio-Qualit\xc3\xa4t \xe2\x80\x93 nat\xc3\xbcrlich, zuckerreduziert und mit wenig Kalorien.\nVolvic Bio Tee\n- Einzigartig nat\xc3\xbcrlicher Geschmack in den Sorten Hibiskus Tee, Rooibos Tee, Wei\xc3\x9fer Tee\n- Zuckerreduziert, mit wenig Kalorien\n- Nat\xc3\xbcrliche Zutaten in Bio-Qualit\xc3\xa4t\n- 100% nat\xc3\xbcrliche Aromen... mehr anzeigenZutaten & AllergeneZutaten: Nat\xc3\xbcrliches Mineralwasser Volvic (95%), Bio-Zucker, Bio-Zitronensaft aus Zitronensaftkonzentrat (1,6%), Bio-Hibiskus-Aufguss (0,09%), nat\xc3\xbcrliches Litschi-Passionsfrucht-Aroma, nat\xc3\xbcrliches Passionsfrucht-Aroma, f\xc3\xa4rbendes Bio-Konzentrat aus Holunderbeere, Apfel und schwarzer Johannisbeere.Allergenhinweise: Enth\xc3\xa4lt: Keine deklarationspflichtigen Allergene enthalten.N\xc3\xa4hrwerteDurchschnittliche N\xc3\xa4hrwerteUnzubereitet pro 100 mlEnergie56 kJEnergie13 kcalFett0 gFett, davon ges\xc3\xa4ttigte Fetts\xc3\xa4uren0 gKohlenhydrate3,1 gKohlenhydrate, davon Zucker3,1 gEiwei\xc3\x9f0 gSalz< 0,01 gHinweiseAufbewahrungs- und Verwendungshinweis: Nach dem \xc3\x96ffnen im K\xc3\xbchlschrank aufbewahren und innerhalb von 3 Tagen aufbrauchen. K\xc3\xbchl & trocken lagern sowie vor direkter Sonneneinstrahlung sch\xc3\xbctzen.ArtikeldetailsMarke: VolvicNettof\xc3\xbcllmenge: 0,75 LEigenschaften: BioUrsprungsland: Frankreich\xc3\x96ko Kontrollstelle: FR-BIO-01KontaktKontaktname: Danone Deutschland GmbHKontaktadresse: Postfach 100359, 60003 Frankfurt DeutschlandF\xc3\xbcr die vorstehenden Angaben wird keine Haftung \xc3\xbcbernommen. Bitte pr\xc3\xbcfen Sie im Einzelfall die Angaben auf der jeweiligen Produktverpackung, nur diese sind verbindlich.Das Produktdesign kann von der Abbildung abweichen.'",Im Weiher 14,Rewe,Alkoholfreie Getränke,2023-07-09,"Gültig ab morgen bis Samstag, 15.07.2023"
Vio Flavour Water,https://img.rewe-static.de/REWE_CENTER_HZ28_2023/8874805/37819131-2_digital-image.png?impolicy=s-offers&imwidth=200&output-format=image/webp,,https://shop.rewe.de/productList?search=2832136,,"versch. Sorten , je 1-l-Fl , zzgl. 0.25 Pfand",Aktion,"0,99 €",nan,Im Weiher 14,Rewe,Alkoholfreie Getränke,2023-07-09,"Gültig ab morgen bis Samstag, 15.07.2023"
Karamalz,https://img.rewe-static.de/REWE_CENTER_HZ28_2023/0146790/22381314-3_digital-image.png?impolicy=s-offers&imwidth=200&output-format=image/webp,,https://shop.rewe.de/productList?search=2832136,,"alkoholfreies Malzgetränk , je 20 x 0,5-l-Fl.-Kasten , (1 l = 1.15) , zzgl. 3.10 Pfand",Aktion,"11,49 €","b'ProduktbeschreibungArtikelnummer 146790Karamalz Classic ist ein alkoholfreies Malzgetr\xc3\xa4nk mit der charakteristischen Karamell-Note, die auch namensgebend f\xc3\xbcr Karamalz ist. Durch die Verwendung bester Zutaten, dem Einsatz des typischen Karamell-Malzes und der richtigen Dosis Kohlens\xc3\xa4ure entsteht der einzigartige Geschmack von Karamalz Classic. Die Mixtur der wertvollen Inhaltsstoffe wie Hopfenextrakt und Gerstenmalz - mit der nat\xc3\xbcrlichen Kraft aus Maltose - liefert seit\xc3\xbcber 50 Jahren lecker-starken Trinkgenuss. Es ist somit das ideale Getr\xc3\xa4nk am Ende eines herausfordernden und spannenden Tages und ein Genuss f\xc3\xbcr die ganze Familie.Zutaten & AllergeneZutaten: Wasser, GERSTENMALZ, Glucose-Fructose Sirup, Kohlens\xc3\xa4ure, Hopfenextrakt.N\xc3\xa4hrwerteDurchschnittliche N\xc3\xa4hrwerteUnzubereitet pro 100 mlEnergie184 kJEnergie44 kcalFett0 gFett, davon ges\xc3\xa4ttigte Fetts\xc3\xa4uren0 gKohlenhydrate10,5 gKohlenhydrate, davon Zucker8 gEiwei\xc3\x9f< 0,4 gSalz< 0,01 gHinweiseAufbewahrungs- und Verwendungshinweis: K\xc3\xbchl und dunkel lagernArtikeldetailsMarke: KaramalzNettof\xc3\xbcllmenge: 0,5 LPackungsgr\xc3\xb6\xc3\x9fe: 0,5lx20KontaktKontaktname: Privatbrauerei Eichbaum GmbH & Co.KGKontaktadresse: K\xc3\xa4fertaler Stra\xc3\x9fe 170, 68167 MannheimMaximale Bestellmenge: 15 St\xc3\xbcckF\xc3\xbcr die vorstehenden Angaben wird keine Haftung \xc3\xbcbernommen. Bitte pr\xc3\xbcfen Sie im Einzelfall die Angaben auf der jeweiligen Produktverpackung, nur diese sind verbindlich.Das Produktdesign kann von der Abbildung abweichen.'",Im Weiher 14,Rewe,Alkoholfreie Getränke,2023-07-09,"Gültig ab morgen bis Samstag, 15.07.2023"
Sinalco Orangenlimonade,https://img.rewe-static.de/REWE_CENTER_HZ28_2023/0064822/2879460-37_digital-image.png?impolicy=s-offers&imwidth=200&output-format=image/webp,,https://shop.rewe.de/productList?search=2832136,,"je 1,25-l-Fl , (1 l = 0.63) , zzgl. 0.25 Pfand",Aktion,"0,79 €","b'ProduktbeschreibungArtikelnummer 64822Zutaten & AllergeneZutaten: Nat\xc3\xbcrliches Mineralwasser, Zucker, Orangensaft aus Orangensaftkonzentrat (5%), Kohlens\xc3\xa4ure, S\xc3\xa4uerungsmittel Citronens\xc3\xa4ure, Orangenextrakt, f\xc3\xa4rbendes Lebensmittel Karottensaftkonzentrat, Vitamin C, nat\xc3\xbcrliches Orangenaroma mit anderen nat\xc3\xbcrlichen Aromen, S\xc3\xa4ureregulator Trinatriumcitrat, Stabilisator Johannisbrotkernmehl.N\xc3\xa4hrwerteDurchschnittliche N\xc3\xa4hrwerteUnzubereitet pro 100 mlEnergie167 kJEnergie39 kcalFett0 gFett, davon ges\xc3\xa4ttigte Fetts\xc3\xa4uren0 gKohlenhydrate9,5 gKohlenhydrate, davon Zucker9,5 gEiwei\xc3\x9f0 gSalz0,06 gVitamin C12 mgHinweiseAufbewahrungs- und Verwendungshinweis: Vor Sonnenlicht und W\xc3\xa4rme sch\xc3\xbctzenInformation: Fruchtgehalt: 5%ArtikeldetailsMarke: SinalcoNettof\xc3\xbcllmenge: 1,25 LUrsprungsland: DeutschlandPackungsgr\xc3\xb6\xc3\x9fe: 1,25lKontaktKontaktname: Deutsche Sinalco GmbH Markengetr\xc3\xa4nke & co. KG, In Lizenz der Sinalco International GmbH & Co. KGKontaktadresse: D- 47179 DuisburgMaximale Bestellmenge: 15 St\xc3\xbcckF\xc3\xbcr die vorstehenden Angaben wird keine Haftung \xc3\xbcbernommen. Bitte pr\xc3\xbcfen Sie im Einzelfall die Angaben auf der jeweiligen Produktverpackung, nur diese sind verbindlich.Das Produktdesign kann von der Abbildung abweichen.'",Im Weiher 14,Rewe,Alkoholfreie Getränke,2023-07-09,"Gültig ab morgen bis Samstag, 15.07.2023"
"Gerolsteiner Schorle, Limo, Tee oder Fruity",https://img.rewe-static.de/REWE_CENTER_HZ28_2023/0913150/35561510-9_digital-image.png?impolicy=s-offers&imwidth=200&output-format=image/webp,,https://shop.rewe.de/productList?search=2832136,,"versch. Sorten , je 0,75-l-Fl , (1 l = 1.32) , zzgl. 0.25 Pfand",Aktion,"0,99 €",nan,Im Weiher 14,Rewe,Alkoholfreie Getränke,2023-07-09,"Gültig ab morgen bis Samstag, 15.07.2023"
Vitamalz Alkoholfreies Malzgetränk,https://img.rewe-static.de/REWE_CENTER_HZ28_2023/4366212/1247100-15_digital-image.png?impolicy=s-offers&imwidth=200&output-format=image/webp,,https://shop.rewe.de/productList?search=2832136,,"je 6 x 0,33-l-Fl.-Sixpack , (1 l = 1.76) , zzgl. 0.48 Pfand",Aktion,"3,49 €","b'ProduktbeschreibungArtikelnummer 4366212Zutaten & AllergeneZutaten: Wasser, GERSTENMALZ, Glucose-Fructose-Sirup, Kohlens\xc3\xa4ure, HopfenextraktN\xc3\xa4hrwerteDurchschnittliche N\xc3\xa4hrwerteUnzubereitet pro 100 mlEnergie179 kJEnergie42 kcalKohlenhydrate10,2 gKohlenhydrate, davon Zucker7,9 gArtikeldetailsMarke: VitamalzNettof\xc3\xbcllmenge: 0,33 LPackungsgr\xc3\xb6\xc3\x9fe: 0,33lx6KontaktKontaktname: Vitamalz GmbHKontaktadresse: Hagener Str. 261, 57223 KreuztalF\xc3\xbcr die vorstehenden Angaben wird keine Haftung \xc3\xbcbernommen. Bitte pr\xc3\xbcfen Sie im Einzelfall die Angaben auf der jeweiligen Produktverpackung, nur diese sind verbindlich.Das Produktdesign kann von der Abbildung abweichen.'",Im Weiher 14,Rewe,Alkoholfreie Getränke,2023-07-09,"Gültig ab morgen bis Samstag, 15.07.2023"
Deit oder Spezi,https://img.rewe-static.de/REWE_CENTER_HZ28_2023/0574152/6524320-22_digital-image.png?impolicy=s-offers&imwidth=200&output-format=image/webp,,https://shop.rewe.de/productList?search=2832136,,"versch. Sorten, teilw. koffeinhaltig , je 0,75-l-Fl , (1 l = 1.19) , zzgl. 0.25 Pfand",Aktion,"0,89 €","b'ProduktbeschreibungArtikelnummer 574152DEIT verf\xc3\xbchrt zum Tr\xc3\xa4umen vom S\xc3\xbcden und dem Land, wo die Zitronen bl\xc3\xbchen. Feinherbe Fruchtigkeit, prickelndes Mineralwasser und viele Vitamine \xe2\x80\x93 ganz ohne \xc3\xbcberfl\xc3\xbcssige Kalorien. Die perfekte Mischung f\xc3\xbcr figurbewusste Genie\xc3\x9fer!\nDEIT. Null Zucker, viele Vitamine, voller Fruchtgeschmack!Zutaten & AllergeneZutaten: Nat\xc3\xbcrliches Mineralwasser, Kohlens\xc3\xa4ure, Zitronen- und Orangensaftkonzentrat, konzentrierter Zitronenextrakt, S\xc3\xa4uerungsmittel Citronens\xc3\xa4ure, S\xc3\xbc\xc3\x9fungsmittel Natriumcyclamat, Acesulfam K, Aspartam und Natriumsaccharin, Vitaminmischung (Vitamin C, Vitamin E, Niacin, Pantothenat, Vitamin B6, Fols\xc3\xa4ure, Vitamin B12), nat\xc3\xbcrliches Citrusaroma, Stabilisatoren Guarkernmehl und Pektin.N\xc3\xa4hrwerteDurchschnittliche N\xc3\xa4hrwerteUnzubereitet pro 100 mlEnergie12 kJEnergie3 kcalFett0 gFett, davon ges\xc3\xa4ttigte Fetts\xc3\xa4uren0 gKohlenhydrate0 gKohlenhydrate, davon Zucker0 gEiwei\xc3\x9f0 gSalz0,01 gVitamin E1,8 mgVitamin C8 mgNiacin2,4 mgFols\xc3\xa4ure30 \xc2\xb5gPantothens\xc3\xa4ure0,9 mgVitamin B60,21 mgVitamin B120,25 \xc2\xb5gHinweiseAufbewahrungs- und Verwendungshinweis: Vor W\xc3\xa4rme und Licht sch\xc3\xbctzen.Information: Enth\xc3\xa4lt eine Phenylalaninquelle.ArtikeldetailsMarke: DeitNettof\xc3\xbcllmenge: 0,75 LUrsprungsland: DeutschlandPackungsgr\xc3\xb6\xc3\x9fe: 0,75lKontaktKontaktname: DrinkStar GmbHKontaktadresse: D-83026 RosenheimF\xc3\xbcr die vorstehenden Angaben wird keine Haftung \xc3\xbcbernommen. Bitte pr\xc3\xbcfen Sie im Einzelfall die Angaben auf der jeweiligen Produktverpackung, nur diese sind verbindlich.Das Produktdesign kann von der Abbildung abweichen.'",Im Weiher 14,Rewe,Alkoholfreie Getränke,2023-07-09,"Gültig ab morgen bis Samstag, 15.07.2023"
Sanpellegrino Limonade,https://img.rewe-static.de/REWE_CENTER_HZ28_2023/7836277/34639276-11_digital-image.png?impolicy=s-offers&imwidth=200&output-format=image/webp,,https://shop.rewe.de/productList?search=2832136,,"versch. Sorten , je 0,33-l-Dose , (1 l = 2.70) , zzgl. 0.25 Pfand",Aktion,"0,89 €","b'ProduktbeschreibungArtikelnummer 7836277Zutaten & AllergeneZutaten: Wasser, Orangensaft aus Orangensaftkonzentrat (16%), Zucker, Kohlens\xc3\xa4ure, Zitronensaftkonzentrat, Orangenextrakt (0,1%), nat\xc3\xbcrliches Orangenaroma.N\xc3\xa4hrwerteDurchschnittliche N\xc3\xa4hrwerteUnzubereitet pro 100 mlEnergie149 kJEnergie35 kcalFett0 gFett, davon ges\xc3\xa4ttigte Fetts\xc3\xa4uren0 gKohlenhydrate8,1 gKohlenhydrate, davon Zucker8,1 gBallaststoffe0,1 gEiwei\xc3\x9f0,1 gSalz0 gHinweiseAufbewahrungs- und Verwendungshinweis: Vor Sonne und Frost sch\xc3\xbctzen und an einem sauberen, trockenen, k\xc3\xbchlen und geruchlosen Ort lagern.ArtikeldetailsMarke: San PellegrinoNettof\xc3\xbcllmenge: 0,33 LUrsprungsland: ItalienKontaktKontaktname: SANPELLEGRINO S.p.A.Kontaktadresse: San PellegrinoTerme (BG)Localit\xc3\xa0 Ruspino24016 - ItalienMaximale Bestellmenge: 15 St\xc3\xbcckF\xc3\xbcr die vorstehenden Angaben wird keine Haftung \xc3\xbcbernommen. Bitte pr\xc3\xbcfen Sie im Einzelfall die Angaben auf der jeweiligen Produktverpackung, nur diese sind verbindlich.Das Produktdesign kann von der Abbildung abweichen.'",Im Weiher 14,Rewe,Alkoholfreie Getränke,2023-07-09,"Gültig ab morgen bis Samstag, 15.07.2023"
Rauch Eis Tee,https://img.rewe-static.de/REWE_CENTER_HZ28_2023/8028256/30756925-10_digital-image.png?impolicy=s-offers&imwidth=200&output-format=image/webp,,https://shop.rewe.de/productList?search=2832136,,"versch. Sorten , je 1,5-l-Fl , (1 l = 0.86) , zzgl. 0.25 Pfand",Aktion,"1,29 €","b'ProduktbeschreibungArtikelnummer 8028256Zutaten & AllergeneZutaten: Aufguss aus Schwarztee und Hagebutten (Wasser, Schwarztee, Hagebutten), Zucker, 1,5% Zitronensaft aus Zitronensaftkonzentrat, S\xc3\xa4uerungsmittel: Citronens\xc3\xa4ure; S\xc3\xa4ureregulator: Natriumcitrate; Aroma. Tee-Extrakt: mind. 1,5 g/l.N\xc3\xa4hrwerteDurchschnittliche N\xc3\xa4hrwerteUnzubereitet pro 100 mlEnergie118 kJEnergie28 kcalFett< 0,5 gFett, davon ges\xc3\xa4ttigte Fetts\xc3\xa4uren< 0,1 gKohlenhydrate6,7 gKohlenhydrate, davon Zucker6,7 gEiwei\xc3\x9f< 0,5 gSalz0,02 gHinweiseAufbewahrungs- und Verwendungshinweis: Ge\xc3\xb6ffnet gek\xc3\xbchlt 3 Tage haltbar.ArtikeldetailsMarke: RauchNettof\xc3\xbcllmenge: 1,5 LUrsprungsland: \xc3\x96sterreichKontaktKontaktname: Rauch Fruchts\xc3\xa4fte GmbH & Co OGKontaktadresse: Langgasse 1, A-6830 Rankweil, AustriaF\xc3\xbcr die vorstehenden Angaben wird keine Haftung \xc3\xbcbernommen. Bitte pr\xc3\xbcfen Sie im Einzelfall die Angaben auf der jeweiligen Produktverpackung, nur diese sind verbindlich.Das Produktdesign kann von der Abbildung abweichen.'",Im Weiher 14,Rewe,Alkoholfreie Getränke,2023-07-09,"Gültig ab morgen bis Samstag, 15.07.2023"
Rauch Eistee,https://img.rewe-static.de/REWE_CENTER_HZ28_2023/7994480/38702289-7_digital-image.png?impolicy=s-offers&imwidth=200&output-format=image/webp,,https://shop.rewe.de/productList?search=2832136,,"versch. Sorten, teilw. koffeinhaltig , je 0,33-l-Dose , (1 l = 2.09) , zzgl. 0.25 Pfand",Aktion,"0,69 €","b'ProduktbeschreibungArtikelnummer 7994480Zutaten & AllergeneZutaten: Aufguss aus Schwarztee und Hagebutten (Wasser, Schwarztee, Hagebutten), Zucker, 1,5% Zitronensaft aus Zitronensaftkonzentrat, S\xc3\xa4uerungsmittel: Citronens\xc3\xa4ure; S\xc3\xa4ureregulator: Natriumcitrate; Aroma. Tee-Extrakt: mind. 1,5 g/l.N\xc3\xa4hrwerteDurchschnittliche N\xc3\xa4hrwerteUnzubereitet pro 100 mlEnergie118 kJEnergie28 kcalFett< 0,5 gFett, davon ges\xc3\xa4ttigte Fetts\xc3\xa4uren< 0,1 gKohlenhydrate6,7 gKohlenhydrate, davon Zucker6,7 gEiwei\xc3\x9f< 0,5 gSalz0,02 gHinweiseAufbewahrungs- und Verwendungshinweis: Nach \xc3\x96ffnen aufbrauchen.ArtikeldetailsMarke: RauchUrsprungsland: \xc3\x96sterreichKontaktKontaktname: Rauch Fruchts\xc3\xa4fte GmbH & Co OGKontaktadresse: Langgasse 1, A-6830 Rankweil, AustriaF\xc3\xbcr die vorstehenden Angaben wird keine Haftung \xc3\xbcbernommen. Bitte pr\xc3\xbcfen Sie im Einzelfall die Angaben auf der jeweiligen Produktverpackung, nur diese sind verbindlich.Das Produktdesign kann von der Abbildung abweichen.'",Im Weiher 14,Rewe,Alkoholfreie Getränke,2023-07-09,"Gültig ab morgen bis Samstag, 15.07.2023"
Valensina Kids,https://img.rewe-static.de/REWE_CENTER_HZ28_2023/7858023/35906277-4_digital-image.png?impolicy=s-offers&imwidth=200&output-format=image/webp,,https://shop.rewe.de/productList?search=2832136,,"versch. Sorten , je 0,33-l-Fl , (1 l = 2.70) , zzgl. 0.25 Pfand",Aktion,"0,89 €",nan,Im Weiher 14,Rewe,Alkoholfreie Getränke,2023-07-09,"Gültig ab morgen bis Samstag, 15.07.2023"
Bra Tee,https://img.rewe-static.de/REWE_CENTER_HZ28_2023/7945013/32238044-21_digital-image.png?impolicy=s-offers&imwidth=200&output-format=image/webp,,https://shop.rewe.de/productList?search=2832136,,"versch. Sorten , je 0,75-l-Pckg , (1 l = 1.72)",Aktion,"1,29 €","b'ProduktbeschreibungArtikelnummer 7945013Zutaten & AllergeneZutaten: 89% direkt gebr\xc3\xbchter schwarzer Tee (Wasser, Schwarztee), Zucker, S\xc3\xa4uerungsmittel Citronens\xc3\xa4ure, S\xc3\xa4ureregulator Trinatriumcitrat, Aroma, Pfirsichsaftkonzentrat, Antioxidationsmittel Ascorbins\xc3\xa4ure.N\xc3\xa4hrwerteDurchschnittliche N\xc3\xa4hrwerteUnzubereitet pro 100 mlEnergie143 kJEnergie34 kcalFett0 gFett, davon ges\xc3\xa4ttigte Fetts\xc3\xa4uren0 gKohlenhydrate8,2 gKohlenhydrate, davon Zucker8,2 gBallaststoffe0 gEiwei\xc3\x9f0 gSalz0,04 gArtikeldetailsNettof\xc3\xbcllmenge: 0,75 LKontaktKontaktname: UniBev GmbHKontaktadresse: Roteb\xc3\xbchlstra\xc3\x9fe 66 70178 StuttgartF\xc3\xbcr die vorstehenden Angaben wird keine Haftung \xc3\xbcbernommen. Bitte pr\xc3\xbcfen Sie im Einzelfall die Angaben auf der jeweiligen Produktverpackung, nur diese sind verbindlich.Das Produktdesign kann von der Abbildung abweichen.'",Im Weiher 14,Rewe,Alkoholfreie Getränke,2023-07-09,"Gültig ab morgen bis Samstag, 15.07.2023"
Rockstar Energy Drink,https://img.rewe-static.de/REWE_CENTER_HZ28_2023/7861466/33881992-10_digital-image.png?impolicy=s-offers&imwidth=200&output-format=image/webp,,https://shop.rewe.de/productList?search=2832136,,"versch. Sorten, koffeinhaltig , je 0,5-l-Dose , (1 l = 1.76) , zzgl. 0.25 Pfand",Knaller,"0,88 €","b'ProduktbeschreibungArtikelnummer 7861466Zutaten & AllergeneZutaten: Wasser, Zucker, S\xc3\xa4uerungsmittel Citronens\xc3\xa4ure, Kohlens\xc3\xa4ure, S\xc3\xa4ureregulator Natriumcitrate, Aroma, Koffein (0,03%), Vitamine (Vitamin C, Nicotins\xc3\xa4ureamid, Vitamin B6), Farbstoffe (Ammoniak-Zuckerkul\xc3\xb6r, Riboflavine), Taurin (0,02%), Inosit (0,01%), Ginseng-Aromaextrakt (0,0004%).N\xc3\xa4hrwerteDurchschnittliche N\xc3\xa4hrwerteUnzubereitet pro 100 mlEnergie221 kJEnergie52 kcalFett0 gFett, davon ges\xc3\xa4ttigte Fetts\xc3\xa4uren0 gKohlenhydrate13 gKohlenhydrate, davon Zucker12 gEiwei\xc3\x9f0 gSalz0,17 gVitamin C16 mgNiacin3,2 mgVitamin B60,28 mgHinweiseAufbewahrungs- und Verwendungshinweis: K\xc3\xbchl und trocken aufbewahren.Information: Erh\xc3\xb6hter Koffeingehalt. F\xc3\xbcr Kinder und schwangere oder stillende Frauen nicht empfohlen (Koffeingehalt:31mg/100ml). Nicht empfohlen f\xc3\xbcr Personen, die empfindlich auf Koffein reagieren. In moderaten Mengen konsumieren. Nicht empfohlen mit Alkohol zu mischen.ArtikeldetailsMarke: RockstarNettof\xc3\xbcllmenge: 0,5 LUrsprungsland: DeutschlandKontaktKontaktname: PepsiCo Deutschland GmbHKontaktadresse: D-63263 Neu-IsenburgMaximale Bestellmenge: 15 St\xc3\xbcckF\xc3\xbcr die vorstehenden Angaben wird keine Haftung \xc3\xbcbernommen. Bitte pr\xc3\xbcfen Sie im Einzelfall die Angaben auf der jeweiligen Produktverpackung, nur diese sind verbindlich.Das Produktdesign kann von der Abbildung abweichen.'",Im Weiher 14,Rewe,Alkoholfreie Getränke,2023-07-09,"Gültig ab morgen bis Samstag, 15.07.2023"
Pepsi,https://img.rewe-static.de/REWE_CENTER_HZ28_2023/8541362/32711974-34_digital-image.png?impolicy=s-offers&imwidth=200&output-format=image/webp,,https://shop.rewe.de/productList?search=2832136,,"versch. Sorten, koffeinhaltig , je 1,5-l-Fl , (1 l = 0.66) , zzgl. 0.25 Pfand",Knaller,"0,99 €","b'ProduktbeschreibungArtikelnummer 8541362Zutaten & AllergeneZutaten: Wasser, Zucker, Kohlens\xc3\xa4ure, Farbstoff E 150d, S\xc3\xa4uerungsmittel Phosphors\xc3\xa4ure, Aroma, S\xc3\xbc\xc3\x9fungsmittel (Acesulfam K, Sucralose), Aroma Koffein.N\xc3\xa4hrwerteDurchschnittliche N\xc3\xa4hrwerteUnzubereitet pro 100 mlEnergie120 kJEnergie28 kcalFett0 gFett, davon ges\xc3\xa4ttigte Fetts\xc3\xa4uren0 gKohlenhydrate7 gKohlenhydrate, davon Zucker7 gEiwei\xc3\x9f0 gSalz< 0,01 gHinweiseAufbewahrungs- und Verwendungshinweis: Mindestens haltbar bis: Siehe Flaschenhals.ArtikeldetailsMarke: PepsiNettof\xc3\xbcllmenge: 1,5 LUrsprungsland: DeutschlandKontaktKontaktname: PepsiCo Deutschland GmbHKontaktadresse: D-63263 Neu-IsenburgMaximale Bestellmenge: 15 St\xc3\xbcckF\xc3\xbcr die vorstehenden Angaben wird keine Haftung \xc3\xbcbernommen. Bitte pr\xc3\xbcfen Sie im Einzelfall die Angaben auf der jeweiligen Produktverpackung, nur diese sind verbindlich.Das Produktdesign kann von der Abbildung abweichen.'",Im Weiher 14,Rewe,Alkoholfreie Getränke,2023-07-09,"Gültig ab morgen bis Samstag, 15.07.2023"
Lipton Ice Tea oder Sparkling,https://img.rewe-static.de/REWE_CENTER_HZ28_2023/8553666/32715823-10_digital-image.png?impolicy=s-offers&imwidth=200&output-format=image/webp,,https://shop.rewe.de/productList?search=2832136,,"versch. Sorten , je 1,5-l-Fl , (1 l = 0.66) , zzgl. 0.25 Pfand",Aktion,"0,99 €","b'ProduktbeschreibungArtikelnummer 8553666Zutaten & AllergeneZutaten: Wasser, Zucker, Fruktose, S\xc3\xa4uerungsmittel (Citronens\xc3\xa4ure), Schwarztee-Extrakt\xe2\x81\xbd\xc2\xb9\xe2\x81\xbe (0,12%), Zitronensaft aus Zitronensaftkonzentrat (0,1%), Aromen, S\xc3\xa4ureregulator Trinatriumcitrat, Antioxidationsmittel Ascorbins\xc3\xa4ure, S\xc3\xbc\xc3\x9fungsmittel Steviolglycoside.\xe2\x81\xbd\xc2\xb9\xe2\x81\xbe Rainforest Alliance Certified.Mehr Informationen unter ra.org.N\xc3\xa4hrwerteDurchschnittliche N\xc3\xa4hrwerteUnzubereitet pro 100 mlEnergie81 kJEnergie19 kcalFett< 0,5 gFett, davon ges\xc3\xa4ttigte Fetts\xc3\xa4uren< 0,1 gKohlenhydrate4,6 gKohlenhydrate, davon Zucker4,5 gEiwei\xc3\x9f< 0,5 gSalz0,03 gHinweiseAufbewahrungs- und Verwendungshinweis: Nach dem \xc3\x96ffnen im K\xc3\xbchlschrank aufbewahren und bald konsumieren.ArtikeldetailsMarke: LiptonNettof\xc3\xbcllmenge: 1,5 LUrsprungsland: DeutschlandKontaktKontaktname: PepsiCo Deutschland GmbHKontaktadresse: D-63263 Neu-IsenburgMaximale Bestellmenge: 15 St\xc3\xbcckF\xc3\xbcr die vorstehenden Angaben wird keine Haftung \xc3\xbcbernommen. Bitte pr\xc3\xbcfen Sie im Einzelfall die Angaben auf der jeweiligen Produktverpackung, nur diese sind verbindlich.Das Produktdesign kann von der Abbildung abweichen.'",Im Weiher 14,Rewe,Alkoholfreie Getränke,2023-07-09,"Gültig ab morgen bis Samstag, 15.07.2023"
S. Pellegrino Mineralwasser,https://img.rewe-static.de/REWE_CENTER_HZ28_2023/0106565/9482880-6_digital-image.png?impolicy=s-offers&imwidth=200&output-format=image/webp,,https://shop.rewe.de/productList?search=2832136,,"je 1-l-Fl , zzgl. 0.25 Pfand",Aktion,"0,79 €","b'ProduktbeschreibungArtikelnummer 106565S.Pellegrino bringt echtes italienisches Lebensgef\xc3\xbchl direkt zu Ihnen nach Hause. Ein feinperliges nat\xc3\xbcrliches Mineralwasser f\xc3\xbcr Genie\xc3\x9fer, das stilvoll erfrischt.\n\nUnnachahmlich prickelnd und frisch, so schmeckt S.Pellegrino. Das liegt an der einzigartigen Balance, die das Mineralwasser besonders feinperlig sprudeln l\xc3\xa4sst. Ausgewogen mineralisiert, ist S.Pellegrino ein ebenso spritziger wie authentischer Genuss.\n\nEin Wasser mit Tradition\n\nS.Pellegrino, das bereits seit 1899 Genie\xc3\x9fer begeistert, entspringt in der nahezu unber\xc3\xbchrten Natur der lombardischen Alpen. Auf seiner langen Reise durch breite Schichten Dolomit- und Gipsgestein erh\xc3\xa4lt das Wasser seine ausgewogene Mineralisierung und seine besondere Reinheit. \n\nImmer ein Genuss\n\nMit seinem nat\xc3\xbcrlichen und lebendigen Temperament ist S.Pellegrino ein Wasser, das einfach \xc3\xbcberall genossen werden kann. Darum gibt es den italienischen Klassiker auch in handlichen 1,0L Pet-Flaschen \xe2\x80\x93 Wie geschaffen f\xc3\xbcr geselliges Beisammensein und genussvolles Miteinander. Besonders praktisch: Im Sixpack haben Sie immer eine Flasche in Reserve.\n\nS.Pellegrino\n- Nat\xc3\xbcrliches feinperliges Mineralwasser\n- Erfrischt einfach herrlich italienisch\n- Ein Wasser f\xc3\xbcr anspruchsvolle Genie\xc3\x9fer\n- Ausgewogen mineralisiert und besonders prickelnd\n- Wassergenuss f\xc3\xbcr jede Gelegenheit in handlichen Pet-Flaschen... mehr anzeigenSeit 1899 ist S.Pellegrino eine Ikone italienischen Stils und eines der bekanntesten nat\xc3\xbcrlichen Mineralwasser der Welt. Dank seiner perfekten Balance aus feinperliger Kohlens\xc3\xa4ure, Mineralisierung und einzigartigem Geschmack \xc3\xbcberzeugt es Sommeliers und Spitzenk\xc3\xb6che. \nSo inspiriert S.Pellegrino dazu, genussvolle Momente auszukosten und sie zu teilen.N\xc3\xa4hrwerteDurchschnittliche N\xc3\xa4hrwerteUnzubereitet pro 1 lChlorid49,4 mgCalcium166 mgMagnesium49,5 mgBikarbonat244 mgNatrium30 mgSulfat 4+401 mgHinweiseAufbewahrungs- und Verwendungshinweis: Vor Sonne und Frost sch\xc3\xbctzen und an einem sauberen, trockenen, k\xc3\xbchlen und geruchlosen Ort lagern.Information: Abdampfr\xc3\xbcckstand bei 180 Grad: 853 mg/LpH-Wert an der Quelle: 7,7Aus der S.PELLEGRINO Quelle in SAN PELLEGRINO TERME (BERGAMO) ITALIENArtikeldetailsMarke: San PellegrinoNettof\xc3\xbcllmenge: 1 LUrsprungsland: ItalienPackungsgr\xc3\xb6\xc3\x9fe: 1,0lKontaktKontaktname: SANPELLEGRINO S.P.A.Kontaktadresse: 24016 SAN PELLEGRINO TERME (BG)LOCALIT\xc3\x80 RUSPINO - ITALIENMaximale Bestellmenge: 15 St\xc3\xbcckF\xc3\xbcr die vorstehenden Angaben wird keine Haftung \xc3\xbcbernommen. Bitte pr\xc3\xbcfen Sie im Einzelfall die Angaben auf der jeweiligen Produktverpackung, nur diese sind verbindlich.Das Produktdesign kann von der Abbildung abweichen.'",Im Weiher 14,Rewe,Alkoholfreie Getränke,2023-07-09,"Gültig ab morgen bis Samstag, 15.07.2023"
Jever Pilsener,https://img.rewe-static.de/REWE_CENTER_HZ28_2023/5046009/22381826-10_digital-image.png?impolicy=s-offers&imwidth=200&output-format=image/webp,,https://shop.rewe.de/productList?search=2832136,,"versch. Sorten , je 20 x 0,5-l-Fl.-Kasten , (1 l = 1.20) , zzgl. 3.10 Pfand",Knaller,"11,99 €","b'Bestellung ab 18 Jahren.F\xc3\xbcr dieses Produkt gilt das Jugendschutzgesetz.ProduktbeschreibungArtikelnummer 5046009Zutaten & AllergeneZutaten: Wasser, GERSTENmalz, Hopfen.N\xc3\xa4hrwerteDurchschnittliche N\xc3\xa4hrwerteUnzubereitet pro 100 mlEnergie167 kJEnergie40 kcalFett0 gFett, davon ges\xc3\xa4ttigte Fetts\xc3\xa4uren0 gKohlenhydrate2,2 gKohlenhydrate, davon Zucker< 0,5 gEiwei\xc3\x9f< 0,5 gSalz0,02 gArtikeldetailsMarke: JeverAlkoholgehalt: 4,9 % Vol.Packungsgr\xc3\xb6\xc3\x9fe: 0,5lx20KontaktKontaktname: Friesisches Brauhaus zu JeverKontaktadresse: Elisabethufer 18 26441 JeverMaximale Bestellmenge: 15 St\xc3\xbcckF\xc3\xbcr die vorstehenden Angaben wird keine Haftung \xc3\xbcbernommen. Bitte pr\xc3\xbcfen Sie im Einzelfall die Angaben auf der jeweiligen Produktverpackung, nur diese sind verbindlich.Das Produktdesign kann von der Abbildung abweichen.'",Im Weiher 14,Rewe,Bier,2023-07-09,"Gültig ab morgen bis Samstag, 15.07.2023"
Franziskaner Weissbier,https://img.rewe-static.de/REWE_CENTER_HZ28_2023/4669606/22381783-6_digital-image.png?impolicy=s-offers&imwidth=200&output-format=image/webp,,https://shop.rewe.de/productList?search=2832136,,"versch. Sorten , je 20 x 0,5-l-Fl.-Kasten , (1 l = 1.30) , zzgl. 3.10 Pfand",Knaller,"12,99 €","b'Bestellung ab 18 Jahren.F\xc3\xbcr dieses Produkt gilt das Jugendschutzgesetz.ProduktbeschreibungArtikelnummer 4669606Zutaten & AllergeneZutaten: Wasser, WEIZENMALZ, GERSTENMALZ, Hefe, HopfenextraktN\xc3\xa4hrwerteDurchschnittliche N\xc3\xa4hrwerteUnzubereitet pro 100 mlEnergie180 kJEnergie43 kcalFett0,01 gFett, davon ges\xc3\xa4ttigte Fetts\xc3\xa4uren0,01 gKohlenhydrate2,6 gKohlenhydrate, davon Zucker0,2 gBallaststoffe0,4 gEiwei\xc3\x9f0,78 gSalz0,01 gHinweiseInformation: Kein Verzehr in Zusammenhang mita)dem F\xc3\xbchren von Fahrzeugen,b)einer Schwangerschaft,c)Medikamenten-EinnahmeArtikeldetailsMarke: FranziskanerAlkoholgehalt: 5 % Vol.Packungsgr\xc3\xb6\xc3\x9fe: 0,5lx20KontaktKontaktname: Spaten-Franziskaner Br\xc3\xa4u GmbHKontaktadresse: D-80335 M\xc3\xbcnchen, Marsstr. 46Maximale Bestellmenge: 15 St\xc3\xbcckF\xc3\xbcr die vorstehenden Angaben wird keine Haftung \xc3\xbcbernommen. Bitte pr\xc3\xbcfen Sie im Einzelfall die Angaben auf der jeweiligen Produktverpackung, nur diese sind verbindlich.Das Produktdesign kann von der Abbildung abweichen.'",Im Weiher 14,Rewe,Bier,2023-07-09,"Gültig ab morgen bis Samstag, 15.07.2023"
Warsteiner Pils,https://img.rewe-static.de/REWE_CENTER_HZ28_2023/4665945/27706345-2_digital-image.png?impolicy=s-offers&imwidth=200&output-format=image/webp,,https://shop.rewe.de/productList?search=2832136,,"je 20 x 0,5-l-Fl.-Kasten , (1 l = 1.10) , zzgl. 3.10 + 0.50 Pfand",Knaller,"10,99 €","b'Bestellung ab 18 Jahren.F\xc3\xbcr dieses Produkt gilt das Jugendschutzgesetz.ProduktbeschreibungArtikelnummer 4665945Mit \xc3\xbcber 260-j\xc3\xa4hriger Brautradition entsteht dieses eiskalt filtrierte internationale Pilsener der Premium-Klasse in der WARSTEINER Privatbrauerei. Der besonders hohe Anspruch an Qualit\xc3\xa4t und Geschmack beginnt bereits bei der Auswahl von besonders weichem Brauwasser, Hopfen aus der Hallertau und feinstem Sommergerstenmalz.Zutaten & AllergeneZutaten: Brauwasser, GERSTENMALZ, Hopfen, HopfenextraktN\xc3\xa4hrwerteDurchschnittliche N\xc3\xa4hrwerteUnzubereitet pro 100 mlEnergie175 kJEnergie42 kcalFett0 gFett, davon ges\xc3\xa4ttigte Fetts\xc3\xa4uren0 gKohlenhydrate3,5 gKohlenhydrate, davon Zucker0 gEiwei\xc3\x9f0,5 gSalz0 gArtikeldetailsMarke: WarsteinerAlkoholgehalt: 4,8 % Vol.Packungsgr\xc3\xb6\xc3\x9fe: 0,5lx20KontaktKontaktname: Warsteiner Brauerei Haus Cramer KGKontaktadresse: 59564 Warstein / DeutschlandMaximale Bestellmenge: 15 St\xc3\xbcckF\xc3\xbcr die vorstehenden Angaben wird keine Haftung \xc3\xbcbernommen. Bitte pr\xc3\xbcfen Sie im Einzelfall die Angaben auf der jeweiligen Produktverpackung, nur diese sind verbindlich.Das Produktdesign kann von der Abbildung abweichen.'",Im Weiher 14,Rewe,Bier,2023-07-09,"Gültig ab morgen bis Samstag, 15.07.2023"
Paulaner Weißbier oder Münchner Hell,https://img.rewe-static.de/REWE_CENTER_HZ28_2023/4989473/4783810-39_digital-image.png?impolicy=s-offers&imwidth=200&output-format=image/webp,,https://shop.rewe.de/productList?search=2832136,,"je 20 x 0,5-l-Fl.-Kasten , (1 l = 1.35) , zzgl. 3.10 Pfand",Knaller,"13,49 €","b'Bestellung ab 18 Jahren.F\xc3\xbcr dieses Produkt gilt das Jugendschutzgesetz.ProduktbeschreibungArtikelnummer 4989473Hefe-Wei\xc3\x9fbier Naturtr\xc3\xbcb\n\nZutaten: Wasser, WEIZENMALZ, GERSTENMALZ, Hefe, Hopfen.\nAlkoholgehalt: 5,5%\n\nKontaktname: Paulaner Brauerei GmbH & Co. KG\nKontaktadresse: Hochstra\xc3\x9fe 75 81541 Muenchen Zutaten & AllergeneZutaten: Wasser, WEIZENMALZ, GERSTENMALZ, Hefe, Hopfen.HinweiseAufbewahrungs- und Verwendungshinweis: K\xc3\xbchl und dunkel lagern.ArtikeldetailsMarke: PaulanerAlkoholgehalt: 5,5 % Vol.Packungsgr\xc3\xb6\xc3\x9fe: 0,5lx20KontaktKontaktname: Paulaner Brauerei Gruppe GmbH & Co. KGaAKontaktadresse: Ohlm\xc3\xbcllerstr. 42 81541 MuenchenF\xc3\xbcr die vorstehenden Angaben wird keine Haftung \xc3\xbcbernommen. Bitte pr\xc3\xbcfen Sie im Einzelfall die Angaben auf der jeweiligen Produktverpackung, nur diese sind verbindlich.Das Produktdesign kann von der Abbildung abweichen.'",Im Weiher 14,Rewe,Bier,2023-07-09,"Gültig ab morgen bis Samstag, 15.07.2023"
Heller Seggl,https://img.rewe-static.de/REWE_CENTER_HZ28_2023/8101326/28902168-23_digital-image.png?impolicy=s-offers&imwidth=200&output-format=image/webp,,https://shop.rewe.de/productList?search=2832136,,"je 20 x 0,5-l-Fl.-Kasten , (1 l = 1.20) , zzgl. 3.10 Pfand",Aktion,"11,99 €","b'Bestellung ab 18 Jahren.F\xc3\xbcr dieses Produkt gilt das Jugendschutzgesetz.ProduktbeschreibungArtikelnummer 8101326Zutaten & AllergeneZutaten: Wasser, Gerstenmalz, Hopfen.Allergenhinweise: Gersten und Gerstenerzeugnisse (glutenhaltiges Getreide).N\xc3\xa4hrwerteDurchschnittliche N\xc3\xa4hrwerteUnzubereitet pro 100 mlEnergie167 kJEnergie40 kcalFett< 0,1 gFett, davon ges\xc3\xa4ttigte Fetts\xc3\xa4uren< 0,1 gKohlenhydrate2,94 gKohlenhydrate, davon Zucker< 0,2 gEiwei\xc3\x9f0,46 gSalz< 0,01 gArtikeldetailsAlkoholgehalt: 5,1 % Vol.KontaktKontaktname: REWE Markt GmbHKontaktadresse: Im Unteren Wald, 69168 WieslochMaximale Bestellmenge: 15 St\xc3\xbcckF\xc3\xbcr die vorstehenden Angaben wird keine Haftung \xc3\xbcbernommen. Bitte pr\xc3\xbcfen Sie im Einzelfall die Angaben auf der jeweiligen Produktverpackung, nur diese sind verbindlich.Das Produktdesign kann von der Abbildung abweichen.'",Im Weiher 14,Rewe,Bier,2023-07-09,"Gültig ab morgen bis Samstag, 15.07.2023"
Benediktiner Hell,https://img.rewe-static.de/REWE_CENTER_HZ28_2023/3145695/26404048-8_digital-image.png?impolicy=s-offers&imwidth=200&output-format=image/webp,,https://shop.rewe.de/productList?search=2832136,,"je 20 x 0,5-l-Fl.-Kasten , (1 l = 1.50) , zzgl. 3.10 Pfand",Aktion,"14,99 €","b'Bestellung ab 18 Jahren.F\xc3\xbcr dieses Produkt gilt das Jugendschutzgesetz.ProduktbeschreibungArtikelnummer 3145695Zutaten & AllergeneZutaten: Wasser, GERSTENMALZ, HopfenHinweiseAufbewahrungs- und Verwendungshinweis: Bitte k\xc3\xbchl und dunkel lagernArtikeldetailsMarke: BenediktinerAlkoholgehalt: 5 % Vol.KontaktKontaktname: Benediktiner Weissbr\xc3\xa4u GmbHKontaktadresse: 82488 EttalMaximale Bestellmenge: 15 St\xc3\xbcckF\xc3\xbcr die vorstehenden Angaben wird keine Haftung \xc3\xbcbernommen. Bitte pr\xc3\xbcfen Sie im Einzelfall die Angaben auf der jeweiligen Produktverpackung, nur diese sind verbindlich.Das Produktdesign kann von der Abbildung abweichen.'",Im Weiher 14,Rewe,Bier,2023-07-09,"Gültig ab morgen bis Samstag, 15.07.2023"
Bayreuther Aktien Zwick’l Kellerbier,https://img.rewe-static.de/REWE_CENTER_HZ28_2023/1359460/22381580-9_digital-image.png?impolicy=s-offers&imwidth=200&output-format=image/webp,,https://shop.rewe.de/productList?search=2832136,,"je 20 x 0,5-l-Fl.-Kasten , (1 l = 1.50) , zzgl. 4.50 Pfand",Aktion,"14,99 €","b""Bestellung ab 18 Jahren.F\xc3\xbcr dieses Produkt gilt das Jugendschutzgesetz.ProduktbeschreibungArtikelnummer 1359460Zutaten & AllergeneZutaten: Wasser, GERSTENMALZ, Hefe, HopfenArtikeldetailsMarke: Aktien Zwick'lAlkoholgehalt: 5,3 % Vol.Packungsgr\xc3\xb6\xc3\x9fe: 20x0,5lKontaktKontaktname: Bayreuther Bierbrauerei AGKontaktadresse: Hindenburgstra\xc3\x9fe 9, 95445 BayreuthF\xc3\xbcr die vorstehenden Angaben wird keine Haftung \xc3\xbcbernommen. Bitte pr\xc3\xbcfen Sie im Einzelfall die Angaben auf der jeweiligen Produktverpackung, nur diese sind verbindlich.Das Produktdesign kann von der Abbildung abweichen.""",Im Weiher 14,Rewe,Bier,2023-07-09,"Gültig ab morgen bis Samstag, 15.07.2023"
Heineken Beer,https://img.rewe-static.de/REWE_CENTER_HZ28_2023/1443690/30786658-10_digital-image.png?impolicy=s-offers&imwidth=200&output-format=image/webp,,https://shop.rewe.de/productList?search=2832136,,"je 28 x 0,25/20 x 0,4-l-Fl.-Kasten , (1 l = 2.14/1.87) , zzgl. 3.74/3.10 Pfand",Aktion,"14,99 €","b'Bestellung ab 18 Jahren.F\xc3\xbcr dieses Produkt gilt das Jugendschutzgesetz.ProduktbeschreibungArtikelnummer 1443690Heineken\xc2\xae ist ein gold-gelbes Lager mit 100 % nat\xc3\xbcrlichen Zutaten und einem kleinen, feinen Extra: A-Hefe. Heinekens einzigartige A-Hefe sorgt f\xc3\xbcr volles Aroma und feine Fruchtnoten. Der Abgang ist mild und leicht bitter.\nOffizieller Partner von der EURO 2020, UEFA Champions League, James Bond, Rugby, Formel 1 und Formel-e Zutaten & AllergeneZutaten: Wasser, GERSTENMALZ, Hopfenextrakt.N\xc3\xa4hrwerteDurchschnittliche N\xc3\xa4hrwerteUnzubereitet pro 100 mlEnergie176 kJEnergie42 kcalFett0 gFett, davon ges\xc3\xa4ttigte Fetts\xc3\xa4uren0 gKohlenhydrate3,2 gKohlenhydrate, davon Zucker< 0 gBallaststoffe0 gEiwei\xc3\x9f0 gSalz< 0,01 gArtikeldetailsMarke: HeinekenAlkoholgehalt: 5 % Vol.Packungsgr\xc3\xb6\xc3\x9fe: 0,25lx28KontaktKontaktname: Heineken Deutschland GmbHKontaktadresse: Ehrenbergstr. 19, 10245 BerlinMaximale Bestellmenge: 15 St\xc3\xbcckF\xc3\xbcr die vorstehenden Angaben wird keine Haftung \xc3\xbcbernommen. Bitte pr\xc3\xbcfen Sie im Einzelfall die Angaben auf der jeweiligen Produktverpackung, nur diese sind verbindlich.Das Produktdesign kann von der Abbildung abweichen.'",Im Weiher 14,Rewe,Bier,2023-07-09,"Gültig ab morgen bis Samstag, 15.07.2023"
Veltins Helles Pülleken,https://img.rewe-static.de/REWE_CENTER_HZ28_2023/8423348/30997960-4_digital-image.png?impolicy=s-offers&imwidth=200&output-format=image/webp,,https://shop.rewe.de/productList?search=2832136,,"je 24 x 0,33-l-Fl.-Kasten , (1 l = 1.77) , zzgl. 3.42 Pfand",Aktion,"13,99 €","b'Bestellung ab 18 Jahren.F\xc3\xbcr dieses Produkt gilt das Jugendschutzgesetz.ProduktbeschreibungArtikelnummer 8423348Zutaten & AllergeneZutaten: Wasser, GERSTENMALZ, Hopfen.N\xc3\xa4hrwerteDurchschnittliche N\xc3\xa4hrwerteUnzubereitet pro 100 mlEnergie179 kJEnergie43 kcalHinweiseAufbewahrungs- und Verwendungshinweis: Mindestens haltbar bis: Siehe Verpackungsaufdruck.ArtikeldetailsMarke: P\xc3\xbcllekenAlkoholgehalt: 5,2 % Vol.KontaktKontaktname: Brauerei C. & A. Veltins GmbH & Co. KGKontaktadresse: 59872 Meschede-GrevensteinF\xc3\xbcr die vorstehenden Angaben wird keine Haftung \xc3\xbcbernommen. Bitte pr\xc3\xbcfen Sie im Einzelfall die Angaben auf der jeweiligen Produktverpackung, nur diese sind verbindlich.Das Produktdesign kann von der Abbildung abweichen.'",Im Weiher 14,Rewe,Bier,2023-07-09,"Gültig ab morgen bis Samstag, 15.07.2023"
Störtebeker Pilsener,https://img.rewe-static.de/REWE_CENTER_HZ28_2023/0084913/5196500-25_digital-image.png?impolicy=s-offers&imwidth=200&output-format=image/webp,,https://shop.rewe.de/productList?search=2832136,,"je 20 x 0,5-l-Fl.-Kasten , (1 l = 1.60) , zzgl. 3.10 Pfand",Aktion,"15,99 €","b'Bestellung ab 18 Jahren.F\xc3\xbcr dieses Produkt gilt das Jugendschutzgesetz.ProduktbeschreibungArtikelnummer 84913Zutaten & AllergeneZutaten: Brauwasser, GERSTENMALZ, HopfenN\xc3\xa4hrwerteDurchschnittliche N\xc3\xa4hrwerteUnzubereitet pro 100 mlEnergie171 kJEnergie40 kcalFett0 gFett, davon ges\xc3\xa4ttigte Fetts\xc3\xa4uren0 gKohlenhydrate3,2 gKohlenhydrate, davon Zucker0,7 gEiwei\xc3\x9f0,5 gSalz0,008 gArtikeldetailsMarke: St\xc3\xb6rtebekerAlkoholgehalt: 4,9 % Vol.Packungsgr\xc3\xb6\xc3\x9fe: 0,5lx20KontaktKontaktname: St\xc3\xb6rtebeker Braumanufaktur GmbHKontaktadresse: Greifswalder Chaussee 84-8518439 StralsundF\xc3\xbcr die vorstehenden Angaben wird keine Haftung \xc3\xbcbernommen. Bitte pr\xc3\xbcfen Sie im Einzelfall die Angaben auf der jeweiligen Produktverpackung, nur diese sind verbindlich.Das Produktdesign kann von der Abbildung abweichen.'",Im Weiher 14,Rewe,Bier,2023-07-09,"Gültig ab morgen bis Samstag, 15.07.2023"
Astra,https://img.rewe-static.de/REWE_CENTER_HZ28_2023/0190044/3268680-38_digital-image.png?impolicy=s-offers&imwidth=200&output-format=image/webp,,https://shop.rewe.de/productList?search=2832136,,"versch. Sorten , je 6 x 0,33-l-Fl.-Sixpack , (1 l = 2.17) , zzgl. 0.48 Pfand",Aktion,"4,29 €","b'Bestellung ab 18 Jahren.F\xc3\xbcr dieses Produkt gilt das Jugendschutzgesetz.ProduktbeschreibungArtikelnummer 190044Zutaten & AllergeneZutaten: Wasser, GERSTENMALZ, HopfenArtikeldetailsMarke: AstraAlkoholgehalt: 4,9 % Vol.Packungsgr\xc3\xb6\xc3\x9fe: 6x0,33lKontaktKontaktname: Bavaria-St.Pauli GmbHKontaktadresse: 22755 HamburgF\xc3\xbcr die vorstehenden Angaben wird keine Haftung \xc3\xbcbernommen. Bitte pr\xc3\xbcfen Sie im Einzelfall die Angaben auf der jeweiligen Produktverpackung, nur diese sind verbindlich.Das Produktdesign kann von der Abbildung abweichen.'",Im Weiher 14,Rewe,Bier,2023-07-09,"Gültig ab morgen bis Samstag, 15.07.2023"
Altenmünster Bügelspezialitäten,https://img.rewe-static.de/REWE_CENTER_HZ28_2023/8098053/29372636-4_digital-image.png?impolicy=s-offers&imwidth=200&output-format=image/webp,,https://shop.rewe.de/productList?search=2832136,,"Landbier oder Urig würzig , je 14 x 0,5-l-Fl.-Kasten , (1 l = 1.57) , zzgl. 3.60 Pfand",Knaller,"10,99 €","b'Bestellung ab 18 Jahren.F\xc3\xbcr dieses Produkt gilt das Jugendschutzgesetz.ProduktbeschreibungArtikelnummer 8098053Nach alt\xc3\xbcberliefertem Brauer-Handwerk urspr\xc3\xbcnglich gebraut.\nNat\xc3\xbcrlich tr\xc3\xbcb und karamellfarben auf den ersten Blick,\nfeins\xc3\xbcffig und frisch gehopft am Gaumen.Zutaten & AllergeneZutaten: Wasser, GERSTENmalz, Hopfen, Hopfenextrakt.N\xc3\xa4hrwerteDurchschnittliche N\xc3\xa4hrwerteUnzubereitet pro 100 mlEnergie180 kJEnergie43 kcalFett< 0,5 gFett, davon ges\xc3\xa4ttigte Fetts\xc3\xa4uren< 0,1 gKohlenhydrate2,9 gKohlenhydrate, davon Zucker< 0,5 gEiwei\xc3\x9f< 0,5 gSalz< 0,01 gArtikeldetailsMarke: Altenm\xc3\xbcnsterAlkoholgehalt: 4,9 % Vol.KontaktKontaktname: Altenm\xc3\xbcnster Brauer Bier GmbHKontaktadresse: 87616 Marktoberdorf Schwendener Str. 18F\xc3\xbcr die vorstehenden Angaben wird keine Haftung \xc3\xbcbernommen. Bitte pr\xc3\xbcfen Sie im Einzelfall die Angaben auf der jeweiligen Produktverpackung, nur diese sind verbindlich.Das Produktdesign kann von der Abbildung abweichen.'",Im Weiher 14,Rewe,Bier,2023-07-09,"Gültig ab morgen bis Samstag, 15.07.2023"
Karlsberg Mixery,https://img.rewe-static.de/REWE_CENTER_HZ28_2023/0019145/3716360-69_digital-image.png?impolicy=s-offers&imwidth=200&output-format=image/webp,,https://shop.rewe.de/productList?search=2832136,,"versch. Sorten, teilw. koffeinhaltig , je 0,5-l-Dose , (1 l = 1.98) , zzgl. 0.25 Pfand",Aktion,"0,99 €","b'Bestellung ab 18 Jahren.F\xc3\xbcr dieses Produkt gilt das Jugendschutzgesetz.ProduktbeschreibungArtikelnummer 19145Zutaten & AllergeneZutaten: Bier (Wasser, GERSTENMALZ, Hopfenextrakt), Wasser, Zucker, Kohlens\xc3\xa4ure, Farbstoff: E 150 c, S\xc3\xa4uerungsmittel E 338, nat\xc3\xbcrliches Aroma, Aroma KoffeinAllergenhinweise: Enth\xc3\xa4lt: Gerste und Gerstenerzeugnisse (glutenhaltiges Getreide).N\xc3\xa4hrwerteDurchschnittliche N\xc3\xa4hrwerteUnzubereitet pro 100 mlEnergie180 kJEnergie43 kcalArtikeldetailsMarke: MixeryUrsprungsland: DeutschlandAlkoholgehalt: 3,1 % Vol.Packungsgr\xc3\xb6\xc3\x9fe: 0,5l DoseKontaktKontaktname: Karlsberg BrauereiKontaktadresse: Karlsbergstra\xc3\x9fe 62, 66424 HomburgF\xc3\xbcr die vorstehenden Angaben wird keine Haftung \xc3\xbcbernommen. Bitte pr\xc3\xbcfen Sie im Einzelfall die Angaben auf der jeweiligen Produktverpackung, nur diese sind verbindlich.Das Produktdesign kann von der Abbildung abweichen.'",Im Weiher 14,Rewe,Bier,2023-07-09,"Gültig ab morgen bis Samstag, 15.07.2023"
Salitos Tequila Beer,https://img.rewe-static.de/REWE_CENTER_HZ28_2023/2152613/29385106-24_digital-image.png?impolicy=s-offers&imwidth=200&output-format=image/webp,,https://shop.rewe.de/productList?search=2832136,,"je 4 x 0,33-l-Fl.-Pckg , (1 l = 3.63) , zzgl. 0.32 Pfand",Aktion,"4,79 €","b'Bestellung ab 18 Jahren.F\xc3\xbcr dieses Produkt gilt das Jugendschutzgesetz.ProduktbeschreibungArtikelnummer 2152613Das perfekte 4er-Pack f\xc3\xbcr einen revolution\xc3\xa4ren Abend mit Familie und Freunden.\n\nSALITOS Tequila kombiniert das milde Bier mit dem leichten Hauch von Limette und dem allseits beliebten Tequila zu einem wahren Klassiker.\n\nDer Alkoholanteil von 5,9 % vol. sorgt f\xc3\xbcr die beste Stimmung f\xc3\xbcr den Einstieg in das Wochenende oder in den verdienten Feierabend..\n\n\nAm besten eisgek\xc3\xbchlt - Salud!\n\nVIVA LA REVOLUCI\xc3\x93N! VIVA SALITOS! Zutaten & AllergeneZutaten: Bier (Wasser, GERSTENMALZ, Hopfen), Wasser, Zucker, Kohlens\xc3\xa4ure, S\xc3\xa4uerungsmittel Citronens\xc3\xa4ure (E330), nat\xc3\xbcrliches Aroma, Antioxidationsmittel Ascorbins\xc3\xa4ure (E300)ArtikeldetailsMarke: SalitosAlkoholgehalt: 5,9 % Vol.Packungsgr\xc3\xb6\xc3\x9fe: 0,33lx4KontaktKontaktname: MBG International Premium Brands GmbHKontaktadresse: Oberes Feld 13, 33106 PaderbornF\xc3\xbcr die vorstehenden Angaben wird keine Haftung \xc3\xbcbernommen. Bitte pr\xc3\xbcfen Sie im Einzelfall die Angaben auf der jeweiligen Produktverpackung, nur diese sind verbindlich.Das Produktdesign kann von der Abbildung abweichen.'",Im Weiher 14,Rewe,Bier,2023-07-09,"Gültig ab morgen bis Samstag, 15.07.2023"
Leffe Blonde oder Brune,https://img.rewe-static.de/REWE_CENTER_HZ28_2023/7225629/28252993-14_digital-image.png?impolicy=s-offers&imwidth=200&output-format=image/webp,,https://shop.rewe.de/productList?search=2832136,,"je 4 x 0,33-l-Fl.-Pckg , (1 l = 4.16) , zzgl. 0.32 Pfand",Aktion,"5,49 €","b""Bestellung ab 18 Jahren.F\xc3\xbcr dieses Produkt gilt das Jugendschutzgesetz.ProduktbeschreibungArtikelnummer 7225629Zutaten & AllergeneZutaten: Wasser, GERSTENMALZ, Mais, Zucker, Hopfen und HopfenextraktN\xc3\xa4hrwerteDurchschnittliche N\xc3\xa4hrwerteUnzubereitet pro 100 mlEnergie243 kJEnergie58 kcalFett0,01 gFett, davon ges\xc3\xa4ttigte Fetts\xc3\xa4uren0 gKohlenhydrate5,4 gKohlenhydrate, davon Zucker0,7 gBallaststoffe0,4 gEiwei\xc3\x9f0,4 gSalz0,1 gHinweiseInformation: Kein Verzehr in Zusammenhang mita)dem F\xc3\xbchren von Fahrzeugen,b)einer Schwangerschaft,c)Medikamenten-EinnahmeArtikeldetailsMarke: LeffeAlkoholgehalt: 6,6 % Vol.KontaktKontaktname: Br.Abbaye de Leffe s.a./n.v.,Place de l'Abbaye 1Kontaktadresse: B-5500 Dinant,BelgienMaximale Bestellmenge: 15 St\xc3\xbcckF\xc3\xbcr die vorstehenden Angaben wird keine Haftung \xc3\xbcbernommen. Bitte pr\xc3\xbcfen Sie im Einzelfall die Angaben auf der jeweiligen Produktverpackung, nur diese sind verbindlich.Das Produktdesign kann von der Abbildung abweichen.""",Im Weiher 14,Rewe,Bier,2023-07-09,"Gültig ab morgen bis Samstag, 15.07.2023"
CyberZ Beer Mix,https://img.rewe-static.de/REWE_CENTER_HZ28_2023/8897146/39521337-9_digital-image.png?impolicy=s-offers&imwidth=200&output-format=image/webp,,https://shop.rewe.de/productList?search=2832136,,"versch. Sorten , je 4 x 0,33-l-Fl.-Pckg , (1 l = 3.78) , zzgl. 0.32 Pfand",Aktion,"4,99 €","b'Bestellung ab 18 Jahren.F\xc3\xbcr dieses Produkt gilt das Jugendschutzgesetz.ProduktbeschreibungArtikelnummer 8897146Times for Limez. CYBERZ vereint Bier mit s\xc3\xbc\xc3\x9f-sauren Caipi-Limetten-\nFlavour. Ein neuer frischer Mix ohne\xc2\xa0Kompromisse.\nTurn up your Flavour \xe2\x80\x93 und starte mit aufregenden 5,9% vol. in Deine\nPartymood und einen Abend ganz nach deinem Geschmack.Zutaten & AllergeneZutaten: 85% Bier (Wasser, GERSTENmalz, Hopfen, Hopfenextrakt), 15% Erfrischungsgetr\xc3\xa4nk mit Caipirinha-Geschmack (Wasser, Zucker, Limettensaft* (1,5%), Orangensaft* (1,5%), Zitronensaft* (1,0%), S\xc3\xa4uerungsmittel Citronens\xc3\xa4ure, nat\xc3\xbcrliches Limettenaroma mit anderen nat\xc3\xbcrlichen Aromen, Kohlens\xc3\xa4ure, Stabilisator Johannisbrotkernmehl). *aus FruchtsaftkonzentratenN\xc3\xa4hrwerteDurchschnittliche N\xc3\xa4hrwerteUnzubereitet pro 100 mlEnergie267 kJEnergie64 kcalFett0 gFett, davon ges\xc3\xa4ttigte Fetts\xc3\xa4uren0 gKohlenhydrate7,1 gKohlenhydrate, davon Zucker5,3 gEiwei\xc3\x9f< 0,5 gSalz< 0,01 gArtikeldetailsEigenschaften: *Neu*Alkoholgehalt: 5,9 % Vol.KontaktKontaktname: Gesellschaft f. Importbiere u. Bierspezialit\xc3\xa4ten mbHKontaktadresse: Darmst\xc3\xa4dter Landstr. 185 60598 Frankfurt am MainMaximale Bestellmenge: 15 St\xc3\xbcckF\xc3\xbcr die vorstehenden Angaben wird keine Haftung \xc3\xbcbernommen. Bitte pr\xc3\xbcfen Sie im Einzelfall die Angaben auf der jeweiligen Produktverpackung, nur diese sind verbindlich.Das Produktdesign kann von der Abbildung abweichen.'",Im Weiher 14,Rewe,Bier,2023-07-09,"Gültig ab morgen bis Samstag, 15.07.2023"
Veltins Pilsener,https://img.rewe-static.de/REWE_CENTER_HZ28_2023/0017005/2245920-31_digital-image.png?impolicy=s-offers&imwidth=200&output-format=image/webp,,https://shop.rewe.de/productList?search=2832136,,"je 0,5-l-Dose , (1 l = 1.58) , zzgl. 0.25 Pfand",Aktion,"0,79 €","b'Bestellung ab 18 Jahren.F\xc3\xbcr dieses Produkt gilt das Jugendschutzgesetz.ProduktbeschreibungArtikelnummer 17005Zutaten & AllergeneZutaten: Wasser, GERSTENMALZ, HopfenAllergenhinweise: Enth\xc3\xa4lt: Gerste und Gerstenerzeugnisse (glutenhaltiges Getreide).N\xc3\xa4hrwerteDurchschnittliche N\xc3\xa4hrwerteUnzubereitet pro 100 mlEnergie167 kJEnergie40 kcalFett< 0,1 gFett, davon ges\xc3\xa4ttigte Fetts\xc3\xa4uren< 0,1 gKohlenhydrate2,9 gKohlenhydrate, davon Zucker1,4 gEiwei\xc3\x9f0,63 gSalz< 0,01 gArtikeldetailsMarke: VeltinsUrsprungsland: DeutschlandAlkoholgehalt: 4,8 % Vol.Packungsgr\xc3\xb6\xc3\x9fe: 0,5lKontaktKontaktname: Brauerei C.&A. Veltins GmbH & Co. KGKontaktadresse: D-59872 Meschede-GrevensteinMaximale Bestellmenge: 15 St\xc3\xbcckF\xc3\xbcr die vorstehenden Angaben wird keine Haftung \xc3\xbcbernommen. Bitte pr\xc3\xbcfen Sie im Einzelfall die Angaben auf der jeweiligen Produktverpackung, nur diese sind verbindlich.Das Produktdesign kann von der Abbildung abweichen.'",Im Weiher 14,Rewe,Bier,2023-07-09,"Gültig ab morgen bis Samstag, 15.07.2023"
Corona Mexican Beer,https://img.rewe-static.de/REWE_CENTER_HZ28_2023/1306571/19881660-30_digital-image.png?impolicy=s-offers&imwidth=200&output-format=image/webp,,https://shop.rewe.de/productList?search=2832136,,"je 6 x 0,355-l-Fl.-Sixpack , (1 l = 3.05) , zzgl. 0.48 Pfand",Aktion,"6,49 €","b'Bestellung ab 18 Jahren.F\xc3\xbcr dieses Produkt gilt das Jugendschutzgesetz.ProduktbeschreibungArtikelnummer 1306571Zutaten & AllergeneZutaten: Wasser, Gerstenmalz, Mais, HopfenN\xc3\xa4hrwerteDurchschnittliche N\xc3\xa4hrwerteUnzubereitet pro 100 mlEnergie176 kJEnergie42 kcalFett0 gFett, davon ges\xc3\xa4ttigte Fetts\xc3\xa4uren0 gKohlenhydrate4 gKohlenhydrate, davon Zucker0,15 gBallaststoffe0,3 gEiwei\xc3\x9f0,3 gSalz0,005 gHinweiseInformation: Kein Verzehr in Zusammenhang mita)dem F\xc3\xbchren von Fahrzeugen,b)einer Schwangerschaft,c)Medikamenten-EinnahmeArtikeldetailsMarke: CoronaAlkoholgehalt: 4,5 % Vol.Packungsgr\xc3\xb6\xc3\x9fe: 0,35lx6KontaktKontaktname: Anheuser-Busch !nBev Deutschland GmbH & Co.KGKontaktadresse: Am Deich 18/19, 28199 BremenMaximale Bestellmenge: 15 St\xc3\xbcckF\xc3\xbcr die vorstehenden Angaben wird keine Haftung \xc3\xbcbernommen. Bitte pr\xc3\xbcfen Sie im Einzelfall die Angaben auf der jeweiligen Produktverpackung, nur diese sind verbindlich.Das Produktdesign kann von der Abbildung abweichen.'",Im Weiher 14,Rewe,Bier,2023-07-09,"Gültig ab morgen bis Samstag, 15.07.2023"
Grauer Burgunder vom Kalkstein oder Scheurebe vom Urmeer QbA,https://img.rewe-static.de/REWE_CENTER_HZ28_2023/2453174/39819992-6_digital-image.png?impolicy=s-offers&imwidth=200&output-format=image/webp,,https://shop.rewe.de/productList?search=2832136,,"trocken , je 0,75-l-Fl , (1 l = 5.32)",Knaller,"3,99 €","b'Bestellung ab 18 Jahren.F\xc3\xbcr dieses Produkt gilt das Jugendschutzgesetz.ProduktbeschreibungArtikelnummer 2453174Ausdrucksstarker,k\xc3\xb6rperreicher Weisswein mit viel Schmelz, Frische und Frucht. Ausgewogen und gehaltvoll. \nEmpfehlung: zu hellem Fleisch, gebratenem Fisch, Gefl\xc3\xbcgel, Pasta, Salat \nTrinktemperatur: 8-12\xc2\xb0C Zutaten & AllergeneZutaten: Nicht deklariert: Wei\xc3\x9fwein 97%, Traubenmost, Packgas Kohlendioxid, Antioxidationsmittel (Ascorbins\xc3\xa4ure, Schwefeldioxid), Stabilisator Metaweins\xc3\xa4ure Zusatzstoffe: E 220Allergenhinweise: Schwefeldioxid und Sulfite in einer Konzentration von mehr als 10 mg/kg oder 10 mg/l, als SO2 angegebenN\xc3\xa4hrwerteDurchschnittliche N\xc3\xa4hrwertepro 100 mlEnergie319 kJEnergie77 kcalFett0 gFett, davon ges\xc3\xa4ttigte Fetts\xc3\xa4uren0 gKohlenhydrate0,8 gKohlenhydrate, davon Zucker0,7 gEiwei\xc3\x9f0 gSalz0,02 gArtikeldetailsUrsprungsland: DeutschlandAlkoholgehalt: 12,5 % Vol.Schmeckt zu: Vorspeisen & Salat, Fisch & Meeresfr\xc3\xbcchten, Gefl\xc3\xbcgel, PastaKontaktKontaktname: Reh Kendermann GmbHKontaktadresse: 55411 Bingen, DeutschlandMaximale Bestellmenge: 15 St\xc3\xbcckF\xc3\xbcr die vorstehenden Angaben wird keine Haftung \xc3\xbcbernommen. Bitte pr\xc3\xbcfen Sie im Einzelfall die Angaben auf der jeweiligen Produktverpackung, nur diese sind verbindlich.Das Produktdesign kann von der Abbildung abweichen.'",Im Weiher 14,Rewe,Wein & Spirituosen,2023-07-09,"Gültig ab morgen bis Samstag, 15.07.2023"
Mezzacorona,https://img.rewe-static.de/REWE_CENTER_HZ28_2023/0274069/35288910-5_digital-image.png?impolicy=s-offers&imwidth=200&output-format=image/webp,,https://shop.rewe.de/productList?search=2832136,,"versch. Sorten, trocken , je 0,75-l-Fl , (1 l = 5.32)",Aktion,"3,99 €","b'Bestellung ab 18 Jahren.F\xc3\xbcr dieses Produkt gilt das Jugendschutzgesetz.ProduktbeschreibungArtikelnummer 274069Ein fruchtig und frische Bukett mit\neinem dichten Aroma.\n\nEmpfehlung: zu Vorspeisen, Salaten,\nFisch, Meeresfr\xc3\xbcchten, Schwein, Gefl\xc3\xbcgel\nTrinktemperatur: 8-10\xc2\xb0C Zutaten & AllergeneZutaten: Nicht deklariert:Wei\xc3\x9fwein, rektifiziertes Traubenmostkonzentrat, S\xc3\xa4uerungsmittel (Weins\xc3\xa4ure, Citronens\xc3\xa4ure), Antioxidationsmittel (Schwefeldioxid). Zusatzstoffe: E 220Allergenhinweise: Schwefeldioxid und Sulfite in einer Konzentration von mehr als 10 mg/kg oder 10 mg/l, als SO2 angegebenN\xc3\xa4hrwerteDurchschnittliche N\xc3\xa4hrwertepro 100 mlEnergie302 kJEnergie73 kcalFett0 gFett, davon ges\xc3\xa4ttigte Fetts\xc3\xa4uren0 gKohlenhydrate< 0,5 gKohlenhydrate, davon Zucker< 0,5 gEiwei\xc3\x9f0 gSalz0,02 gArtikeldetailsUrsprungsland: ItalienAlkoholgehalt: 12,5 % Vol.Schmeckt zu: Vorspeisen & Salat, Fisch & Meeresfr\xc3\xbcchten, Gefl\xc3\xbcgel, SchweinKontaktKontaktname: Nosio SpaKontaktadresse: Mezzocorona, , ItalienMaximale Bestellmenge: 15 St\xc3\xbcckF\xc3\xbcr die vorstehenden Angaben wird keine Haftung \xc3\xbcbernommen. Bitte pr\xc3\xbcfen Sie im Einzelfall die Angaben auf der jeweiligen Produktverpackung, nur diese sind verbindlich.Das Produktdesign kann von der Abbildung abweichen.'",Im Weiher 14,Rewe,Wein & Spirituosen,2023-07-09,"Gültig ab morgen bis Samstag, 15.07.2023"
Berentzen Fruchtige,https://img.rewe-static.de/REWE_CENTER_HZ28_2023/7800169/860690-34_digital-image.png?impolicy=s-offers&imwidth=200&output-format=image/webp,,https://shop.rewe.de/productList?search=2832136,,"versch. Sorten, 15-20% Vol. , je 0,7-l-Fl , (1 l = 7.13)",Aktion,"4,99 €","b'Bestellung ab 18 Jahren.F\xc3\xbcr dieses Produkt gilt das Jugendschutzgesetz.ProduktbeschreibungArtikelnummer 7800169HinweiseAufbewahrungs- und Verwendungshinweis: k\xc3\xbchl lagern, vor Sonnenlicht sch\xc3\xbctzenArtikeldetailsMarke: BerentzenUrsprungsland: DeutschlandAlkoholgehalt: 16 % Vol.Geschmacksrichtung: Saurer ApfelKontaktKontaktname: Berentzen-Gruppe AktiengesellschaftKontaktadresse: D-49740 Hasel\xc3\xbcnneMaximale Bestellmenge: 15 St\xc3\xbcckF\xc3\xbcr die vorstehenden Angaben wird keine Haftung \xc3\xbcbernommen. Bitte pr\xc3\xbcfen Sie im Einzelfall die Angaben auf der jeweiligen Produktverpackung, nur diese sind verbindlich.Das Produktdesign kann von der Abbildung abweichen.'",Im Weiher 14,Rewe,Wein & Spirituosen,2023-07-09,"Gültig ab morgen bis Samstag, 15.07.2023"
Süss & Fruchtig Riesling QbA,https://img.rewe-static.de/REWE_CENTER_HZ28_2023/0617358/3723580-26_digital-image.png?impolicy=s-offers&imwidth=200&output-format=image/webp,,https://shop.rewe.de/productList?search=2832136,,"je 0,75-l-Fl , (1 l = 4.65)",Aktion,"3,49 €","b'Bestellung ab 18 Jahren.F\xc3\xbcr dieses Produkt gilt das Jugendschutzgesetz.ProduktbeschreibungArtikelnummer 617358- Fruchtig, mit ausgewogenem S\xc3\xa4urespiel, prickelnd und erfrischend.\n- Empfehlung: Als Aperitif, zum Grillen.\n- Trinktemperatur: 8 - 10\xc2\xb0C. Zutaten & AllergeneZutaten: Enth\xc3\xa4lt SulfiteAllergenhinweise: Enth\xc3\xa4lt: Schwefeldioxid und Sulfite.ArtikeldetailsMarke: Weingut KlundtUrsprungsland: DeutschlandAlkoholgehalt: 9,5 % Vol.Schmeckt zu: Gefl\xc3\xbcgel, Gegrilltem, Vorspeisen & Salat, Asiatischen SpeisenKontaktKontaktname: W\xc3\xbcrttembergische Weing\xc3\xa4rtner ZentralgenossenschaftKontaktadresse: Raiffeisenstra\xc3\x9fe 2, 71696 M\xc3\xb6glingenMaximale Bestellmenge: 15 St\xc3\xbcckF\xc3\xbcr die vorstehenden Angaben wird keine Haftung \xc3\xbcbernommen. Bitte pr\xc3\xbcfen Sie im Einzelfall die Angaben auf der jeweiligen Produktverpackung, nur diese sind verbindlich.Das Produktdesign kann von der Abbildung abweichen.'",Im Weiher 14,Rewe,Wein & Spirituosen,2023-07-09,"Gültig ab morgen bis Samstag, 15.07.2023"
Mariacron Weinbrand,https://img.rewe-static.de/REWE_CENTER_HZ28_2023/0128546/3384090-30_digital-image.png?impolicy=s-offers&imwidth=200&output-format=image/webp,,https://shop.rewe.de/productList?search=2832136,,"36% Vol. , je 0,7-l-Fl , (1 l = 8.56)",Aktion,"5,99 €","b'Bestellung ab 18 Jahren.F\xc3\xbcr dieses Produkt gilt das Jugendschutzgesetz.ProduktbeschreibungArtikelnummer 128546Der Weinbrand-Kenner sch\xc3\xa4tzt die harmonische Verbindung eines reifen weinigen Buketts und eines charaktervoll milden Geschmacks.Zutaten & AllergeneAllergenhinweise: Kann enthalten: Walnuss und Walnusserzeugnisse.ArtikeldetailsMarke: MariacronUrsprungsland: DeutschlandAlkoholgehalt: 36 % Vol.KontaktKontaktname: Nordbrand Nordhausen GmbHKontaktadresse: 99734 Nordhausen/HarzMaximale Bestellmenge: 15 St\xc3\xbcckF\xc3\xbcr die vorstehenden Angaben wird keine Haftung \xc3\xbcbernommen. Bitte pr\xc3\xbcfen Sie im Einzelfall die Angaben auf der jeweiligen Produktverpackung, nur diese sind verbindlich.Das Produktdesign kann von der Abbildung abweichen.'",Im Weiher 14,Rewe,Wein & Spirituosen,2023-07-09,"Gültig ab morgen bis Samstag, 15.07.2023"
Pitu Caipirinha,https://img.rewe-static.de/REWE_CENTER_HZ28_2023/8276061/29039537-11_digital-image.png?impolicy=s-offers&imwidth=200&output-format=image/webp,,https://shop.rewe.de/productList?search=2832136,,"10% Vol. , je 0,33-l-Dose , (1 l = 6.03) , zzgl. 0.25 Pfand",Aktion,"1,99 €","b'Bestellung ab 18 Jahren.F\xc3\xbcr dieses Produkt gilt das Jugendschutzgesetz.ProduktbeschreibungArtikelnummer 8276061Zutaten & AllergeneAllergenhinweise: Enth\xc3\xa4lt: Keine deklarationspflichtigen Allergene enthalten.ArtikeldetailsMarke: Pit\xc3\xbaUrsprungsland: DeutschlandAlkoholgehalt: 10 % Vol.KontaktKontaktname: Pit\xc3\xba Importadora-Exportadora GmbHKontaktadresse: D-85435 ErdingF\xc3\xbcr die vorstehenden Angaben wird keine Haftung \xc3\xbcbernommen. Bitte pr\xc3\xbcfen Sie im Einzelfall die Angaben auf der jeweiligen Produktverpackung, nur diese sind verbindlich.Das Produktdesign kann von der Abbildung abweichen.'",Im Weiher 14,Rewe,Wein & Spirituosen,2023-07-09,"Gültig ab morgen bis Samstag, 15.07.2023"
Oberkircher Collection O,https://img.rewe-static.de/REWE_CENTER_HZ28_2023/0818890/21374366-5_digital-image.png?impolicy=s-offers&imwidth=200&output-format=image/webp,,https://shop.rewe.de/productList?search=2832136,,"Riesling oder Rose QbA feinherb , je 0,75-l-Fl , (1 l = 5.99)",Aktion,"4,49 €","b'Bestellung ab 18 Jahren.F\xc3\xbcr dieses Produkt gilt das Jugendschutzgesetz.ProduktbeschreibungArtikelnummer 818890W\xc3\xbcrzige Zitrus- und Kr\xc3\xa4uteraromen.\nEmpfehlung: Zur leichten K\xc3\xbcche.\nTrinktemperatur: 8 - 10\xc2\xb0C Zutaten & AllergeneZutaten: enth\xc3\xa4lt SulfiteAllergenhinweise: Enth\xc3\xa4lt: Schwefeldioxid und Sulfite.ArtikeldetailsMarke: Oberkircher WinzerEigenschaften: *Neu*Ursprungsland: DeutschlandAlkoholgehalt: 11,5 % Vol.Schmeckt zu: Vorspeisen & Salat, Gem\xc3\xbcseKontaktKontaktname: Oberkircher Winzer eGKontaktadresse: 77704 OberkirchMaximale Bestellmenge: 15 St\xc3\xbcckF\xc3\xbcr die vorstehenden Angaben wird keine Haftung \xc3\xbcbernommen. Bitte pr\xc3\xbcfen Sie im Einzelfall die Angaben auf der jeweiligen Produktverpackung, nur diese sind verbindlich.Das Produktdesign kann von der Abbildung abweichen.'",Im Weiher 14,Rewe,Wein & Spirituosen,2023-07-09,"Gültig ab morgen bis Samstag, 15.07.2023"
Roku Japanese Craft Gin,https://img.rewe-static.de/REWE_CENTER_HZ28_2023/7159830/28024276-8_digital-image.png?impolicy=s-offers&imwidth=200&output-format=image/webp,,https://shop.rewe.de/productList?search=2832136,,"43% Vol. , je 0,7-l-Fl , (1 l = 31.41)",Aktion,"21,99 €","b'Bestellung ab 18 Jahren.F\xc3\xbcr dieses Produkt gilt das Jugendschutzgesetz.ProduktbeschreibungArtikelnummer 7159830Die 6 einzigartigen japanischen Botanicals verleihen Roku Gin seinen perfekt ausbalancierten Geschmack. Diese werden mit acht traditionellen Gin-Zutaten kombiniert, wodurch ein perfekt ausbalancierter, authentischer Gin entsteht. \n \n Roku, im Japanischen gleichbedeutend mit der Zahl sechs, enth\xc3\xa4lt sechs einzigartige, japanische Botanicals. Diese werden nach dem Prinzip des \xe2\x80\x9eSHUN\xe2\x80\x9c in der richtigen Jahreszeit und in ihrer optimalen Reife geerntet, wenn sie ihren vollen Geschmack erreicht haben. So kann das Aroma jedes Botanicals bestm\xc3\xb6glich extrahiert werden. Das macht den Premium-Craft-Gin Roku einzigartig und authentisch. Das Beste aus jeder Jahreszeit f\xc3\xbcr einen perfekt ausbalancierten Gin. \n \n \n Tasting Notes: \n Aroma: Duft von Kirschbl\xc3\xbcten und Gr\xc3\xbcnem Tee mit Ankl\xc3\xa4ngen von blumig-s\xc3\xbc\xc3\x9fen Noten \n Geschmack: Komplex und vielschichtig, perfekte Harmonie zwischen klassischem Gin-Geschmack und den speziellen Noten japanischer Botanicals. Mit Yuzu als Hauptnote. Weich und samtig am Gaumen. \n Abgang: Sansho-Pfeffer sorgt f\xc3\xbcr eine leichte Sch\xc3\xa4rfe beim Abgang... mehr anzeigenRoku ist der erstklassige japanische Craft Gin, der vom House of Suntory in Osaka, Japan, entwickelt wurde. Von japanischen K\xc3\xbcnstlern mit viel Liebe zum Detail gefertigt, ist Roku die perfekte Balance der Aromen. Seine genaue Balance zeugt von Japans renommierter Handwerkskunst. Suntory hat eine lange Geschichte in der Herstellung von Gin, sie datiert zur\xc3\xbcck bis 1936, und Roku ist die moderne Verk\xc3\xb6rperung von Suntorys Beherrschung dieses Prozesses. Im Japanischen bedeutet Roku \xc3\xbcbersetzt ""sechs"". Roku folgt dem Konzept des Shun \xe2\x80\x93 die Tradition, jedes Essen und Trinken in seiner richtigen Jahreszeit zu genie\xc3\x9fen, nur dann, wenn diese Lebensmittel auf dem H\xc3\xb6hepunkt ihrer Aromen sind. In jeder Flasche Roku befinden sich sechs ganz besondere Pflanzen aus Japan. Jede der japanischen Pflanzen wird in ihrer idealen Jahreszeit geerntet und stammt aus den besten Anbaugebieten Japans, um h\xc3\xb6chste Frische und Geschmack zu gew\xc3\xa4hrleisten. Die sechs japanischen Pflanzen werden mit acht traditionellen Gin-Botanicals kombiniert \xe2\x80\x93 Wacholderbeere, Koriandersamen, Angelikawurzel, Angelikasamen, Kardamomsamen, Zimt, Bitterorangenschale und Zitronenschale \xe2\x80\x93 f\xc3\xbcr einen authentischen Gin-Geschmack. Ein einzigartiger Mehrfachdestillationsprozess bringt das Beste in jedem Botanical heraus.ArtikeldetailsMarke: Roku GinUrsprungsland: JapanAlkoholgehalt: 43 % Vol.Serviervorschlag: Roku gin is best served in a Japanese gin and tonic. Attention, respect and honor transform this serve into a ritual reminiscent of the spirit ofOmotenashi. Fill your glass to the brim with ice, adding six matchstick slices of ginger to complement the gin\'s distinctive topnotes of yuzu andsakura (cherry blossom). Pour in your favorite tonic, and stir to chill. Add a measure of Roku, and stir to balance the elements of each season.KontaktKontaktname: Beam Suntory Deutschland GmbHKontaktadresse: Unterschweinstiege 2-14, 60549 Frankfurt am MainF\xc3\xbcr die vorstehenden Angaben wird keine Haftung \xc3\xbcbernommen. Bitte pr\xc3\xbcfen Sie im Einzelfall die Angaben auf der jeweiligen Produktverpackung, nur diese sind verbindlich.Das Produktdesign kann von der Abbildung abweichen.'",Im Weiher 14,Rewe,Wein & Spirituosen,2023-07-09,"Gültig ab morgen bis Samstag, 15.07.2023"
Cecchi Vernaccia di San Gimignano DOCG,https://img.rewe-static.de/REWE_CENTER_HZ28_2023/6969739/3338520-38_digital-image.png?impolicy=s-offers&imwidth=200&output-format=image/webp,,https://shop.rewe.de/productList?search=2832136,,"trocken , je 0,75-l-Fl , (1 l = 6.65)",Aktion,"4,99 €","b'Bestellung ab 18 Jahren.F\xc3\xbcr dieses Produkt gilt das Jugendschutzgesetz.ProduktbeschreibungArtikelnummer 6969739- Trockener leichter Wei\xc3\x9fwein, mit Aromen von tropischen Fr\xc3\xbcchten und mit angenehmer L\xc3\xa4nge.\n- Empfehlung: zu Spargel, Seelachs und Gefl\xc3\xbcgel mit hellen Saucen.\n- Trinktemperatur: 8-10\xc2\xb0C.\n\nAlkoholgehalt: 12,5 % Vol.\n\nAbgef\xc3\xbcllt von:\nCasa Vinicola Luigi Cecchi & Figli srl,\nLoc. Casina dei Ponti N. 56\nCastellina I, 53011\nItalien Zutaten & AllergeneZutaten: Zusatzstoffe: E 220Allergenhinweise: Schwefeldioxid und Sulfite in einer Konzentration von mehr als 10 mg/kg oder 10 mg/l, als SO2 angegebenArtikeldetailsMarke: CecchiUrsprungsland: ItalienSchmeckt zu: Vorspeisen & Salat, Fisch & Meeresfr\xc3\xbcchten, Gefl\xc3\xbcgel, Gem\xc3\xbcseMaximale Bestellmenge: 15 St\xc3\xbcckF\xc3\xbcr die vorstehenden Angaben wird keine Haftung \xc3\xbcbernommen. Bitte pr\xc3\xbcfen Sie im Einzelfall die Angaben auf der jeweiligen Produktverpackung, nur diese sind verbindlich.Das Produktdesign kann von der Abbildung abweichen.'",Im Weiher 14,Rewe,Wein & Spirituosen,2023-07-09,"Gültig ab morgen bis Samstag, 15.07.2023"
Cooper’s Cider Original,https://img.rewe-static.de/REWE_CENTER_HZ28_2023/8644893/33787768-6_digital-image.png?impolicy=s-offers&imwidth=200&output-format=image/webp,,https://shop.rewe.de/productList?search=2832136,,"je 0,5-l-Dose , (1 l = 1.98) , zzgl. 0.25 Pfand",Aktion,"0,99 €",nan,Im Weiher 14,Rewe,Wein & Spirituosen,2023-07-09,"Gültig ab morgen bis Samstag, 15.07.2023"
Rotkäppchen Wein QW/QbA,https://img.rewe-static.de/REWE_CENTER_HZ28_2023/0106641/28014334-5_digital-image.png?impolicy=s-offers&imwidth=200&output-format=image/webp,,https://shop.rewe.de/productList?search=2832136,,"versch. Sorten, halbtrocken , je 0,75-l-Fl , (1 l = 4.65)",Aktion,"3,49 €","b'Bestellung ab 18 Jahren.F\xc3\xbcr dieses Produkt gilt das Jugendschutzgesetz.ProduktbeschreibungArtikelnummer 106641""Rotk\xc3\xa4ppchen M\xc3\xbcller-Thurgau Qualit\xc3\xa4tswein wird aus den Trauben ausgew\xc3\xa4hlter Weinanbaugebiete in Rheinhessen gewonnen. Dieser hochwertige Wei\xc3\x9fwein hat einen harmonischen Charakter und ein fein abgestimmtes Bouquet.\n\nDer fruchtige Wei\xc3\x9fwein bekommt durch eine leichte Muskatnote sein besonderes Temperament. \n\nMan genie\xc3\x9ft den M\xc3\xbcller-Thurgau Qualit\xc3\xa4tswein gerne zu unbeschwerten Momenten mit Freunden und der Familie oder zu Zweit. Mit seiner feinfruchtig-spritzigen Note wird dieser Wei\xc3\x9fwein gerne zu Vorspeisen, Salaten, Nudel- und Gefl\xc3\xbcgelgerichten getrunken. Auch f\xc3\xbcr vegetarische Gerichte ist er der ideale Begleiter. \n\nDer Rotk\xc3\xa4ppchen Qualit\xc3\xa4tswein schmeckt am besten bei einer Trinktemperatur zwischen 8\xc2\xb0 und 10\xc2\xb0C.""... mehr anzeigenMit diesem fruchtig-spritzigen M\xc3\xbcller-Thurgau entscheiden Sie sich f\xc3\xbcr ein Qualit\xc3\xa4tsprodukt aus Deutschland. Erfahrende Kellermeister sorgen f\xc3\xbcr den harmonischen Geschmack und gleichbleibend hohe Qualit\xc3\xa4t. Rotk\xc3\xa4ppchen bietet Ihnen k\xc3\xb6stliche Qualit\xc3\xa4tsweine an, die Liebhabern deutscher Weine genussvolle Stunden schenken.Zutaten & AllergeneZutaten: enth\xc3\xa4lt SulfiteAllergenhinweise: Enth\xc3\xa4lt: Schwefeldioxid und Sulfite.ArtikeldetailsMarke: Rotk\xc3\xa4ppchen-MummUrsprungsland: DeutschlandAlkoholgehalt: 11 % Vol.Schmeckt zu: Vorspeisen & Salat, Gefl\xc3\xbcgel, PastaKontaktKontaktname: Rotk\xc3\xa4ppchen-Mumm Sektkellereien GmbHKontaktadresse: Freyburg (Unstrut)F\xc3\xbcr die vorstehenden Angaben wird keine Haftung \xc3\xbcbernommen. Bitte pr\xc3\xbcfen Sie im Einzelfall die Angaben auf der jeweiligen Produktverpackung, nur diese sind verbindlich.Das Produktdesign kann von der Abbildung abweichen.'",Im Weiher 14,Rewe,Wein & Spirituosen,2023-07-09,"Gültig ab morgen bis Samstag, 15.07.2023"
Rietburg Creation QbA,https://img.rewe-static.de/REWE_CENTER_HZ28_2023/1098276/3341860-36_digital-image.png?impolicy=s-offers&imwidth=200&output-format=image/webp,,https://shop.rewe.de/productList?search=2832136,,"versch. Sorten, trocken , je 0,75-l-Fl , (1 l = 5.05)",Aktion,"3,79 €","b'Bestellung ab 18 Jahren.F\xc3\xbcr dieses Produkt gilt das Jugendschutzgesetz.ProduktbeschreibungArtikelnummer 1098276Ein volles Aroma reifer, gelber Fr\xc3\xbcchte und N\xc3\xbcsse mit kr\xc3\xa4ftigem K\xc3\xb6rper und angenehmer S\xc3\xa4ure.\nTrinktemperatur: 10-12\xc2\xb0C. Zutaten & AllergeneZutaten: Enth\xc3\xa4lt SulfiteAllergenhinweise: Enth\xc3\xa4lt: Schwefeldioxid und Sulfite.ArtikeldetailsMarke: Rietburg CreationUrsprungsland: DeutschlandAlkoholgehalt: 12,5 % Vol.Schmeckt zu: Vorspeisen & Salat, Pasta, Pizza, LammKontaktKontaktname: Rietburg WeingenossenschaftKontaktadresse: D-76835 Rhodt unter RietburgF\xc3\xbcr die vorstehenden Angaben wird keine Haftung \xc3\xbcbernommen. Bitte pr\xc3\xbcfen Sie im Einzelfall die Angaben auf der jeweiligen Produktverpackung, nur diese sind verbindlich.Das Produktdesign kann von der Abbildung abweichen.'",Im Weiher 14,Rewe,Wein & Spirituosen,2023-07-09,"Gültig ab morgen bis Samstag, 15.07.2023"
14 Primitivo IGT,https://img.rewe-static.de/REWE_CENTER_HZ28_2023/8725382/35802581-9_digital-image.png?impolicy=s-offers&imwidth=200&output-format=image/webp,,https://shop.rewe.de/productList?search=2832136,,"versch. Sorten, trocken , je 0,75-l-Fl , (1 l = 7.99)",Aktion,"5,99 €","b'Bestellung ab 18 Jahren.F\xc3\xbcr dieses Produkt gilt das Jugendschutzgesetz.ProduktbeschreibungArtikelnummer 8725382Rubinrote Farbe, duftet nach Waldbeeren, Kirschen und Vanille. Langer eleganter Abgang.\n\nEMPFEHLUNG: zu Rind, Lamm, Gem\xc3\xbcse und Grillen\nTRINKTEMPERATUR: 16-18\xc2\xb0C Zutaten & AllergeneZutaten: Enth\xc3\xa4lt SulfiteAllergenhinweise: Enth\xc3\xa4lt: Schwefeldioxid und Sulfite.ArtikeldetailsMarke: Contessa MarinaUrsprungsland: ItalienAlkoholgehalt: 14 % Vol.Schmeckt zu: Rind, Lamm, Gem\xc3\xbcse, GegrilltemKontaktKontaktname: Saffer Wein GmbHKontaktadresse: Martin Kollar Str. 11, 81829 M\xc3\xbcnchenMaximale Bestellmenge: 15 St\xc3\xbcckF\xc3\xbcr die vorstehenden Angaben wird keine Haftung \xc3\xbcbernommen. Bitte pr\xc3\xbcfen Sie im Einzelfall die Angaben auf der jeweiligen Produktverpackung, nur diese sind verbindlich.Das Produktdesign kann von der Abbildung abweichen.'",Im Weiher 14,Rewe,Wein & Spirituosen,2023-07-09,"Gültig ab morgen bis Samstag, 15.07.2023"
Pallini Limoncello,https://img.rewe-static.de/REWE_CENTER_HZ28_2023/2022860/25321953-10_digital-image.png?impolicy=s-offers&imwidth=200&output-format=image/webp,,https://shop.rewe.de/productList?search=2832136,,"26% Vol. , je 0,5-l-Fl , (1 l = 21.98)",Aktion,"10,99 €","b'Bestellung ab 18 Jahren.F\xc3\xbcr dieses Produkt gilt das Jugendschutzgesetz.ProduktbeschreibungArtikelnummer 2022860Zutaten & AllergeneAllergenhinweise: Enth\xc3\xa4lt: Keine deklarationspflichtigen Allergene enthalten.ArtikeldetailsUrsprungsland: ItalienAlkoholgehalt: 26 % Vol.KontaktKontaktname: Pallini SPAKontaktadresse: Via Tiburtina, 1314 00131 Rom, ITF\xc3\xbcr die vorstehenden Angaben wird keine Haftung \xc3\xbcbernommen. Bitte pr\xc3\xbcfen Sie im Einzelfall die Angaben auf der jeweiligen Produktverpackung, nur diese sind verbindlich.Das Produktdesign kann von der Abbildung abweichen.'",Im Weiher 14,Rewe,Wein & Spirituosen,2023-07-09,"Gültig ab morgen bis Samstag, 15.07.2023"
Lindemans Bin 65 Chardonnay oder Bin 50 Shiraz,https://img.rewe-static.de/REWE_CENTER_HZ28_2023/1474421/10189290-23_digital-image.png?impolicy=s-offers&imwidth=200&output-format=image/webp,,https://shop.rewe.de/productList?search=2832136,,"trocken , je 0,75-l-Fl , (1 l = 6.65)",Aktion,"4,99 €","b""Bestellung ab 18 Jahren.F\xc3\xbcr dieses Produkt gilt das Jugendschutzgesetz.ProduktbeschreibungArtikelnummer 1474421Volumin\xc3\xb6ser Wei\xc3\x9fwein mit intensiven Vanillearomen, dezentem Frucht-S\xc3\xa4ure-Spiel, mit angenehmer L\xc3\xa4nge.\nTrinktemperatur: 8-10\xc2\xb0C.\n\nAlkoholgehalt: 13,5 % Vol.\n\nImporteur:\nTreasury Wine Estates\nHouse 70 London Road Twickenham Zutaten & AllergeneZutaten: Zusatzstoffe: E 220Allergenhinweise: Schwefeldioxid und Sulfite in einer Konzentration von mehr als 10 mg/kg oder 10 mg/l, als SO2 angegebenArtikeldetailsMarke: Lindeman'sUrsprungsland: AustralienSchmeckt zu: Vorspeisen & Salat, Gefl\xc3\xbcgel, Asiatischen Speisen, PastaMaximale Bestellmenge: 15 St\xc3\xbcckF\xc3\xbcr die vorstehenden Angaben wird keine Haftung \xc3\xbcbernommen. Bitte pr\xc3\xbcfen Sie im Einzelfall die Angaben auf der jeweiligen Produktverpackung, nur diese sind verbindlich.Das Produktdesign kann von der Abbildung abweichen.""",Im Weiher 14,Rewe,Wein & Spirituosen,2023-07-09,"Gültig ab morgen bis Samstag, 15.07.2023"
Deidesheimer Riesling QbA,https://img.rewe-static.de/REWE_CENTER_HZ28_2023/0018855/1286680-16_digital-image.png?impolicy=s-offers&imwidth=200&output-format=image/webp,,https://shop.rewe.de/productList?search=2832136,,"trocken, halbtrocken , je 1-l-Fl",Aktion,"3,49 €","b'Bestellung ab 18 Jahren.F\xc3\xbcr dieses Produkt gilt das Jugendschutzgesetz.ProduktbeschreibungArtikelnummer 18855Blassgelb mit leichtem Gr\xc3\xbcnstich, ausgezeichnetes Aromenspiel.\nTrinktemperatur: 8 - 12\xc2\xb0C. Zutaten & AllergeneZutaten: Enth\xc3\xa4lt SulfiteAllergenhinweise: Enth\xc3\xa4lt: Schwefeldioxid und Sulfite.ArtikeldetailsMarke: Die WeinmacherUrsprungsland: DeutschlandAlkoholgehalt: 12 % Vol.Serviervorschlag: Ein Genuss zu: Forelle, Tafelspitz oder herzhaften Quiches.Schmeckt zu: Fisch & Meeresfr\xc3\xbcchten, KalbKontaktKontaktname: Die Weinmacher GmbHKontaktadresse: 67150 NiederkirchenMaximale Bestellmenge: 15 St\xc3\xbcckF\xc3\xbcr die vorstehenden Angaben wird keine Haftung \xc3\xbcbernommen. Bitte pr\xc3\xbcfen Sie im Einzelfall die Angaben auf der jeweiligen Produktverpackung, nur diese sind verbindlich.Das Produktdesign kann von der Abbildung abweichen.'",Im Weiher 14,Rewe,Wein & Spirituosen,2023-07-09,"Gültig ab morgen bis Samstag, 15.07.2023"
Sontino Sangiovese IGT,https://img.rewe-static.de/REWE_CENTER_HZ28_2023/7791959/35816374-5_digital-image.png?impolicy=s-offers&imwidth=200&output-format=image/webp,,https://shop.rewe.de/productList?search=2832136,,"halbtrocken , je 0,75-l-Fl , (1 l = 5.99)",Aktion,"4,49 €","b'Bestellung ab 18 Jahren.F\xc3\xbcr dieses Produkt gilt das Jugendschutzgesetz.ProduktbeschreibungArtikelnummer 7791959Rubinrot, Duft nach Blaubeeren, zarte\nR\xc3\xb6staromen, saftiger K\xc3\xb6rper, dezente\nS\xc3\xa4ure, verhaltener Tanningehalt.\nEMPFEHLUNG: zu Pizza, Pasta und\nK\xc3\xa4se\nTRINKTEMPERATUR: 16-18\xc2\xb0C Zutaten & AllergeneZutaten: Enth\xc3\xa4lt SulfiteAllergenhinweise: Enth\xc3\xa4lt: Schwefeldioxid und Sulfite.ArtikeldetailsMarkeSontino Sangiovese BioEigenschaftenBio, VeganUrsprungslandItalienAlkoholgehalt12,5 % Vol.Schmeckt zuPizza, Pasta, K\xc3\xa4se\xc3\x96ko KontrollstelleDE-\xc3\x96KO-003Ort der ErzeugungEU-LandwirtschaftKontaktKontaktname: F.W. Langguth Erben GmbH & Co. KGKontaktadresse: Dr.-Ernst-Spies-Allee 2, 56841 Traben-TrarbachF\xc3\xbcr die vorstehenden Angaben wird keine Haftung \xc3\xbcbernommen. Bitte pr\xc3\xbcfen Sie im Einzelfall die Angaben auf der jeweiligen Produktverpackung, nur diese sind verbindlich.Das Produktdesign kann von der Abbildung abweichen.'",Im Weiher 14,Rewe,Wein & Spirituosen,2023-07-09,"Gültig ab morgen bis Samstag, 15.07.2023"
Kessler Sekt,https://img.rewe-static.de/REWE_CENTER_HZ28_2023/4652240/2630880-26_digital-image.png?impolicy=s-offers&imwidth=200&output-format=image/webp,,https://shop.rewe.de/productList?search=2832136,,"versch. Sorten , je 0,75-l-Fl , (1 l = 11.32)",Aktion,"8,49 €","b'Bestellung ab 18 Jahren.F\xc3\xbcr dieses Produkt gilt das Jugendschutzgesetz.ProduktbeschreibungArtikelnummer 4652240Zutaten & AllergeneZutaten: Enth\xc3\xa4lt SULFITEAllergenhinweise: Enth\xc3\xa4lt: Schwefeldioxid und Sulfite.HinweiseInformation: Der Alkoholgehalt kann aus nat\xc3\xbcrlichen und produktionstechnischen Gr\xc3\xbcnden Schwankungen zwischen Chargen unterliegen. Der angegebene Gehalt ist ein OrientierungswertArtikeldetailsUrsprungsland: DeutschlandAlkoholgehalt: 12 % Vol.Serviervorschlag: Passt zu Parmaschinken und MeloneKontaktKontaktname: Kessler Sekt GmbH & Co.KGKontaktadresse: 73728 EsslingenMaximale Bestellmenge: 15 St\xc3\xbcckF\xc3\xbcr die vorstehenden Angaben wird keine Haftung \xc3\xbcbernommen. Bitte pr\xc3\xbcfen Sie im Einzelfall die Angaben auf der jeweiligen Produktverpackung, nur diese sind verbindlich.Das Produktdesign kann von der Abbildung abweichen.'",Im Weiher 14,Rewe,Wein & Spirituosen,2023-07-09,"Gültig ab morgen bis Samstag, 15.07.2023"
Faber Sekt oder Light Live alkoholfrei,https://img.rewe-static.de/REWE_CENTER_HZ28_2023/0315192/34673571-3_digital-image.png?impolicy=s-offers&imwidth=200&output-format=image/webp,,https://shop.rewe.de/productList?search=2832136,,"versch. Sorten , je 0,75-l-Fl , (1 l = 3.32)",Knaller,"2,49 €","b'Bestellung ab 18 Jahren.F\xc3\xbcr dieses Produkt gilt das Jugendschutzgesetz.ProduktbeschreibungArtikelnummer 315192Bring Faber in dein Leben!Zutaten & AllergeneZutaten: Enth\xc3\xa4lt SULFITEAllergenhinweise: Enth\xc3\xa4lt: Schwefeldioxid und Sulfite.HinweiseAufbewahrungs- und Verwendungshinweis: Stets k\xc3\xbchl und dunkel lagern.ArtikeldetailsMarke: FaberUrsprungsland: DeutschlandAlkoholgehalt: 11 % Vol.Packungsgr\xc3\xb6\xc3\x9fe: 0,75lKontaktKontaktname: Sektkellerei Faber GmbHKontaktadresse: Niederkircher Str. 27, 54294 Trier/DeutschlandMaximale Bestellmenge: 15 St\xc3\xbcckF\xc3\xbcr die vorstehenden Angaben wird keine Haftung \xc3\xbcbernommen. Bitte pr\xc3\xbcfen Sie im Einzelfall die Angaben auf der jeweiligen Produktverpackung, nur diese sind verbindlich.Das Produktdesign kann von der Abbildung abweichen.'",Im Weiher 14,Rewe,Wein & Spirituosen,2023-07-09,"Gültig ab morgen bis Samstag, 15.07.2023"
Jack Daniel's Tennessee Whiskey,https://img.rewe-static.de/REWE_CENTER_HZ28_2023/4676050/3229750-32_digital-image.png?impolicy=s-offers&imwidth=200&output-format=image/webp,,https://shop.rewe.de/productList?search=2832136,,"40% Vol. oder Honey 35% Vol. , je 0,7-l-Fl , (1 l = 22.84)",Knaller,"15,99 €","b""Bestellung ab 18 Jahren.F\xc3\xbcr dieses Produkt gilt das Jugendschutzgesetz.ProduktbeschreibungArtikelnummer 4676050Tropfen f\xc3\xbcr Tropfen \xe2\x80\x93 eindeutig Jack!\nEs gibt \xc3\xbcber ein Dutzend Theorien, warum Jack Daniel seinen Whiskey \xe2\x80\x9eOld No.7\xe2\x80\x9c genannt hat. Eine davon besagt, dass er den sieben wichtigsten Frauen in seinem Leben ein Denkmal setzen wollte. Den wahren Grund kennt aber nur Jack \xe2\x80\x93 und der l\xc3\xa4sst seine Biografen weiter r\xc3\xa4tseln. \nSeit 1866 wird Old No.7 nach dem unver\xc3\xa4nderten Originalrezept von Jack Daniel hergestellt. Sein rauchigmildes Aroma hat ihn zu einem der bekanntesten Whiskey-Klassiker gemacht. \nOb pur, mit Wasser, mit Cola, mit Ginger oder im Cocktail: Jack ist aus den Bars der Welt nicht mehr wegzudenken. Wer nicht selbst mixen m\xc3\xb6chte, der bedient sich mit Jack Daniel\xe2\x80\x98s Premix Longdrinks: klassisch mit Cola oder erfrischend herb mit Ginger. Jack Daniel\xe2\x80\x98s Old No.7 \xe2\x80\x93 auch in den kleinsten \xe2\x80\x9eWhiskeyf\xc3\xa4ssern der Welt\xe2\x80\x9c immer der perfekte Genuss.... mehr anzeigenSeit 1866 wird Old No. 7 nach unver\xc3\xa4ndertem Originalrezept von Jack Daniel hergestellt. Rauchig mildes Aroma mit einem Mix aus Karamell, Vanille und Holznoten.ArtikeldetailsMarke: Jack Daniel'sUrsprungsland: Vereinigte StaatenAlkoholgehalt: 40 % Vol.KontaktKontaktname: BROWN-FORMAN DEUTSCHLAND GMBHKontaktadresse: Dammtorwall 7, 20354 Hamburg, DeutschlandMaximale Bestellmenge: 15 St\xc3\xbcckF\xc3\xbcr die vorstehenden Angaben wird keine Haftung \xc3\xbcbernommen. Bitte pr\xc3\xbcfen Sie im Einzelfall die Angaben auf der jeweiligen Produktverpackung, nur diese sind verbindlich.Das Produktdesign kann von der Abbildung abweichen.""",Im Weiher 14,Rewe,Wein & Spirituosen,2023-07-09,"Gültig ab morgen bis Samstag, 15.07.2023"
Mionetto Prosecco Spumante DOC,https://img.rewe-static.de/REWE_CENTER_HZ28_2023/2104631/22280027-24_digital-image.png?impolicy=s-offers&imwidth=200&output-format=image/webp,,https://shop.rewe.de/productList?search=2832136,,"versch. Sorten , je 0,75-l-Fl , (1 l = 9.32)",Aktion,"6,99 €","b""Bestellung ab 18 Jahren.F\xc3\xbcr dieses Produkt gilt das Jugendschutzgesetz.ProduktbeschreibungArtikelnummer 2104631Der Prosecco D.O.C. Treviso Brut der Prestige-Linie \xc3\xbcberrascht selbst ausgesprochene Kenner. \nDieser hochwertige Spumante interpretiert die Kategorie 'Brut' v\xc3\xb6llig neu und z\xc3\xa4hlt geschmacklich zu den modernsten seiner Klasse. \nDer Prosecco D.O.C. Treviso Brut besticht durch seine leuchtend strohgelbe Farbe, intensive Perlage, ein fruchtiges Bukett nach Golden Delicious \xc3\x84pfeln und Birnen \nsowie durch feine Aromen nach Akazienhonig. Mionetto Prosecco D.O.C. Treviso Brut zeichnet sich durch sein elegantes Design aus. Das raffiniert moderne Etikett im 27-Grad-Winkel spiegelt sich in der Halsschleife wider.\n\nAlkoholgehalt: 11% Vol.... mehr anzeigenZutaten & AllergeneZutaten:  Enth\xc3\xa4lt Sulfite Zusatzstoffe: E 220Allergenhinweise: Schwefeldioxid und Sulfite in einer Konzentration von mehr als 10 mg/kg oder 10 mg/l, als SO2 angegebenArtikeldetailsMarke: MionettoUrsprungsland: ItalienKontaktKontaktname: Mionetto SPAKontaktadresse: Valdobbiadene, ItalienMaximale Bestellmenge: 15 St\xc3\xbcckF\xc3\xbcr die vorstehenden Angaben wird keine Haftung \xc3\xbcbernommen. Bitte pr\xc3\xbcfen Sie im Einzelfall die Angaben auf der jeweiligen Produktverpackung, nur diese sind verbindlich.Das Produktdesign kann von der Abbildung abweichen.""",Im Weiher 14,Rewe,Wein & Spirituosen,2023-07-09,"Gültig ab morgen bis Samstag, 15.07.2023"
Cellini Grappa Oro,https://img.rewe-static.de/REWE_CENTER_HZ28_2023/9687947/3673940-23_digital-image.png?impolicy=s-offers&imwidth=200&output-format=image/webp,,https://shop.rewe.de/productList?search=2832136,,"38% Vol. , je 0,7-l-Fl , (1 l = 12.84)",Aktion,"8,99 €","b'Bestellung ab 18 Jahren.F\xc3\xbcr dieses Produkt gilt das Jugendschutzgesetz.ProduktbeschreibungArtikelnummer 9687947Zutaten & AllergeneAllergenhinweise: Enth\xc3\xa4lt: Keine deklarationspflichtigen Allergene enthalten.HinweiseAufbewahrungs- und Verwendungshinweis: Lagerf\xc3\xa4higkeit 2-3 Jahre, bei Zimmertemperatur servierenArtikeldetailsMarke: CelliniUrsprungsland: ItalienAlkoholgehalt: 38 % Vol.KontaktKontaktname: Rolf Herzberger GmbH & Co. KGKontaktadresse: Am Felsbrunnen 8, 66119 Saarbr\xc3\xbcckenMaximale Bestellmenge: 15 St\xc3\xbcckF\xc3\xbcr die vorstehenden Angaben wird keine Haftung \xc3\xbcbernommen. Bitte pr\xc3\xbcfen Sie im Einzelfall die Angaben auf der jeweiligen Produktverpackung, nur diese sind verbindlich.Das Produktdesign kann von der Abbildung abweichen.'",Im Weiher 14,Rewe,Wein & Spirituosen,2023-07-09,"Gültig ab morgen bis Samstag, 15.07.2023"
La Gioiosa Prosecco Frizzante Treviso DOC,https://img.rewe-static.de/REWE_CENTER_HZ28_2023/0321558/7433190-34_digital-image.png?impolicy=s-offers&imwidth=200&output-format=image/webp,,https://shop.rewe.de/productList?search=2832136,,"je 0,75-l-Fl , (1 l = 7.99)",Aktion,"5,99 €","b'Bestellung ab 18 Jahren.F\xc3\xbcr dieses Produkt gilt das Jugendschutzgesetz.ProduktbeschreibungArtikelnummer 321558Alkoholgehalt: 10 % Vol. Zutaten & AllergeneZutaten: Nicht deklariert:Perlwein, Antioxidationsmittel (Ascorbins\xc3\xa4ure, Schwefeldioxid). Zusatzstoffe: E 220Allergenhinweise: Schwefeldioxid und Sulfite in einer Konzentration von mehr als 10 mg/kg oder 10 mg/l, als SO2 angegebenN\xc3\xa4hrwerteDurchschnittliche N\xc3\xa4hrwertepro 100 mlEnergie292 kJEnergie70 kcalFett0 gFett, davon ges\xc3\xa4ttigte Fetts\xc3\xa4uren0 gKohlenhydrate2,9 gKohlenhydrate, davon Zucker1,1 gEiwei\xc3\x9f< 0,1 gSalz< 0,02 gHinweiseVerwendungshinweise: Trocken und k\xc3\xbchl lagern. Vor Licht sch\xc3\xbctzen.ArtikeldetailsMarke: La GioiosaUrsprungsland: ItalienKontaktKontaktname: La Gioiosa S.p.A.Kontaktadresse: Crocetta del Montello, 31035, ItalienMaximale Bestellmenge: 15 St\xc3\xbcckF\xc3\xbcr die vorstehenden Angaben wird keine Haftung \xc3\xbcbernommen. Bitte pr\xc3\xbcfen Sie im Einzelfall die Angaben auf der jeweiligen Produktverpackung, nur diese sind verbindlich.Das Produktdesign kann von der Abbildung abweichen.'",Im Weiher 14,Rewe,Wein & Spirituosen,2023-07-09,"Gültig ab morgen bis Samstag, 15.07.2023"
"Tristar Standventilator »VE-5893«
            3",https://img.rewe-static.de/REWE_CENTER_HZ28_2023/8856889/39675573-5_digital-image.png?impolicy=s-offers&imwidth=200&output-format=image/webp,,https://shop.rewe.de/productList?search=2832136,,"Ø ca. 40 cm höhenverstellbar von ca. 105 bis 125 cm 3 Geschwindigkeitsstufen Oszillationsfunktion , je St",Knaller,"21,99 €",nan,Im Weiher 14,Rewe,Haushalt,2023-07-09,"Gültig ab morgen bis Samstag, 15.07.2023"
Persil Discs Colorwaschmittel,https://img.rewe-static.de/REWE_CENTER_HZ28_2023/8910199/38493870-5_digital-image.png?impolicy=s-offers&imwidth=200&output-format=image/webp,,https://shop.rewe.de/productList?search=2832136,,"je 76-WL-Btl , (1 WL = 0.26)",Knaller,"19,99 €",nan,Im Weiher 14,Rewe,Haushalt,2023-07-09,"Gültig ab morgen bis Samstag, 15.07.2023"
Persil Vollwaschmittel Universal Pulver,https://img.rewe-static.de/REWE_CENTER_HZ28_2023/8978010/38493728-8_digital-image.png?impolicy=s-offers&imwidth=200&output-format=image/webp,,https://shop.rewe.de/productList?search=2832136,,"je 90-WL-Pckg , (1 WL = 0.22)",Knaller,"19,99 €","b'Gefahren- / WarnhinweiseAchtungVerursacht schwere Augenreizung.Ist \xc3\xa4rztlicher Rat erforderlich, Verpackung oder Kennzeichnungsetikett bereithalten. Darf nicht in die H\xc3\xa4nde von Kindern gelangen. Schutzhandschuhe/Schutzkleidung/Augenschutz/Gesichtsschutz tragen. BEI KONTAKT MIT DEN AUGEN: Einige Minuten lang behutsam mit Wasser sp\xc3\xbclen. Eventuell vorhandene Kontaktlinsen nach M\xc3\xb6glichkeit entfernen. Weiter sp\xc3\xbclen. Bei anhaltender Augenreizung: \xc3\x84rztlichen Rat einholen/\xc3\xa4rztliche Hilfe hinzuziehen.ProduktbeschreibungArtikelnummer 8978010ArtikeldetailsMarke: PersilUrsprungsland: DeutschlandKontaktKontaktname: Henkel AG & Co. KGaAKontaktadresse: D-40191 D\xc3\xbcsseldorfMaximale Bestellmenge: 15 St\xc3\xbcckF\xc3\xbcr die vorstehenden Angaben wird keine Haftung \xc3\xbcbernommen. Bitte pr\xc3\xbcfen Sie im Einzelfall die Angaben auf der jeweiligen Produktverpackung, nur diese sind verbindlich.Das Produktdesign kann von der Abbildung abweichen.'",Im Weiher 14,Rewe,Haushalt,2023-07-09,"Gültig ab morgen bis Samstag, 15.07.2023"
Zewa Wisch und Weg Riesenrollen,https://img.rewe-static.de/REWE_CENTER_HZ28_2023/8680834/40049254-11_digital-image.png?impolicy=s-offers&imwidth=200&output-format=image/webp,,https://shop.rewe.de/productList?search=2832136,,je 4 x 72-Blatt-Pckg,Knaller,"4,99 €","b'ProduktbeschreibungArtikelnummer 8680834ArtikeldetailsMarke: ZewaUrsprungsland: DeutschlandKontaktKontaktname: Essity Germany GmbHKontaktadresse: Sandhofer Strasse 176,68305 MannheimF\xc3\xbcr die vorstehenden Angaben wird keine Haftung \xc3\xbcbernommen. Bitte pr\xc3\xbcfen Sie im Einzelfall die Angaben auf der jeweiligen Produktverpackung, nur diese sind verbindlich.Das Produktdesign kann von der Abbildung abweichen.'",Im Weiher 14,Rewe,Haushalt,2023-07-09,"Gültig ab morgen bis Samstag, 15.07.2023"
Zewa Küchenrolle Original,https://img.rewe-static.de/REWE_CENTER_HZ28_2023/7287498/31362694-14_digital-image.png?impolicy=s-offers&imwidth=200&output-format=image/webp,,https://shop.rewe.de/productList?search=2832136,,je 8 x 45-Blatt-Pckg,Knaller,"4,99 €","b'ProduktbeschreibungArtikelnummer 7287498Die Nr. 1 Marke in vertrauter Zewa Qualit\xc3\xa4t: Zewa Wisch&Weg Original Haushaltst\xc3\xbccher mit innovativer Power-X-Struktur und Marken-Bord\xc3\xbcre, sind extra saugstark und hygienisch - ein Blatt kann ausreichen.* Die innovative Power-X-Struktur der Nr. 1 Marke in vertrauter Zewa Qualit\xc3\xa4t h\xc3\xa4lt die K\xc3\xbcchenrolle stark und rei\xc3\x9ffest, w\xc3\xa4hrend ihre weichen Kissen besonders gut absorbieren. So k\xc3\xb6nnen die Haushaltst\xc3\xbccher durch die verbesserte Wabentechnologie Fl\xc3\xbcssigkeit aufnehmen - ganz ohne zu rei\xc3\x9fen. Es eignet sich als perfekter Helfer f\xc3\xbcr den K\xc3\xbcchenalltag, ist im Haushalt vielseitig einsetzbar und das Original \xc3\xbcberzeugt auch optisch mit der Markenbord\xc3\xbcre. \n \nMit den Haushaltst\xc3\xbcchern von Zewa Wisch&Weg l\xc3\xa4sst sich im Handumdrehen jeder Schmutz und jeder Fleck entfernen \xe2\x80\x93 ob auf der Kleidung, der K\xc3\xbcchenablage oder dem Boden. Das robuste Papier eignet sich zum Aufwischen, Schrubben, Polieren und Aufsaugen, ohne dabei Fussel zu hinterlassen. \n \nDurch die optimierte Perforation lassen sich die einzelnen T\xc3\xbccher ganz leicht abrei\xc3\x9fen und es wird kein Papier verschwendet. Durch die hervorragende Qualit\xc3\xa4t wurden die Zewa Wisch&Weg Haushaltst\xc3\xbccher im Rahmen einer Umfrage des branchef\xc3\xbchrenden Magazins Lebensmittel Praxis (LP) von den Verbrauchern zum Produkt des Jahres 2019 gew\xc3\xa4hlt. \n \nZewa Wisch&Weg ist nicht nur hygienisch und praktisch, sondern auch nachhaltig, denn die Verpackung ist zu 100% recycelbar und reduziert durch die Verwendung von recyceltem Plastik den CO2-Fu\xc3\x9fabdruck**. Die T\xc3\xbccher bleiben 100% biologisch abbaubar. So sorgt Zewa Wisch&Weg f\xc3\xbcr weniger Plastikm\xc3\xbcll und mehr Wohlbefinden. * - Die Nr. 1 Marke in vertrauter Zewa Qualit\xc3\xa4t: Zewa Wisch & Weg Original ist f\xc3\xbcr alle Haushaltsaufgaben geeignet \n- Nassfest, wringfest, schrubbfest \n- Innovative Power-X-Struktur h\xc3\xa4lt Zewa Haushaltst\xc3\xbccher stark und rei\xc3\x9ffest \n- Ein Blatt kann ausreichen* \n- Besonders saugf\xc3\xa4hige Kissen \n- CO2-reduzierte Verpackung zu 100% recycelbar (gem\xc3\xa4\xc3\x9f ISO 18604) und aus \xc3\xbcber 30% recyceltem Plastik hergestellt - f\xc3\xbcr weniger Plastikm\xc3\xbcll**... mehr anzeigenArtikeldetailsMarke: ZewaUrsprungsland: DeutschlandKontaktKontaktname: Essity Germany GmbHKontaktadresse: Sandhofer Strasse 176,68305 MannheimF\xc3\xbcr die vorstehenden Angaben wird keine Haftung \xc3\xbcbernommen. Bitte pr\xc3\xbcfen Sie im Einzelfall die Angaben auf der jeweiligen Produktverpackung, nur diese sind verbindlich.Das Produktdesign kann von der Abbildung abweichen.'",Im Weiher 14,Rewe,Haushalt,2023-07-09,"Gültig ab morgen bis Samstag, 15.07.2023"
Meister Proper Reiniger,https://img.rewe-static.de/REWE_CENTER_HZ28_2023/8862064/37400620-7_digital-image.png?impolicy=s-offers&imwidth=200&output-format=image/webp,,https://shop.rewe.de/productList?search=2832136,,"versch. Sorten , je 1,5-l-Fl , (1 l = 1.86)",Aktion,"2,79 €","b'Gefahren- / WarnhinweiseAchtungVerursacht schwere Augenreizung. Darf nicht in die H\xc3\xa4nde von Kindern gelangen. BEI KONTAKT MIT DEN AUGEN: Einige Minuten lang behutsam mit Wasser sp\xc3\xbclen.ProduktbeschreibungArtikelnummer 8862064Meister Proper Allzweckreiniger eignet sich ideal f\xc3\xbcr fast alle glatten Oberfl\xc3\xa4chen. Sie k\xc3\xb6nnen es f\xc3\xbcr das Sp\xc3\xbclbecken, fettverschmutzte Herdplatten und als Bodenreiniger verwenden. Das fl\xc3\xbcssige Meister Proper entfernt bis zu 100% Schmutz und Fett ohne Streifen zu hinterlassen. Entdecken Sie unseren besten Glanz aller Zeiten mit pflanzenbasiertem Inhaltstoff (12% der reinigungsaktiven Substanzen sind aus pflanzlichem, weiterverarbeitetem Ausgangsmaterial). Verleihen Sie Ihrem Zuhause einen frischen Duft Citrusfrische dank seines entz\xc3\xbcckenden Aromas.HinweiseInformation: Verursacht schwere Augenreizung. Darf nicht in die H\xc3\xa4nde von Kindern gelangen. BEI KONTAKT MIT DEN AUGEN: Einige Minuten lang behutsam mit Wasser sp\xc3\xbclen. Nach Gebrauch H\xc3\xa4nde waschen.ArtikeldetailsMarke: Meister ProperUrsprungsland: ItalienKontaktKontaktname: Procter & Gamble International Operations SAKontaktadresse: 47 route de Saint-Georges, 1213 Petit-Lancy, Switzerland.Maximale Bestellmenge: 15 St\xc3\xbcckF\xc3\xbcr die vorstehenden Angaben wird keine Haftung \xc3\xbcbernommen. Bitte pr\xc3\xbcfen Sie im Einzelfall die Angaben auf der jeweiligen Produktverpackung, nur diese sind verbindlich.Das Produktdesign kann von der Abbildung abweichen.'",Im Weiher 14,Rewe,Haushalt,2023-07-09,"Gültig ab morgen bis Samstag, 15.07.2023"
Febreze Bad Lufterfrischer,https://img.rewe-static.de/REWE_CENTER_HZ28_2023/7667920/37775438-3_digital-image.png?impolicy=s-offers&imwidth=200&output-format=image/webp,,https://shop.rewe.de/productList?search=2832136,,"Vanille , je 15-ml-Pckg , (1 l = 332.67)",Aktion,"4,99 €",nan,Im Weiher 14,Rewe,Haushalt,2023-07-09,"Gültig ab morgen bis Samstag, 15.07.2023"
"Faltbare Helfer
            3",https://img.rewe-static.de/REWE_CENTER_HZ28_2023/7717803/40276895-7_digital-image.png?impolicy=s-offers&imwidth=200&output-format=image/webp,,https://shop.rewe.de/productList?search=2832136,,"Eimer ca. 10 l 3.99 ca. Ø 31,3 cm x 25 cm Geschirrspülschüssel ca. 12 l 5.99 ca. 31,3 x 30,5 x 20 cm Wäschekorb ca. 17 l 7.99 ca. 53,5 x 37,8 x 23,8 cm , St",Aktion,"3,99 €",nan,Im Weiher 14,Rewe,Haushalt,2023-07-09,"Gültig ab morgen bis Samstag, 15.07.2023"
"Vivess
            3",https://img.rewe-static.de/REWE_CENTER_HZ28_2023/8879469/40276653-7_digital-image.png?impolicy=s-offers&imwidth=200&output-format=image/webp,,https://shop.rewe.de/productList?search=2832136,,"Reinigungsschwamm 2er-Pack 1.89 Badwunder 1.99 Küchenwunder 5er-Pack 2.29 Küchenschwamm 2in1 2er-Pack 2.49 , Pckg",Aktion,"1,89 €",nan,Im Weiher 14,Rewe,Haushalt,2023-07-09,"Gültig ab morgen bis Samstag, 15.07.2023"
Febreze 3 Volution Duftstecker,https://img.rewe-static.de/REWE_CENTER_HZ28_2023/7715733/37775440-3_digital-image.png?impolicy=s-offers&imwidth=200&output-format=image/webp,,https://shop.rewe.de/productList?search=2832136,,"Vanille , je 20-ml-Pckg , (1 l = 249.50)",Aktion,"4,99 €",nan,Im Weiher 14,Rewe,Haushalt,2023-07-09,"Gültig ab morgen bis Samstag, 15.07.2023"
"Kärcher Akku-Fenstersauger »WV 1 Plus«
            3",https://img.rewe-static.de/REWE_CENTER_HZ28_2023/8414526/38280598-6_digital-image.png?impolicy=s-offers&imwidth=200&output-format=image/webp,,https://shop.rewe.de/productList?search=2832136,,je St,Aktion,"39,99 €",nan,Im Weiher 14,Rewe,Haushalt,2023-07-09,"Gültig ab morgen bis Samstag, 15.07.2023"
"Vivess Espressokocher
            3",https://img.rewe-static.de/REWE_CENTER_HZ28_2023/8380807/33070093-9_digital-image.png?impolicy=s-offers&imwidth=200&output-format=image/webp,,https://shop.rewe.de/productList?search=2832136,,"für 4 Tassen induktions- geeignet , je St",Aktion,"12,99 €",nan,Im Weiher 14,Rewe,Haushalt,2023-07-09,"Gültig ab morgen bis Samstag, 15.07.2023"
"Fußmatte
            3",https://img.rewe-static.de/REWE_CENTER_HZ28_2023/7810637/36270545-10_digital-image.png?impolicy=s-offers&imwidth=200&output-format=image/webp,,https://shop.rewe.de/productList?search=2832136,,"ca. 60 x 80 cm 7.99 ca. 80 x 120 cm 14.99 , St",Aktion,"7,99 €",nan,Im Weiher 14,Rewe,Haushalt,2023-07-09,"Gültig ab morgen bis Samstag, 15.07.2023"
Nexa Lotte Mottenschutzpapier,https://img.rewe-static.de/REWE_CENTER_HZ28_2023/7273230/27808982-7_digital-image.png?impolicy=s-offers&imwidth=200&output-format=image/webp,,https://shop.rewe.de/productList?search=2832136,,je 2-St.-Pckg,Aktion,"1,79 €","b'Gefahren- / WarnhinweiseAchtungSehr giftig f\xc3\xbcr Wasserorganismen, mit langfristiger Wirkung. Ist \xc3\xa4rztlicher Rat erforderlich, Verpackung oder Kennzeichnungsetikett bereithalten. Darf nicht in die H\xc3\xa4nde von Kindern gelangen. Nach Gebrauch H\xc3\xa4nde gr\xc3\xbcndlich waschen. Inhalt und Beh\xc3\xa4lter in gesicherter Weise der Entsorgung zuf\xc3\xbchren. Biozidprodukte vorsichtig verwenden. Vor Gebrauch stets Etikett und Produktinformationen lesen.ProduktbeschreibungArtikelnummer 7273230Sch\xc3\xbctzt effektiv bis zu 6 Monate Wollsachen, M\xc3\xa4ntel, Kleider, Pelze in Schr\xc3\xa4nken, Koffern, Truhen vor Kleidermotten und Pelzk\xc3\xa4ferlarven, 2 StreifenHinweiseAufbewahrungs- und Verwendungshinweis: Au\xc3\x9fer Reichweite von Kindern aufbewahren.Information: Biozidprodukte vorsichtig verwenden. Vor Gebrauch stets Etikett und Produktinformationen lesen.Biozid-Registriernummer: N-77192ArtikeldetailsMarke: Nexa LotteUrsprungsland: DeutschlandKontaktKontaktname: Evergreen Garden Care Deutschland GmbHKontaktadresse: Wilh.-Theodor-R\xc3\xb6mheld-Str. 30, D-55130 MainzMaximale Bestellmenge: 12 St\xc3\xbcckF\xc3\xbcr die vorstehenden Angaben wird keine Haftung \xc3\xbcbernommen. Bitte pr\xc3\xbcfen Sie im Einzelfall die Angaben auf der jeweiligen Produktverpackung, nur diese sind verbindlich.Das Produktdesign kann von der Abbildung abweichen.'",Im Weiher 14,Rewe,Haushalt,2023-07-09,"Gültig ab morgen bis Samstag, 15.07.2023"
Calgon 4in1 Tabs Wasserenthärter,https://img.rewe-static.de/REWE_CENTER_HZ28_2023/7649810/39136968-7_digital-image.png?impolicy=s-offers&imwidth=200&output-format=image/webp,,https://shop.rewe.de/productList?search=2832136,,"je 50-Tab-Pckg , (1 Tab = 0.17)",Aktion,"8,49 €","b'ProduktbeschreibungArtikelnummer 7649810Calgon 4in1 Power Tabs sch\xc3\xbctzen Ihre Waschmaschine von innen - schwer zug\xc3\xa4ngliche Maschinenteile, die mit Wasser in Kontakt kommen, werden so vor Kalk, Korissionen, Schmutzablagerungen und Ger\xc3\xbcchen bewahrt.ArtikeldetailsMarke: CalgonEigenschaften: *Neu*Ursprungsland: ItalienKontaktKontaktname: RB Hygiene Home Deutschland GmbHKontaktadresse: Darwinstr. 2-4 69115 HeidelbergMaximale Bestellmenge: 15 St\xc3\xbcckF\xc3\xbcr die vorstehenden Angaben wird keine Haftung \xc3\xbcbernommen. Bitte pr\xc3\xbcfen Sie im Einzelfall die Angaben auf der jeweiligen Produktverpackung, nur diese sind verbindlich.Das Produktdesign kann von der Abbildung abweichen.'",Im Weiher 14,Rewe,Haushalt,2023-07-09,"Gültig ab morgen bis Samstag, 15.07.2023"
"Rund um den Haushalt
            3",https://img.rewe-static.de/REWE_CENTER_HZ28_2023/8864512/40276805-6_digital-image.png?impolicy=s-offers&imwidth=200&output-format=image/webp,,https://shop.rewe.de/productList?search=2832136,,"versch. Artikel , je St./Set",Aktion,"1,00 €",nan,Im Weiher 14,Rewe,Haushalt,2023-07-09,"Gültig ab morgen bis Samstag, 15.07.2023"
Weißer Riese Universal Gel Waschmittel,https://img.rewe-static.de/REWE_CENTER_HZ28_2023/8914047/38802583-3_digital-image.png?impolicy=s-offers&imwidth=200&output-format=image/webp,,https://shop.rewe.de/productList?search=2832136,,"je 22-WL-Fl , (1 WL = 0.18)",Aktion,"3,99 €",nan,Im Weiher 14,Rewe,Haushalt,2023-07-09,"Gültig ab morgen bis Samstag, 15.07.2023"
"Kärcher Zubehör
            3",https://img.rewe-static.de/REWE_CENTER_HZ28_2023/1499528/35187225-7_digital-image.png?impolicy=s-offers&imwidth=200&output-format=image/webp,,https://shop.rewe.de/productList?search=2832136,,"Glasreinigerkonzentrat ca. 500 ml 6.99 (1 l = 13.98) Mikrofaserwischbezug 2er-Pack 9.99 Abziehlippe 2er-Pack 9.99 , Fl./Pckg",Aktion,"6,99 €",nan,Im Weiher 14,Rewe,Haushalt,2023-07-09,"Gültig ab morgen bis Samstag, 15.07.2023"
Calgon 4in1 Gel,https://img.rewe-static.de/REWE_CENTER_HZ28_2023/7696611/39136970-4_digital-image.png?impolicy=s-offers&imwidth=200&output-format=image/webp,,https://shop.rewe.de/productList?search=2832136,,"je 2300-ml-Fl , (1 l = 3.69)",Aktion,"8,49 €",nan,Im Weiher 14,Rewe,Haushalt,2023-07-09,"Gültig ab morgen bis Samstag, 15.07.2023"
Toppits Zipper Allzweck-Beutel,https://img.rewe-static.de/REWE_CENTER_HZ28_2023/2383024/23889433-20_digital-image.png?impolicy=s-offers&imwidth=200&output-format=image/webp,,https://shop.rewe.de/productList?search=2832136,,"1 Liter , je 12-St.-Pckg",Aktion,"1,79 €","b'ProduktbeschreibungArtikelnummer 2383024Der Zipper von Toppits ist die Allzweckl\xc3\xb6sung im Haushalt. Egal ob zum Frischhalten und Einfrieren von Lebensmitteln oder zum bequemen Transport - der Zipper ist der vielseitige K\xc3\xbcchenhelfer schlechthin. Der patentierte Zipper Rei\xc3\x9fverschluss und der praktische Standboden machen den Zipper zu etwas ganz besonderem. \nInhalt: 12 Beutel. Ma\xc3\x9fe: 20,5cm Breite / 16,2cm L\xc3\xa4nge. Die Toppits\xc2\xae Zipper\xc2\xae Beutel sind die Allrounder f\xc3\xbcr zuhause und unterwegs. Dank ihres Rei\xc3\x9fverschlusses halten sie absolut dicht und schlie\xc3\x9fen mit dem typischen ZZZiip Ger\xc3\xa4usch. Ihre hochwertige Spezialfolie ist besonders rei\xc3\x9ffest und wasserdicht. Die wiederverschlie\xc3\x9fbaren Zipper\xc2\xae  Beutel sind mehrfach und universell einsetzbar - ob zum Einfrieren und Frischhalten von Lebensmitteln oder zum sicheren und bequemen Aufbewahren, Sortieren und Transportieren kleinerer Gegenst\xc3\xa4nde aller Art und d\xc3\xbcrfen sogar in der Sp\xc3\xbclmaschine gereinigt werden.HinweiseInformation: Kein Spielzeug! Von Kindern fernhalten \xe2\x80\x93 Erstickungsgefahr!ArtikeldetailsMarke: ToppitsUrsprungsland: PolenKontaktKontaktname: Cofresco Frischhalteprodukte GmbH & Co. KGKontaktadresse: Ringstrasse 99, 32427 MindenMaximale Bestellmenge: 15 St\xc3\xbcckF\xc3\xbcr die vorstehenden Angaben wird keine Haftung \xc3\xbcbernommen. Bitte pr\xc3\xbcfen Sie im Einzelfall die Angaben auf der jeweiligen Produktverpackung, nur diese sind verbindlich.Das Produktdesign kann von der Abbildung abweichen.'",Im Weiher 14,Rewe,Haushalt,2023-07-09,"Gültig ab morgen bis Samstag, 15.07.2023"
Somat Classic Geschirrreinigertabs,https://img.rewe-static.de/REWE_CENTER_HZ28_2023/8867064/38620868-4_digital-image.png?impolicy=s-offers&imwidth=200&output-format=image/webp,,https://shop.rewe.de/productList?search=2832136,,"je 36-Tab-Pckg , (1 Tab = 0.12)",Aktion,"4,49 €","b'Gefahren- / WarnhinweiseAchtungVerursacht schwere Augenreizung. Ist \xc3\xa4rztlicher Rat erforderlich, Verpackung oder Kennzeichnungsetikett bereithalten. Darf nicht in die H\xc3\xa4nde von Kindern gelangen. Schutzhandschuhe/Schutzkleidung/Augenschutz/Gesichtsschutz tragen. BEI KONTAKT MIT DEN AUGEN: Einige Minuten lang behutsam mit Wasser sp\xc3\xbclen. Eventuell vorhandene Kontaktlinsen nach M\xc3\xb6glichkeit entfernen. Weiter sp\xc3\xbclen. Bei anhaltender Augenreizung: \xc3\x84rztlichen Rat einholen/\xc3\xa4rztliche Hilfe hinzuziehen. ProduktbeschreibungArtikelnummer 8867064ArtikeldetailsMarke: SomatUrsprungsland: DeutschlandKontaktKontaktname: Henkel Wasch- und Reinigungsmittel GmbHKontaktadresse: D-40191 D\xc3\xbcsseldorfMaximale Bestellmenge: 15 St\xc3\xbcckF\xc3\xbcr die vorstehenden Angaben wird keine Haftung \xc3\xbcbernommen. Bitte pr\xc3\xbcfen Sie im Einzelfall die Angaben auf der jeweiligen Produktverpackung, nur diese sind verbindlich.Das Produktdesign kann von der Abbildung abweichen.'",Im Weiher 14,Rewe,Haushalt,2023-07-09,"Gültig ab morgen bis Samstag, 15.07.2023"
Somat Allin1 Geschirrreingertabs,https://img.rewe-static.de/REWE_CENTER_HZ28_2023/8866769/38621807-5_digital-image.png?impolicy=s-offers&imwidth=200&output-format=image/webp,,https://shop.rewe.de/productList?search=2832136,,"je 25-Tab-Pckg , (1 Tab = 0.18)",Aktion,"4,49 €","b'Gefahren- / WarnhinweiseAchtungVerursacht schwere Augenreizung. Ist \xc3\xa4rztlicher Rat erforderlich, Verpackung oder Kennzeichnungsetikett bereithalten. Darf nicht in die H\xc3\xa4nde von Kindern gelangen. Schutzhandschuhe/Schutzkleidung/Augenschutz/Gesichtsschutz tragen. BEI KONTAKT MIT DEN AUGEN: Einige Minuten lang behutsam mit Wasser sp\xc3\xbclen. Eventuell vorhandene Kontaktlinsen nach M\xc3\xb6glichkeit entfernen. Weiter sp\xc3\xbclen. Bei anhaltender Augenreizung: \xc3\x84rztlichen Rat einholen/\xc3\xa4rztliche Hilfe hinzuziehen. ProduktbeschreibungArtikelnummer 8866769ArtikeldetailsMarke: SomatUrsprungsland: DeutschlandKontaktKontaktname: Henkel Wasch- und Reinigungsmittel GmbHKontaktadresse: D-40191 D\xc3\xbcsseldorfMaximale Bestellmenge: 15 St\xc3\xbcckF\xc3\xbcr die vorstehenden Angaben wird keine Haftung \xc3\xbcbernommen. Bitte pr\xc3\xbcfen Sie im Einzelfall die Angaben auf der jeweiligen Produktverpackung, nur diese sind verbindlich.Das Produktdesign kann von der Abbildung abweichen.'",Im Weiher 14,Rewe,Haushalt,2023-07-09,"Gültig ab morgen bis Samstag, 15.07.2023"
Toppits Zipper Allzweck-Beutel,https://img.rewe-static.de/REWE_CENTER_HZ28_2023/2383028/23889292-18_digital-image.png?impolicy=s-offers&imwidth=200&output-format=image/webp,,https://shop.rewe.de/productList?search=2832136,,"3 Liter , je 8-St.-Pckg",Aktion,"1,79 €","b'ProduktbeschreibungArtikelnummer 2383028Der Zipper von Toppits ist die Allzweckl\xc3\xb6sung im Haushalt. Egal ob zum Frischhalten und Einfrieren von Lebensmitteln oder zum bequemen Transport - der Zipper ist der vielseitige K\xc3\xbcchenhelfer schlechthin. Der patentierte Zipper Rei\xc3\x9fverschluss und der praktische Standboden machen den Zipper zu etwas ganz besonderem. \n\nInhalt: 8 Beutel. Ma\xc3\x9fe: 25,4cm L\xc3\xa4nge / 27cm Breite. Die Toppits\xc2\xae Zipper\xc2\xae Beutel sind die Allrounder f\xc3\xbcr zuhause und unterwegs. Dank ihres Rei\xc3\x9fverschlusses halten sie absolut dicht und schlie\xc3\x9fen mit dem typischen ZZZiip Ger\xc3\xa4usch. Ihre hochwertige Spezialfolie ist besonders rei\xc3\x9ffest und wasserdicht. Die wiederverschlie\xc3\x9fbaren Zipper\xc2\xae  Beutel sind mehrfach und universell einsetzbar - ob zum Einfrieren und Frischhalten von Lebensmitteln oder zum sicheren und bequemen Aufbewahren, Sortieren und Transportieren kleinerer Gegenst\xc3\xa4nde aller Art und d\xc3\xbcrfen sogar in der Sp\xc3\xbclmaschine gereinigt werden.HinweiseInformation: Kein Spielzeug! Von Kindern fernhalten - ErstickungsgefahrArtikeldetailsMarke: ToppitsUrsprungsland: PolenKontaktKontaktname: Cofresco Frischhalteprodukte GmbH & Co. KGKontaktadresse: Ringstrasse 99, 32427 MindenMaximale Bestellmenge: 15 St\xc3\xbcckF\xc3\xbcr die vorstehenden Angaben wird keine Haftung \xc3\xbcbernommen. Bitte pr\xc3\xbcfen Sie im Einzelfall die Angaben auf der jeweiligen Produktverpackung, nur diese sind verbindlich.Das Produktdesign kann von der Abbildung abweichen.'",Im Weiher 14,Rewe,Haushalt,2023-07-09,"Gültig ab morgen bis Samstag, 15.07.2023"
Der General Allzweckreiniger,https://img.rewe-static.de/REWE_CENTER_HZ28_2023/2440649/32569301-7_digital-image.png?impolicy=s-offers&imwidth=200&output-format=image/webp,,https://shop.rewe.de/productList?search=2832136,,"Bergfrühling , je 750-ml-Fl , (1 l = 2.12)",Aktion,"1,59 €","b'Gefahren- / WarnhinweiseEnth\xc3\xa4lt POLYETHERPOLYPHOSPHAT. Kann allergische Reaktionen\r\nhervorrufen.ProduktbeschreibungArtikelnummer 2440649\xe2\x80\xa2Repair und Refresh Effekt \xe2\x80\x93 DER GENERAL f\xc3\xbcllt wirksam kleinste Kratzer und Besch\xc3\xa4digungen auf und sorgt f\xc3\xbcr langanhaltenden Glanz und Frische auf den behandelten Oberfl\xc3\xa4chen \n \n\xe2\x80\xa2Ideale Reinigung \xe2\x80\x93 DER GENERAL Universalreiniger beseitigt hartn\xc3\xa4ckigen Schmutz und Fett wie bew\xc3\xa4hrt leicht und gr\xc3\xbcndlich \n \n\xe2\x80\xa2Langanhaltende Frische - Der typisch frische Duft des Bergfr\xc3\xbchlings sorgt f\xc3\xbcr ein langanhaltendes Dufterlebnis, auch noch lange nach dem Putzen \n \n\xe2\x80\xa2Schnelle Trocknung und Strahlender Glanz \xe2\x80\x93 DER GENERAL Universalreiniger trocknet schnell und sorgt f\xc3\xbcr ein streifenfreies Ergebnis ohne R\xc3\xbcckst\xc3\xa4nde, damit kein Nachwischen erforderlich ist. \n \n \nDER GENERAL Universalreiniger Bergfr\xc3\xbchling beseitigt sowohl hartn\xc3\xa4ckigen Schmutz als auch Fett bew\xc3\xa4hrt leicht und gr\xc3\xbcndlich und sorgt f\xc3\xbcr strahlenden Glanz auf allen Oberfl\xc3\xa4chen. Gl\xc3\xa4nzendes Ergebnis auf allen feucht abwischbaren Oberfl\xc3\xa4chen schon nach dem ersten Wisch.Der typisch frische Fr\xc3\xbchlingsduft wie in den Bergen bereitet ein lang anhaltendes Dufterlebnis noch lange nach dem Putzen.... mehr anzeigenArtikeldetailsMarke: Der GeneralUrsprungsland: DeutschlandKontaktKontaktname: Henkel Wasch- und Reinigungsmittel GmbHKontaktadresse: D-40191 D\xc3\xbcsseldorfMaximale Bestellmenge: 15 St\xc3\xbcckF\xc3\xbcr die vorstehenden Angaben wird keine Haftung \xc3\xbcbernommen. Bitte pr\xc3\xbcfen Sie im Einzelfall die Angaben auf der jeweiligen Produktverpackung, nur diese sind verbindlich.Das Produktdesign kann von der Abbildung abweichen.'",Im Weiher 14,Rewe,Haushalt,2023-07-09,"Gültig ab morgen bis Samstag, 15.07.2023"
Spee Power Caps Colorwaschmittel,https://img.rewe-static.de/REWE_CENTER_HZ28_2023/8904688/38802581-5_digital-image.png?impolicy=s-offers&imwidth=200&output-format=image/webp,,https://shop.rewe.de/productList?search=2832136,,"je 18-WL-Pckg , (1 WL = 0.22)",Aktion,"3,99 €","b'Gefahren- / WarnhinweiseAchtungVerursacht Hautreizungen. Verursacht schwere Augenreizung. Sch\xc3\xa4dlich f\xc3\xbcr Wasserorganismen, mit langfristiger Wirkung. Enth\xc3\xa4lt Subtilisin. Kann allergische Reaktionen hervorrufen. Ist \xc3\xa4rztlicher Rat erforderlich, Verpackung oder Kennzeichnungsetikett bereithalten. Darf nicht in die H\xc3\xa4nde von Kindern gelangen. BEI BER\xc3\x9cHRUNG MIT DER HAUT: Mit viel Wasser waschen. BEI KONTAKT MIT DEN AUGEN: Einige Minuten lang behutsam mit Wasser sp\xc3\xbclen. Eventuell vorhandene Kontaktlinsen nach M\xc3\xb6glichkeit entfernen. Weiter sp\xc3\xbclen. Bei anhaltender Augenreizung: \xc3\x84rztlichen Rat einholen/\xc3\xa4rztliche Hilfe hinzuziehen. BEI VERSCHLUCKEN: Mund aussp\xc3\xbclen. KEIN Erbrechen herbeif\xc3\xbchren. Sofort GIFTINFORMATIONSZENTRUM/Arzt anrufen. Inhalt/Beh\xc3\xa4lter gem\xc3\xa4\xc3\x9f nationalen Vorschriften der Entsorgung zuf\xc3\xbchren.ProduktbeschreibungArtikelnummer 8904688ArtikeldetailsMarke: SpeeUrsprungsland: UngarnKontaktKontaktname: Henkel AG & Co. KGaAKontaktadresse: D-40191 D\xc3\xbcsseldorfMaximale Bestellmenge: 15 St\xc3\xbcckF\xc3\xbcr die vorstehenden Angaben wird keine Haftung \xc3\xbcbernommen. Bitte pr\xc3\xbcfen Sie im Einzelfall die Angaben auf der jeweiligen Produktverpackung, nur diese sind verbindlich.Das Produktdesign kann von der Abbildung abweichen.'",Im Weiher 14,Rewe,Haushalt,2023-07-09,"Gültig ab morgen bis Samstag, 15.07.2023"
Perwoll Renew Wolle & Feines Waschmittel,https://img.rewe-static.de/REWE_CENTER_HZ28_2023/8867091/38485180-5_digital-image.png?impolicy=s-offers&imwidth=200&output-format=image/webp,,https://shop.rewe.de/productList?search=2832136,,"je 21-WL-Fl , (1 WL = 0.20)",Aktion,"4,29 €","b'Gefahren- / WarnhinweiseAchtungVerursacht schwere Augenreizung. Kann allergische Hautreaktionen verursachen.  Ist \xc3\xa4rztlicher Rat erforderlich, Verpackung oder Kennzeichnungsetikett bereithalten. Darf nicht in die H\xc3\xa4nde von Kindern gelangen. Schutzhandschuhe/Schutzkleidung/Augenschutz/Gesichtsschutz tragen. BEI BER\xc3\x9cHRUNG MIT DER HAUT: Mit viel Wasser waschen. BEI KONTAKT MIT DEN AUGEN: Einige Minuten lang behutsam mit Wasser sp\xc3\xbclen. Eventuell vorhandene Kontaktlinsen nach M\xc3\xb6glichkeit entfernen. Weiter sp\xc3\xbclen. Bei anhaltender Augenreizung: \xc3\x84rztlichen Rat einholen/\xc3\xa4rztliche Hilfe hinzuziehen. Inhalt/Beh\xc3\xa4lter gem\xc3\xa4\xc3\x9f nationalen Vorschriften der Entsorgung zuf\xc3\xbchren.ProduktbeschreibungArtikelnummer 8867091ArtikeldetailsMarke: PerwollUrsprungsland: DeutschlandKontaktKontaktname: Henkel Wasch- und Reinigungsmittel GmbHKontaktadresse: D-40191 D\xc3\xbcsseldorfMaximale Bestellmenge: 15 St\xc3\xbcckF\xc3\xbcr die vorstehenden Angaben wird keine Haftung \xc3\xbcbernommen. Bitte pr\xc3\xbcfen Sie im Einzelfall die Angaben auf der jeweiligen Produktverpackung, nur diese sind verbindlich.Das Produktdesign kann von der Abbildung abweichen.'",Im Weiher 14,Rewe,Haushalt,2023-07-09,"Gültig ab morgen bis Samstag, 15.07.2023"
Perwoll Renew Schwarz Waschmittel,https://img.rewe-static.de/REWE_CENTER_HZ28_2023/7725449/38485168-5_digital-image.png?impolicy=s-offers&imwidth=200&output-format=image/webp,,https://shop.rewe.de/productList?search=2832136,,"je 25-WL-Fl , (1 WL = 0.17)",Aktion,"4,29 €","b'Gefahren- / WarnhinweiseAchtungVerursacht schwere Augenreizung. Kann allergische Hautreaktionen verursachen. Ist \xc3\xa4rztlicher Rat erforderlich, Verpackung oder Kennzeichnungsetikett bereithalten. Darf nicht in die H\xc3\xa4nde von Kindern gelangen. Schutzhandschuhe/Schutzkleidung/Augenschutz/Gesichtsschutz tragen. BEI BER\xc3\x9cHRUNG MIT DER HAUT: Mit viel Wasser waschen. BEI KONTAKT MIT DEN AUGEN: Einige Minuten lang behutsam mit Wasser sp\xc3\xbclen. Eventuell vorhandene Kontaktlinsen nach M\xc3\xb6glichkeit entfernen. Weiter sp\xc3\xbclen. Bei anhaltender Augenreizung: \xc3\x84rztlichen Rat einholen/\xc3\xa4rztliche Hilfe hinzuziehen. Inhalt/Beh\xc3\xa4lter gem\xc3\xa4\xc3\x9f nationalen Vorschriften der Entsorgung zuf\xc3\xbchren.ProduktbeschreibungArtikelnummer 7725449ArtikeldetailsMarke: PerwollUrsprungsland: DeutschlandKontaktKontaktname: Henkel Wasch- und Reinigungsmittel GmbHKontaktadresse: D-40191 D\xc3\xbcsseldorfMaximale Bestellmenge: 15 St\xc3\xbcckF\xc3\xbcr die vorstehenden Angaben wird keine Haftung \xc3\xbcbernommen. Bitte pr\xc3\xbcfen Sie im Einzelfall die Angaben auf der jeweiligen Produktverpackung, nur diese sind verbindlich.Das Produktdesign kann von der Abbildung abweichen.'",Im Weiher 14,Rewe,Haushalt,2023-07-09,"Gültig ab morgen bis Samstag, 15.07.2023"
Love Nature Colorwaschmittel flüssig oder Wash Bars Universal Waschmittel,https://img.rewe-static.de/REWE_CENTER_HZ28_2023/7778383/36786099-8_digital-image.png?impolicy=s-offers&imwidth=200&output-format=image/webp,,https://shop.rewe.de/productList?search=2832136,,"je 20-WL-Pckg./Fl , (1 WL = 0.21)",Aktion,"4,29 €","b'Gefahren- / WarnhinweiseGefahrVerursacht Hautreizungen. Verursacht schwere Augensch\xc3\xa4den. Ist \xc3\xa4rztlicher Rat erforderlich, Verpackung oder Kennzeichnungsetikett bereithalten. Darf nicht in die H\xc3\xa4nde von Kindern gelangen. Schutzhandschuhe/Schutzkleidung/Augenschutz/Gesichtsschutz tragen. BEI BER\xc3\x9cHRUNG MIT DER HAUT: Mit viel Wasser waschen. BEI KONTAKT MIT DEN AUGEN: Einige Minuten lang behutsam mit Wasser sp\xc3\xbclen. Eventuell vorhandene Kontaktlinsen nach M\xc3\xb6glichkeit entfernen. Weiter sp\xc3\xbclen. Sofort GIFTINFORMATIONSZENTRUM oder Arzt anrufen. ProduktbeschreibungArtikelnummer 7778383Inhaltsstoffe: 5-15%: anionische Tenside, nichtionische Tenside, Seife. Weitere Inhaltsstoffe: Duftstoffe, Konservierungsmittel (Benzisothiazolinone, Phenoxyethanol), Enzyme (Amylase, Subtilisin, Lipase, Cellulase, Mannanase). ArtikeldetailsMarke: Love NatureUrsprungsland: DeutschlandKontaktKontaktname: Love Nature GmbHKontaktadresse: Niederheider Stra\xc3\x9fe 22. 40589 D\xc3\xbcsseldorfMaximale Bestellmenge: 15 St\xc3\xbcckF\xc3\xbcr die vorstehenden Angaben wird keine Haftung \xc3\xbcbernommen. Bitte pr\xc3\xbcfen Sie im Einzelfall die Angaben auf der jeweiligen Produktverpackung, nur diese sind verbindlich.Das Produktdesign kann von der Abbildung abweichen.'",Im Weiher 14,Rewe,Haushalt,2023-07-09,"Gültig ab morgen bis Samstag, 15.07.2023"
Pril Geschirrspülmittel,https://img.rewe-static.de/REWE_CENTER_HZ28_2023/8430871/30955216-20_digital-image.png?impolicy=s-offers&imwidth=200&output-format=image/webp,,https://shop.rewe.de/productList?search=2832136,,"Sensitive Aloe Vera , je 450-ml-Fl , (1 l = 3.31)",Aktion,"1,49 €","b'Gefahren- / WarnhinweiseAchtungVerursacht schwere Augenreizung.Ist \xc3\xa4rztlicher Rat erforderlich, Verpackung oder Kennzeichnungsetikett bereithalten. Darf nicht in die H\xc3\xa4nde von Kindern gelangen. BEI KONTAKT MIT DEN AUGEN: Einige Minuten lang behutsam mit Wasser sp\xc3\xbclen. Eventuell vorhandene Kontaktlinsen nach M\xc3\xb6glichkeit entfernen. Weiter sp\xc3\xbclen. Bei anhaltender Augenreizung: \xc3\x84rztlichen Rat einholen/\xc3\xa4rztliche Hilfe hinzuziehenProduktbeschreibungArtikelnummer 8430871Inhaltsstoffe: 5-15%: anionische Tenside, <5%: amphotere Tenside. Weitere Inhaltsstoffe: Konservierungsmittel (Benzisothiazolinone, Phenoxyethanol), Duftstoffe. ArtikeldetailsMarke: PrilUrsprungsland: DeutschlandKontaktKontaktname: Henkel Wasch- und Reinigungsmittel GmbHKontaktadresse: D-40191 D\xc3\xbcsseldorfMaximale Bestellmenge: 15 St\xc3\xbcckF\xc3\xbcr die vorstehenden Angaben wird keine Haftung \xc3\xbcbernommen. Bitte pr\xc3\xbcfen Sie im Einzelfall die Angaben auf der jeweiligen Produktverpackung, nur diese sind verbindlich.Das Produktdesign kann von der Abbildung abweichen.'",Im Weiher 14,Rewe,Haushalt,2023-07-09,"Gültig ab morgen bis Samstag, 15.07.2023"
WC Frisch Kraft-Aktiv,https://img.rewe-static.de/REWE_CENTER_HZ28_2023/8033644/30582431-9_digital-image.png?impolicy=s-offers&imwidth=200&output-format=image/webp,,https://shop.rewe.de/productList?search=2832136,,"versch. Sorten , je 50-g-Pckg , (1 kg = 33.80)",Aktion,"1,69 €","b'Gefahren- / WarnhinweiseAchtungVerursacht schwere Augenreizung. Verursacht Hautreizungen. Enth\xc3\xa4lt Cineol. Kann allergische Reaktionen hervorrufen. Ist \xc3\xa4rztlicher Rat erforderlich, Verpackung oder Kennzeichnungsetikett bereithalten. Darf nicht in die H\xc3\xa4nde von Kindern gelangen. Schutzhandschuhe/Schutzkleidung/Augenschutz/Gesichtsschutz tragen. BEI BER\xc3\x9cHRUNG MIT DER MAUT: Mit viel Wasser waschen. BEI KONTAKT MIT DEN AUGEN: Einige Minuten lang behutsam mit Wasser sp\xc3\xbclen. Eventuell vorhandene Kontaktlinsen nach M\xc3\xb6glichkeit entfernen. Weiter sp\xc3\xbclen. Bei anhaltender Augenreizung: \xc3\x84rztlichen Rat einholen/\xc3\xa4rztliche Hilfe hinzuziehen. Inhalt/Beh\xc3\xa4lter gem\xc3\xa4\xc3\x9f nationalen Vorschriften der Entsorgung zuf\xc3\xbchren.ProduktbeschreibungArtikelnummer 8033644ArtikeldetailsMarke: WC FrischUrsprungsland: DeutschlandKontaktKontaktname: Henkel Wasch- und Reinigungsmittel GmbHKontaktadresse: D-40191 D\xc3\xbcsseldorfMaximale Bestellmenge: 15 St\xc3\xbcckF\xc3\xbcr die vorstehenden Angaben wird keine Haftung \xc3\xbcbernommen. Bitte pr\xc3\xbcfen Sie im Einzelfall die Angaben auf der jeweiligen Produktverpackung, nur diese sind verbindlich.Das Produktdesign kann von der Abbildung abweichen.'",Im Weiher 14,Rewe,Haushalt,2023-07-09,"Gültig ab morgen bis Samstag, 15.07.2023"
Sil Fleckenspray,https://img.rewe-static.de/REWE_CENTER_HZ28_2023/8522595/32524924-7_digital-image.png?impolicy=s-offers&imwidth=200&output-format=image/webp,,https://shop.rewe.de/productList?search=2832136,,"je 500-ml-Fl , (1 l = 5.18)",Aktion,"2,59 €","b'Gefahren- / WarnhinweiseGefahrVerursacht schwere Augensch\xc3\xa4den.Ist \xc3\xa4rztlicher Rat erforderlich, Verpackung oder Kennzeichnungsetikett bereithalten. Darf nicht in die H\xc3\xa4nde von Kindern gelangen. Schutzhandschuhe/Schutzkleidung/Augenschutz/Gesichtsschutz tragen. Nur im Freien oder in gut bel\xc3\xbcfteten R\xc3\xa4umen verwenden. Einatmen von Staub/Rauch/Gas/Nebel/Dampf/Aerosol vermeiden. BEI KONTAKT MIT DEN AUGEN: Einige Minuten lang behutsam mit Wasser sp\xc3\xbclen. Eventuell vorhandene Kontaktlinsen nach M\xc3\xb6glichkeit entfernen. Weiter sp\xc3\xbclen. Sofort GIFTINFORMATIONSZENTRUM/Arzt anrufen. ProduktbeschreibungArtikelnummer 8522595Inhaltsstoffe: 5-15%: anionische Tenside, <5%: nichtionische Tenside.\nWeitere Inhaltsstoffe: Duftstoffe. ArtikeldetailsMarke: SilUrsprungsland: DeutschlandKontaktKontaktname: Henkel Wasch- und Reinigungsmittel GmbHKontaktadresse: D-40191 D\xc3\xbcsseldorfMaximale Bestellmenge: 15 St\xc3\xbcckF\xc3\xbcr die vorstehenden Angaben wird keine Haftung \xc3\xbcbernommen. Bitte pr\xc3\xbcfen Sie im Einzelfall die Angaben auf der jeweiligen Produktverpackung, nur diese sind verbindlich.Das Produktdesign kann von der Abbildung abweichen.'",Im Weiher 14,Rewe,Haushalt,2023-07-09,"Gültig ab morgen bis Samstag, 15.07.2023"
Pril Geschirrspülmittel,https://img.rewe-static.de/REWE_CENTER_HZ28_2023/7984180/32682384-2_digital-image.png?impolicy=s-offers&imwidth=200&output-format=image/webp,,https://shop.rewe.de/productList?search=2832136,,"Original , je 675-ml-Fl , (1 l = 2.21)",Aktion,"1,49 €","b'Gefahren- / WarnhinweiseAchtungKann allergische Hautreaktionen verursachen. Verursacht schwere Augenreizung. Sch\xc3\xa4dlich f\xc3\xbcr Wasserorganismen, mit langfristiger Wirkung.Ist \xc3\xa4rztlicher Rat erforderlich, Verpackung oder Kennzeichnungsetikett bereithalten. Darf nicht in die H\xc3\xa4nde von Kindern gelangen. BEI KONTAKT MIT DEN AUGEN: Einige Minuten lang behutsam mit Wasser sp\xc3\xbclen. Eventuell vorhandene Kontaktlinsen nach M\xc3\xb6glichkeit entfernen. Weiter sp\xc3\xbclen. Bei anhaltender Augenreizung: \xc3\x84rztlichen Rat einholen/\xc3\xa4rztliche Hilfe hinzuziehen. Inhalt/Beh\xc3\xa4lter gem\xc3\xa4\xc3\x9f nationalen Vorschriften der Entsorgung zuf\xc3\xbchren.ProduktbeschreibungArtikelnummer 7984180Inhaltsstoffe: 5-15%: anionische Tenside, <5%: nichtionische Tenside. Weitere Inhaltsstoffe: Konservierungsmittel (Methylisothiazolinone, Benzisothiazolinone), Duftstoffe (Limonene), Enzyme. ArtikeldetailsMarke: PrilUrsprungsland: DeutschlandKontaktKontaktname: Henkel Wasch- und Reinigungsmittel GmbHKontaktadresse: D-40191 D\xc3\xbcsseldorfMaximale Bestellmenge: 15 St\xc3\xbcckF\xc3\xbcr die vorstehenden Angaben wird keine Haftung \xc3\xbcbernommen. Bitte pr\xc3\xbcfen Sie im Einzelfall die Angaben auf der jeweiligen Produktverpackung, nur diese sind verbindlich.Das Produktdesign kann von der Abbildung abweichen.'",Im Weiher 14,Rewe,Haushalt,2023-07-09,"Gültig ab morgen bis Samstag, 15.07.2023"
"Reinigungszubehör
            3",https://img.rewe-static.de/REWE_CENTER_HZ28_2023/7716789/40276765-5_digital-image.png?impolicy=s-offers&imwidth=200&output-format=image/webp,,https://shop.rewe.de/productList?search=2832136,,"aus Bambus Bürste 1.99 Kehrgarnitur 3.99 , St./Set",Tiefpreis,"1,99 €",nan,Im Weiher 14,Rewe,Haushalt,2023-07-09,"Gültig ab morgen bis Samstag, 15.07.2023"
Scholl Fussdeo Extra Frisch,https://img.rewe-static.de/REWE_CENTER_HZ28_2023/0491175/22914387-17_digital-image.png?impolicy=s-offers&imwidth=200&output-format=image/webp,,https://shop.rewe.de/productList?search=2832136,,"je 150-ml-Dose , (1 l = 11.93)",Aktion,"1,79 €","b'Gefahren- / WarnhinweiseGefahrProduktbeschreibungArtikelnummer 491175Dank Scholl Fresh Step Extra Frisch k\xc3\xb6nnen Sie ohne Bedenken Ihre Schuhe ausziehen. Die spezielle Rezeptur mit dem zarten Duft schenkt Ihren F\xc3\xbc\xc3\x9fen Frische f\xc3\xbcr den ganzen Tag. Das extrafrische Fu\xc3\x9fdeo besitzt eine spezielle Dual-Active-Rezeptur. Es neutralisiert Ger\xc3\xbcche sofort und sch\xc3\xbctzt die F\xc3\xbc\xc3\x9fe 24h vor Ger\xc3\xbcchen. ArtikeldetailsMarke: SchollUrsprungsland: PolenKontaktKontaktname: Scholl\xc2\xb4s Wellness Company GmbHKontaktadresse: Schwalbacher Str. 76, D-65183 WiesbadenMaximale Bestellmenge: 15 St\xc3\xbcckF\xc3\xbcr die vorstehenden Angaben wird keine Haftung \xc3\xbcbernommen. Bitte pr\xc3\xbcfen Sie im Einzelfall die Angaben auf der jeweiligen Produktverpackung, nur diese sind verbindlich.Das Produktdesign kann von der Abbildung abweichen.'",Im Weiher 14,Rewe,Drogerie,2023-07-09,"Gültig ab morgen bis Samstag, 15.07.2023"
Scholl Schuhdeo Geruchsstopp,https://img.rewe-static.de/REWE_CENTER_HZ28_2023/0432330/23198757-18_digital-image.png?impolicy=s-offers&imwidth=200&output-format=image/webp,,https://shop.rewe.de/productList?search=2832136,,"je 150-ml-Dose , (1 l = 11.93)",Aktion,"1,79 €","b'Gefahren- / WarnhinweiseGefahrExtrem entz\xc3\xbcndbares Aerosol. Beh\xc3\xa4lter steht unter Druck: Kann bei Erw\xc3\xa4rmung bersten. Verursacht schwere Augenreizung. Vor Gebrauch Kennzeichnungsetikett lesen. Darf nicht in die H\xc3\xa4nde von Kindern gelangen. Ist \xc3\xa4rztlicher Rat erforderlich, Verpackung oder Kennzeichnungsetikett bereithalten. Von Hitze, hei\xc3\x9fen Oberfl\xc3\xa4chen, Funken, offenen Flammen und anderen Z\xc3\xbcndquellen fernhalten. Nicht rauchen. Nicht gegen offene Flamme oder andere Z\xc3\xbcndquelle spr\xc3\xbchen.Vor Sonnenbestrahlung und Temperaturen \xc3\xbcber 50 \xc2\xbaC sch\xc3\xbctzen. Nicht durchstechen oder verbrennen, auch nicht nach Gebrauch. BEI KONTAKT MIT DEN AUGEN: Einige Minuten lang behutsam mit Wasser sp\xc3\xbclen. Eventuell vorhandene Kontaktlinsen nach M\xc3\xb6glichkeit entfernen. Weiter sp\xc3\xbclen.ProduktbeschreibungArtikelnummer 432330Das Scholl Fresh Step Geruchsstopp Schuhspray trocknet r\xc3\xbcckstandsfrei, sodass Sie jederzeit und \xc3\xbcberall ohne Bedenken Ihre Schuhe ausziehen k\xc3\xb6nnen. Das Schuhspray besitzt eine spezielle Dual-Active Technolgoie. Das Scholl Fresh Step Geruchsstopp Schuhspray beseitigt Ger\xc3\xbcche sofort und bietet 24h Geruchsschutz und Frische f\xc3\xbcr Ihre Schuhe. Es ist f\xc3\xbcr alle Schuhtypen geeignet. Das Schuhdeo beseitigt Ger\xc3\xbcche und Sie k\xc3\xb6nnen Ihre Schuhe jederzeit und ohne Bedenken ausziehen. F\xc3\xbcr alle Schuhtypen geeignet. Dieses Produkt ist f\xc3\xbcr Diabetiker geeignet. GebrauchsgegenstandInhaltsstoffeAlcohol denat., Butane, Isobutane, Propane, Parfum, Limonene, Hexyl Cinnamal.HinweiseInformation: Beh\xc3\xa4lter steht unter Druck: Kann bei Erw\xc3\xa4rmung bersten.Extrem entz\xc3\xbcndbares Aerosol.Extrem entz\xc3\xbcndbares Gas.Fl\xc3\xbcssigkeit und Dampf leicht entz\xc3\xbcndbar.Biozid-Registriernummer: N-48113ArtikeldetailsMarke: SchollUrsprungsland: PolenKontaktKontaktname: Scholl\xc2\xb4s Wellness Company GmbHKontaktadresse: Schwalbacher Str. 76, D-65183 WiesbadenMaximale Bestellmenge: 15 St\xc3\xbcckF\xc3\xbcr die vorstehenden Angaben wird keine Haftung \xc3\xbcbernommen. Bitte pr\xc3\xbcfen Sie im Einzelfall die Angaben auf der jeweiligen Produktverpackung, nur diese sind verbindlich.Das Produktdesign kann von der Abbildung abweichen.'",Im Weiher 14,Rewe,Drogerie,2023-07-09,"Gültig ab morgen bis Samstag, 15.07.2023"
Blistex Lippenbalsam,https://img.rewe-static.de/REWE_CENTER_HZ28_2023/4502272/1557250-27_digital-image.png?impolicy=s-offers&imwidth=200&output-format=image/webp,,https://shop.rewe.de/productList?search=2832136,,je Pckg,Aktion,"1,59 €","b'ProduktbeschreibungArtikelnummer 4502272Blistex Lippenbalsam aus der Tube 6ml. Blistex Lippenbalsam \nBlistex Lippenbalsam sorgt schon ab der ersten Anwendung f\xc3\xbcr eine sp\xc3\xbcrbare Erleichterung.InhaltsstoffeAqua, Cera Alba, Simmondsia Chinensis Seed Oil, Mono- and Di-glycerides, Polyglyceryl-3 Diisostearate, Vitis Vinifera Seed Oil, Ethylhexyl Salicylate, Sorbitan Isostearate, Alcohol Denat., Butyrospermum Parkii Butter, Glycerin, Hydrogenated Soy Polyglycerides, Lanolin, Stearyl Behenate, Olea Europaea Fruit Oil, Mentha Piperita Oil, Aroma, Allantoin, Camphor, Dimethicone, Ammonium Hydroxide, Arachidyl Alcohol, Arachidyl Glucoside, Behenyl Alcohol, C15-23 Alkane, Calcium Disodium EDTA, Hydrated Silica, Lanolin Alcohol, Limonene, Linalool, Phosphoric Acid, Sodium Hydroxide, Sodium Saccharin, Thymol.HinweiseInformation: Nicht geeignet f\xc3\xbcr Kinder unter 7 Jahren.ArtikeldetailsMarke: BlistexUrsprungsland: Vereinigte StaatenLaufzeit nach \xc3\x96ffnen: 12 MonateKontaktKontaktname: delta pronaturaKontaktadresse: Kurt-Schumacher-Ring 15-17, 63329 EgelsbachF\xc3\xbcr die vorstehenden Angaben wird keine Haftung \xc3\xbcbernommen. Bitte pr\xc3\xbcfen Sie im Einzelfall die Angaben auf der jeweiligen Produktverpackung, nur diese sind verbindlich.Das Produktdesign kann von der Abbildung abweichen.'",Im Weiher 14,Rewe,Drogerie,2023-07-09,"Gültig ab morgen bis Samstag, 15.07.2023"
8x4 Deospray,https://img.rewe-static.de/REWE_CENTER_HZ28_2023/8330708/31500814-17_digital-image.png?impolicy=s-offers&imwidth=200&output-format=image/webp,,https://shop.rewe.de/productList?search=2832136,,"versch. Sorten , je 150-ml-Dose , (1 l = 15.93)",Aktion,"2,39 €","b'Gefahren- / WarnhinweiseGefahrExtrem entz\xc3\xbcndbares Aerosol. Beh\xc3\xa4lter steht unter Druck: Kann bei Erw\xc3\xa4rmung bersten.Darf nicht in die H\xc3\xa4nde von Kindern gelangen. Von Hitze, hei\xc3\x9fen Oberfl\xc3\xa4chen, Funken, offenen Flammen und anderen Z\xc3\xbcndquellen fernhalten. Nicht rauchen. Nicht gegen offene Flamme oder andere Z\xc3\xbcndquelle spr\xc3\xbchen. Nicht durchstechen oder verbrennen, auch nicht nach Gebrauch. Vor Sonnenbestrahlung sch\xc3\xbctzen. Nicht Temperaturen \xc3\xbcber 50 \xc2\xb0C/122 \xc2\xb0F aussetzen.ProduktbeschreibungArtikelnummer 8330708F\xc3\xbchl dich klar, frisch und aufger\xc3\xa4umt \xe2\x80\x93 egal wohin deine Reise geht! N\xc2\xb07 ist der perfekte Fit f\xc3\xbcr Trendsetter, Firstmover und Fr\xc3\xbchaufsteher. Frische Zitrusnoten geben dir n\xc3\xa4mlich schon\nmorgens im Bad den ersten Kick. Und der h\xc3\xa4lt an: dank eingebautem 48h-Schutz. On top gibt\xe2\x80\x99s\ndas minimalistische Design. Gern geschehen \xe2\x80\x93 we know you love it.\n\n\xe2\x80\xa2 Frisch-fruchtiger Duft\n\xe2\x80\xa2 48h zuverl\xc3\xa4ssiger Deoschutz\n\xe2\x80\xa2 F\xc3\xbcr jeden Hauttyp\n\xe2\x80\xa2 Ohne Aluminium (ACH)\n\xe2\x80\xa2 Keine R\xc3\xbcckst\xc3\xa4nde\n\xe2\x80\xa2 Hautvertr\xc3\xa4glichkeit dermatologisch best\xc3\xa4tigtInhaltsstoffeButane, Alcohol Denat., Isobutane, Propane, Octenidine HCl, Ethylhexylglycerin, Octyldodecanol, Propylene Glycol, Aqua, Benzyl Alcohol, Limonene, Benzyl Salicylate, Citronellol, Linalool, Geraniol, Citral, Parfum.HinweiseInformation: Gefahr/ Extrem entz\xc3\xbcndbares Aerosol. Beh\xc3\xa4lter steht unter Druck: Kann bei Erw\xc3\xa4rmung bersten. Vor Hitze, hei\xc3\x9fen Ober\xc3\xa4chen, Funken, offenen Flammen und anderen Z\xc3\xbcndquellen fernhalten. Nicht rauchen. Nicht gegen offene Flamme oder andere Z\xc3\xbcndquellen spr\xc3\xbchen. Nicht durchstechen oder verbrennen, auch nicht nach Gebrauch. Vor Sonneneinstrahlung sch\xc3\xbctzen. Nicht Temperaturen \xc3\xbcber 50\xc2\xb0C aussetzen. Nur entleerte Dosen in die Wertstoffsammlung geben. Benutzung nur entsprechend Verwendungszweck. Nicht in die Augen spr\xc3\xbchen.L\xc3\xa4ngeres Spr\xc3\xbchen und direktes Einatmen vermeiden. Darf nicht in die H\xc3\xa4nde von Kindern gelangen.ArtikeldetailsMarke: 8x4Ursprungsland: DeutschlandLaufzeit nach \xc3\x96ffnen: 12 MonateKontaktKontaktname: Beiersdorf AGKontaktadresse: Unnastrasse 4820245 HamburgF\xc3\xbcr die vorstehenden Angaben wird keine Haftung \xc3\xbcbernommen. Bitte pr\xc3\xbcfen Sie im Einzelfall die Angaben auf der jeweiligen Produktverpackung, nur diese sind verbindlich.Das Produktdesign kann von der Abbildung abweichen.'",Im Weiher 14,Rewe,Drogerie,2023-07-09,"Gültig ab morgen bis Samstag, 15.07.2023"
Spa Secrets Purity Bodycream,https://img.rewe-static.de/REWE_CENTER_HZ28_2023/7702908/38529507-8_digital-image.png?impolicy=s-offers&imwidth=200&output-format=image/webp,,https://shop.rewe.de/productList?search=2832136,,"je 250-ml-Tiegel , (1 l = 9.96)",Aktion,"2,49 €",nan,Im Weiher 14,Rewe,Drogerie,2023-07-09,"Gültig ab morgen bis Samstag, 15.07.2023"
Veet Haarentfernungs-Creme,https://img.rewe-static.de/REWE_CENTER_HZ28_2023/1092760/36152824-6_digital-image.png?impolicy=s-offers&imwidth=200&output-format=image/webp,,https://shop.rewe.de/productList?search=2832136,,"Sensible Haut , je 100-ml-Tuben-Pckg , (1 l = 39.90)",Aktion,"3,99 €","b'Gefahren- / WarnhinweiseWICHTIGE HINWEISE: Verpackung mit den vollst\xc3\xa4ndigen wichtigen Hinweisen aufbewahren. Vor Anwendung alle wichtigen Hinweise lesen und befolgen. Gebrauchsanweisung beachten. Insgesamt nicht l\xc3\xa4nger als 10 Minuten einwirken lassen. F\xc3\xbcr die Anwendung an Beinen, Armen, Achselh\xc3\xb6hlen und Bikinizone entwickelt. \r\nNICHT GEEIGNET f\xc3\xbcr Kopf, Gesicht, Augen, Nase, Ohren, Anal- oder Genitalbereich sowie Brustwarzen oder andere K\xc3\xb6rperpartien. NICHT VERWENDEN auf Krampfadern, Narben, Muttermalen, bei pickliger, gesch\xc3\xa4digter, gereizter Haut, Sonnenbrand oder bei vorangegangenen Hautreaktionen auf Enthaarungs-Creme. Warten Sie immer 72 Stunden bis zur n\xc3\xa4chsten Enthaarung. Bei Einnahme von Medikamenten, die die Haut beeinflussen k\xc3\xb6nnen, bei Hautkrankheiten oder sonstigen Beschwerden, die Auswirkungen auf die Haut haben, vor der Anwendung einen Arzt konsultieren. F\xc3\x9cHREN SIE vor jeder Anwendung EINEN HAUTTEST DURCH, indem Sie das Produkt auf einer kleinen Stelle der zu enthaarenden K\xc3\xb6rperregion nach Gebrauchsanweisung anwenden. Wenn nach 24 STUNDEN keine Hautreaktionen auftreten, k\xc3\xb6nnen Sie mit der Enthaarung fortfahren. Bei Brennen/Prickeln w\xc3\xa4hrend der Anwendung, das Produkt sofort entfernen und die Haut gr\xc3\xbcndlich mit kaltem Wasser absp\xc3\xbclen. Wenn das Brennen anh\xc3\xa4lt, \xc3\xa4rztlichen Rat einholen. Nach der Enthaarung kann die Haut f\xc3\xbcr kurze Zeit empfindlicher sein, vermeiden Sie daher, sich zu kratzen. Nach der Haarentfernung empfehlen wir 24 Stunden zu warten, bevor Sie Deos oder parf\xc3\xbcmierte Produkte auftragen, schwimmen gehen, ein Sonnenbad nehmen oder Br\xc3\xa4unungsger\xc3\xa4te bzw. -creme verwenden.\r\n\r\nNICHT IN DER REICHWEITE VON KINDERN AUFBEWAHREN. Bei Verschlucken sofort einen Arzt aufsuchen und Packung vorzeigen. Kontakt mit den Augen vermeiden. Im Falle von Ber\xc3\xbchrung mit den Augen sofort mit viel Wasser sp\xc3\xbclen und einen Arzt aufsuchen. Enth\xc3\xa4lt Alkali. Enth\xc3\xa4lt Salze der Thioglycols\xc3\xa4ure. Das Produkt kann Oberfl\xc3\xa4chen rutschig machen. Kontakt mit Teppichen, Kleidung und Fu\xc3\x9fb\xc3\xb6den vermeiden.ProduktbeschreibungArtikelnummer 1092760Die neue Veet Haarentfernungs-Creme mit Silk & Fresh Technology mit neuem sensationellen Duft macht die Haarentfernung zum angenehmen Erlebnis. Es bleibt kein unangenehmer Geruch auf der Haut zur\xc3\xbcck. \nDie Haarentfernungs-Creme entfernt unerw\xc3\xbcnschte Haare effektiv, spendet Feuchtigkeit und bietet Ihnen seidig glatte Haut. Tragen Sie die Veet Haarentfernungs- Creme einfach auf die Haut auf, warten Sie 5 Minuten, und entfernen Sie Creme und Haare mit dem Spatel. Das Ergebnis: Seidenglatte Beine - bis zu zweimal l\xc3\xa4nger als bei einer Rasur.... mehr anzeigenInhaltsstoffeAqua, Urea, Paraffinum Liquidum, Cetearyl Alcohol, Potassium Thioglycolate, Calcium Hydroxide, Talc, Ceteareth-20, Glycerin, Sorbitol, Parfum, Magnesium Trisilicate, Propylene Glycol, Lithium Magnesium Sodium Silicate, Sodium Gluconate, Tocopheryl Acetate, Aloe Barbadensis Leaf Juice, Hexyl Cinnamal, Linalool, Acrylates Copolymer, Butylphenyl Methylpropional, Potassium Sorbate, Sodium Benzoate, CI 77891HinweiseAufbewahrungs- und Verwendungshinweis: Nicht in Reichweite von Kindern aufbewahren.Information: WICHTIGE HINWEISE.Verpackung mit den vollst\xc3\xa4ndigen Hinweisen aufbewahren. Vor Anwendung alle wichtigen Hinweise lesen und befolgen. Gebrauchsanweisung beachten.Insgesamt nicht l\xc3\xa4nger als 6 Minuten einwirken lassen.F\xc3\xbcr die Anwendung an Beinen, Armen, Achselh\xc3\xb6hlen und Bikinizone entwickelt. NICHT GEEIGNET f\xc3\xbcr Kopf, Gesicht, Augen, Nase, Ohren, Anal - oder Genitalbereich sowie Brustwarzen oder andere K\xc3\xb6rperpartien.NICHT VERWENDEN auf Krampfadern, Narben, Muttermalen, bei pickliger, gesch\xc3\xa4digter, gereizter Haut, Sonnenbrand oder bei vorangegangenen Hautreaktionen auf Haarentfernungs-Creme.Warten Sie immer 72 Stunden bis zur n\xc3\xa4chsten Enthaarung. Bei Einnahme von Medikamenten, die die Haut beeinflussen k\xc3\xb6nnen, bei Hautkrankheiten oder sonstigen Beschwerden, dieAuswirkungen auf die Haut haben, vor der Anwendung einen Arzt konsultieren. F\xc3\x9cHREN SIE vor jeder Anwendung EINEN HAUTTEST DURCH, indem Sie das Produkt auf einer kleinen Stelle der zu enthaarenden K\xc3\xb6rperregion nach Gebrauchsanweisung anwenden. Wenn nach 24 STUNDEN keine Hautreaktionen auftreten, k\xc3\xb6nnen Sie mit der Enthaarung fortfahren. Bei Brennen/Prickeln w\xc3\xa4hrend der Anwendung, das Produkt sofort entfernen und die Haut gr\xc3\xbcndlich mit kaltem Wasser absp\xc3\xbclen. Wenn das Brennen anh\xc3\xa4lt, \xc3\xa4rztlichen Rat einholen. Nach der Enthaarung kann die Haut f\xc3\xbcr kurze Zeit empfindlicher sein, vermeiden Sie daher, sich zu kratzen. Nach der Haarentfernung empfehlen wir 24 Stunden zu warten, bevor Sie Deosoder parf\xc3\xbcmierte Produkte auftragen, schwimmen gehen, ein Sonnenbad nehmen oder Br\xc3\xa4unungsger\xc3\xa4te bzw. -creme verwenden.NICHT IN DER REICHWEITE VON KINDERN AUFBEWAHREN. Bei Verschlucken sofort einen Arzt aufsuchen und Packung vorzeigen. Kontakt mit den Augen vermeiden. Im Falle von Ber\xc3\xbchrung mit den Augen sofort mit viel Wasser sp\xc3\xbclen und einen Arzt aufsuchen. Enth\xc3\xa4lt Alkali. Enth\xc3\xa4lt Salze der Thioglycols\xc3\xa4ure. Das Produkt kann Oberfl\xc3\xa4chen rutschig machen. Kontakt mit Teppichen, Kleidung und Fu\xc3\x9fb\xc3\xb6den vermeiden.ArtikeldetailsMarke: VeetUrsprungsland: FrankreichSorte: Sensible HautKontaktKontaktname: Reckitt Benckiser Deutschland GmbHKontaktadresse: Darwinstr. 2-4  69115 HeidelbergF\xc3\xbcr die vorstehenden Angaben wird keine Haftung \xc3\xbcbernommen. Bitte pr\xc3\xbcfen Sie im Einzelfall die Angaben auf der jeweiligen Produktverpackung, nur diese sind verbindlich.Das Produktdesign kann von der Abbildung abweichen.'",Im Weiher 14,Rewe,Drogerie,2023-07-09,"Gültig ab morgen bis Samstag, 15.07.2023"
Schaeben’s Feuchtigkeits-Maske,https://img.rewe-static.de/REWE_CENTER_HZ28_2023/4605985/22380964-20_digital-image.png?impolicy=s-offers&imwidth=200&output-format=image/webp,,https://shop.rewe.de/productList?search=2832136,,"je 2 x 5-ml-Pckg , (1 l = 55.00)",Aktion,"0,55 €","b'ProduktbeschreibungArtikelnummer 4605985Schaebens Feuchtigkeitsmaske mit Aloe Vera, Avocado, Gurke, Urea und Thermalwasser\n- erh\xc3\xb6ht die Hautfeuchtigkeit mit Sofort-Effekt\n- sch\xc3\xbctzt vor Feuchtigkeitsverlust\n- reduziert und gl\xc3\xa4ttet Trockenheitsf\xc3\xa4ltchen\n- reguliert die Feuchtigkeitsbalance der Haut. Schaebens Feuchtigkeits Maske\r\n\r\n\r\nHYPOALLERGEN**\r\n\r\n- weniger als 1 Hautunvertr\xc3\xa4glichkeit pro Million Packungen\r\n-  erh\xc3\xb6ht die Hautfeuchtigkeit mit Sofort-Effekt\r\n- verbessert die Hydration f\xc3\xbcr 48h um bis zu 22%*InhaltsstoffeAqua, Cetearyl Alcohol, Glycine Soja Oil, Hydroxyethyl Urea, C12-15 Alkyl Benzoate, Sorbitol, Caprylic/Capric Triglyceride, Hamamelis Virginiana Water, Hydrogenated Polydecene, Persea Gratissima Oil, Aloe Barbadensis Leaf Juice Powder, Ascorbyl Palmitate, BHT, Bisabolol, Cucumis Sativus Fruit Extract, Lecithin, Panthenol, Tocopherol, Tocopheryl Acetate, Alcohol, Ammonium Lactate, Benzoic Acid, Citric Acid, Disodium Phosphate, Ethylhexylglycerin, Glyceryl Oleate, Glyceryl Stearate, Parfum, Phenoxyethanol, Potassium Phosphate, Propylene Glycol, Sodium Cetearyl Sulfate, Sodium Chloride, Sodium Hydroxide, Sodium Lactate, Sodium Sulfate, Tetrasodium Glutamate Diacetate, CI 42090 ,CI 47005.ArtikeldetailsMarke: SchaebensUrsprungsland: DeutschlandKontaktKontaktname: SchaebensKontaktadresse: 50226 Frechen, GermanyF\xc3\xbcr die vorstehenden Angaben wird keine Haftung \xc3\xbcbernommen. Bitte pr\xc3\xbcfen Sie im Einzelfall die Angaben auf der jeweiligen Produktverpackung, nur diese sind verbindlich.Das Produktdesign kann von der Abbildung abweichen.'",Im Weiher 14,Rewe,Drogerie,2023-07-09,"Gültig ab morgen bis Samstag, 15.07.2023"
Hipp Kinder- Grieß oder -Keks,https://img.rewe-static.de/REWE_CENTER_HZ28_2023/8656801/38273032-3_digital-image.png?impolicy=s-offers&imwidth=200&output-format=image/webp,,https://shop.rewe.de/productList?search=2832136,,"je 450-g-Pckg , (1 kg = 8.87)",Aktion,"3,99 €",nan,Im Weiher 14,Rewe,Drogerie,2023-07-09,"Gültig ab morgen bis Samstag, 15.07.2023"
Head & Shoulders Spülung,https://img.rewe-static.de/REWE_CENTER_HZ28_2023/8709395/35150455-5_digital-image.png?impolicy=s-offers&imwidth=200&output-format=image/webp,,https://shop.rewe.de/productList?search=2832136,,"Dermax Pro , je 200-ml-Tube , (1 l = 21.45)",Aktion,"4,29 €","b'ProduktbeschreibungArtikelnummer 8709395Wussten Sie, dass trockene, juckende (verbunden mit Schuppen) Kopfhaut mehr als nur Feuchtigkeit ben\xc3\xb6tigt? Head & Shoulders DERMAXPRO Beruhigend Haar- & Kopfhautpflegesp\xc3\xbclung wirkt am Besten gemeinsam mit dem Anti-Schuppen Shampoo und spenden Haar und Kopfhaut ultimative Feuchtigkeit. Unsere feuchtigkeitsspendende Formel ist mit den hautpflegenden Substanzen Kaktus-Extrakt, aktiver Aloe und Vitamin E angereichert und basiert auf dem klinisch getesteten Wirkstoff Pirocton Olamin. Das Ergebnis? Eine mit Feuchtigkeit versorgte, schuppenfreie* Kopfhaut.\n\n*sichtbare Schuppen, bei regelm\xc3\xa4\xc3\x9figem AnwendungInhaltsstoffeIngredients: Aqua, Stearyl Alcohol, Behentrimonium Chloride, Cetyl Alcohol, Isopropyl Alcohol, Bis-Aminopropyl Dimethicone, Phenoxyethanol, Benzyl Alcohol, Parfum, Sodium Benzoate, Piroctone Olamine, Citric Acid, Tocopheryl Acetate, Menthol, Hexyl Cinnamal, Polysorbate 20, Aloe Barbadensis Leaf Juice, Linalool, Hydroxycitronellal, Geraniol, Propylene Glycol, Cereus Grandiflorus Flower Extract, Bambusa Vulgaris Leaf/Stem ExtractHinweiseInformation: Augenkontakt vermeiden. Bei Kontakt mit Wasser aussp\xc3\xbclen.ArtikeldetailsMarke: Head & ShouldersUrsprungsland: FrankreichLaufzeit nach \xc3\x96ffnen: 12 MonateKontaktKontaktname: Procter & GambleKontaktadresse: 65823 Schwalbach/Ts., GermanyF\xc3\xbcr die vorstehenden Angaben wird keine Haftung \xc3\xbcbernommen. Bitte pr\xc3\xbcfen Sie im Einzelfall die Angaben auf der jeweiligen Produktverpackung, nur diese sind verbindlich.Das Produktdesign kann von der Abbildung abweichen.'",Im Weiher 14,Rewe,Drogerie,2023-07-09,"Gültig ab morgen bis Samstag, 15.07.2023"
Odol Med 3 Zahncreme Brillant White,https://img.rewe-static.de/REWE_CENTER_HZ28_2023/7698078/39710386-3_digital-image.png?impolicy=s-offers&imwidth=200&output-format=image/webp,,https://shop.rewe.de/productList?search=2832136,,"je 75-ml-Tuben-Pckg , (1 l = 33.20)",Aktion,"2,49 €",nan,Im Weiher 14,Rewe,Drogerie,2023-07-09,"Gültig ab morgen bis Samstag, 15.07.2023"
Head & Shoulders Shampoo,https://img.rewe-static.de/REWE_CENTER_HZ28_2023/8766880/35150369-5_digital-image.png?impolicy=s-offers&imwidth=200&output-format=image/webp,,https://shop.rewe.de/productList?search=2832136,,"Dermax Pro , je 225-ml-Fl , (1 l = 19.07)",Aktion,"4,29 €","b'ProduktbeschreibungArtikelnummer 8766880Wussten Sie, dass trockene, juckende Kopfhaut mehr als nur Feuchtigkeit ben\xc3\xb6tigt? Head & Shoulders DERMAXPRO Beruhigend Anti-Schuppen Shampoo & Kopfhautpflege hilft, die nat\xc3\xbcrliche Hautbarriere zu st\xc3\xa4rken, und stellt die nat\xc3\xbcrliche Balance Ihrer Kopfhaut wieder her. Unsere feuchtigkeitsspendende Formel ist mit den hautpflegenden Substanzen Kaktus-Extrakt, aktiver Aloe und Vitamin E angereichert und basiert auf dem klinisch getesteten Wirkstoff Pirocton Olamin. Das Ergebnis? Eine mit Feuchtigkeit versorgte, schuppenfreie* Kopfhaut. *sichtbare Schuppen, bei regelm\xc3\xa4\xc3\x9figer AnwendungInhaltsstoffeIngredients: Aqua, Sodium Laureth Sulfate, Sodium Lauryl Sulfate, Sodium Chloride, Sodium Xylenesulfonate, Cocamidopropyl Betaine, Glycol Distearate, Sodium Citrate, Dimethiconol, Dimethicone, Piroctone Olamine, Parfum, Citric Acid, Sodium Benzoate, Sodium Salicylate, TEA-Dodecylbenzenesulfonate, Guar Hydroxypropyltrimonium Chloride, Menthol, Tocopheryl Acetate, Trideceth-10, Tetrasodium EDTA, Sodium Hydroxide, Hexyl Cinnamal, Linalool, Aloe Barbadensis Leaf Juice, Hydroxycitronellal, Geraniol, Propylene Glycol, Benzyl Alcohol, Triethylene Glycol, Cereus Grandiflorus Flower Extract, Bambusa Vulgaris Leaf/StemextractHinweiseInformation: Augenkontakt vermeiden. Bei Kontakt mit Wasser aussp\xc3\xbclen.ArtikeldetailsMarke: Head & ShouldersUrsprungsland: FrankreichLaufzeit nach \xc3\x96ffnen: 12 MonateKontaktKontaktname: Procter & GambleKontaktadresse: 65823 Schwalbach/Ts., GermanyF\xc3\xbcr die vorstehenden Angaben wird keine Haftung \xc3\xbcbernommen. Bitte pr\xc3\xbcfen Sie im Einzelfall die Angaben auf der jeweiligen Produktverpackung, nur diese sind verbindlich.Das Produktdesign kann von der Abbildung abweichen.'",Im Weiher 14,Rewe,Drogerie,2023-07-09,"Gültig ab morgen bis Samstag, 15.07.2023"
Pantene ProV Perfect Schaumfestiger,https://img.rewe-static.de/REWE_CENTER_HZ28_2023/8845543/39710399-3_digital-image.png?impolicy=s-offers&imwidth=200&output-format=image/webp,,https://shop.rewe.de/productList?search=2832136,,"Volume , je 200-ml-Dose , (1 l = 17.45)",Aktion,"3,49 €",nan,Im Weiher 14,Rewe,Drogerie,2023-07-09,"Gültig ab morgen bis Samstag, 15.07.2023"
Pantene ProV Perfect Haarspray,https://img.rewe-static.de/REWE_CENTER_HZ28_2023/8847317/39710401-3_digital-image.png?impolicy=s-offers&imwidth=200&output-format=image/webp,,https://shop.rewe.de/productList?search=2832136,,"Volume , je 250-ml-Dose , (1 l = 13.96)",Aktion,"3,49 €",nan,Im Weiher 14,Rewe,Drogerie,2023-07-09,"Gültig ab morgen bis Samstag, 15.07.2023"
Poly Palette Intensiv Creme Coloration,https://img.rewe-static.de/REWE_CENTER_HZ28_2023/3069437/30652486-5_digital-image.png?impolicy=s-offers&imwidth=200&output-format=image/webp,,https://shop.rewe.de/productList?search=2832136,,"versch. Nuance , je Pckg",Aktion,"2,49 €","b'ProduktbeschreibungArtikelnummer 3069437Die intensive Color-Creme mit Mikro-\xc3\x96len l\xc3\xa4sst die hochkonzentrierten Farbpigmente tief in das Haarinnere eindringen und versiegelt sie im Haar. F\xc3\xbcr eine besonders ausdrucksstarke und langanhaltende Farbe. POLY PALETTE Intensiv Creme Coloration \xe2\x80\x93 Reichhaltige Color-Creme f\xc3\xbcr permanent intensive Farben\n Die POLY PALETTE Intensiv Creme Coloration verleiht eine besonders ausdrucksstarke und langanhaltende Farbe bis zu 8 Wochen. Die reichhaltige Formel mit \xc3\x96len l\xc3\xa4sst die hoch konzentrierten Farbpigmente tief in das Haarinnere eindringen und versiegelt sie im Haar. Zus\xc3\xa4tzlich sorgt die verw\xc3\xb6hnende Pflegemaske mit nat\xc3\xbcrlichem Marula-\xc3\x96l f\xc3\xbcr atemberaubenden Glanz, indem sie die Haaroberfl\xc3\xa4che gl\xc3\xa4ttet. Die speziell entwickelte Formel der SCHWARZKOPF Haarfarbe sorgt f\xc3\xbcr wundervolle Farbergebnisse \xe2\x80\x93 vom Ansatz bis in die Spitzen.\n Die Produktvorteile im Detail:\n \n Strahlende, langanhaltende Farbe\n Mit nat\xc3\xbcrlichem Marula-\xc3\x96l\n Verw\xc3\xb6hnende Pflegemaske gl\xc3\xa4ttet die Haaroberfl\xc3\xa4che\n \n Anwendung: Die Anwendung entnehmen Sie bitte der Packungsbeilage.\n Darf nicht in H\xc3\xa4nde von Kindern gelangen.InhaltsstoffeIngredients: Haarf\xc3\xa4rbung/-t\xc3\xb6nung, Dioxo-System:Aqua*Cetearyl Alcohol*Glyceryl Stearate SE*Ammonium Hydroxide*Prunus Amygdalus Dulcis Oil*Ceteareth-20*Octyldodecanol*Sodium Laureth Sulfate*Toluene-2,5-Diamine Sulfate*Sodium Cetearyl Sulfate*Ethanolamine*Parfum*Oleic Acid*Resorcinol*Glycerin*Sodium Sulfite*Carbomer*Etidronic Acid*2,7-Naphthalenediol*Potassium Hydroxide*2-Methylresorcinol*Linalool*Ascorbic Acid*Serine*m-Aminophenol*Sodium Sulfate*Geraniol*Citronellol*Limonene*Benzoic Acid|Pflegesp\xc3\xbclung, rinse off:Aqua*Cetearyl Alcohol*Quaternium-87*Propylene Glycol*Isopropyl Myristate*Distearoylethyl Hydroxyethylmonium Methosulfate*Citric Acid*Phenoxyethanol*Stearamidopropyl Dimethylamine*Polyquaternium-37*Ceteareth-20*Glyceryl Stearate*Sodium Methylparaben*Dicaprylyl Carbonate*Sclerocarya Birrea Seed Oil*Parfum*Linalool*Limonene*Hexyl Cinnamal*Benzyl Salicylate*Lauryl Glucoside*Citronellol*Panthenol*Benzyl Alcohol|Entwickler:Aqua*Hydrogen Peroxide*Cetearyl Alcohol*PEG-40 Castor Oil*Etidronic Acid*Sodium Cetearyl Sulfate*Disodium Pyrophosphate*2,6-Dicarboxypyridine*Potassium Hydroxide*Sodium Benzoate.HinweiseAufbewahrungs- und Verwendungshinweis: Entwickler von Hitze und Licht fernhalten. Mischen Sie dieses F\xc3\xa4rbemittel nicht mit anderen Produkten. Keine nicht gebrauchte Mischung aufbewahren. Keine fertige Mischung in einer geschlossenen Flasche aufbewahren (die Flasche k\xc3\xb6nnte sich aufbl\xc3\xa4hen und bersten).Information: Haarf\xc3\xa4rbemittel k\xc3\xb6nnen schwere allergische Reaktionen hervorrufen. Bitte folgende Hinweise lesen und beachten: Dieses Produkt ist nicht f\xc3\xbcr Personen unter 16 Jahren bestimmt. Tempor\xc3\xa4re T\xc3\xa4towierungen mit \xe2\x80\x9eschwarzem Henna\xe2\x80\x9c k\xc3\xb6nnen das Allergierisiko erh\xc3\xb6hen. F\xc3\xa4rben Sie Ihr Haar nicht, \xe2\x80\x93 wenn Sie einen Ausschlag im Gesicht haben oder wenn Ihre Kopfhaut empfindlich, gereizt oder verletzt ist; \xe2\x80\x93 wenn Sie schon einmal nach dem F\xc3\xa4rben Ihrer Haare eine Reaktion festgestellt haben; \xe2\x80\x93 wenn eine tempor\xc3\xa4re T\xc3\xa4towierung mit \xe2\x80\x9eschwarzem Henna\xe2\x80\x9c bei Ihnen schon einmal eine Reaktion verursacht hat. Enth\xc3\xa4lt Phenylendiamine (Toluylendiamine), Wasserstoffperoxid und Resorcin. Vollst\xc3\xa4ndige Inhaltsstoffdeklaration siehe Packungsboden. Nicht zur F\xc3\xa4rbung von Wimpern und Augenbrauen verwenden. Die vollst\xc3\xa4ndigen Produkthinweise entnehmen Sie bitte der VerpackungArtikeldetailsMarke: Poly PaletteFarbe: 500 DunkelblondUrsprungsland: DeutschlandLaufzeit nach \xc3\x96ffnen: 12 MonateKontaktKontaktname: Schwarzkopf & Henkel GmbHKontaktadresse: D-40191 D\xc3\xbcsseldorfMaximale Bestellmenge: 6 St\xc3\xbcckF\xc3\xbcr die vorstehenden Angaben wird keine Haftung \xc3\xbcbernommen. Bitte pr\xc3\xbcfen Sie im Einzelfall die Angaben auf der jeweiligen Produktverpackung, nur diese sind verbindlich.Das Produktdesign kann von der Abbildung abweichen.'",Im Weiher 14,Rewe,Drogerie,2023-07-09,"Gültig ab morgen bis Samstag, 15.07.2023"
Colgate Total Zahnbürste,https://img.rewe-static.de/REWE_CENTER_HZ28_2023/2822763/25078497-12_digital-image.png?impolicy=s-offers&imwidth=200&output-format=image/webp,,https://shop.rewe.de/productList?search=2832136,,je 2-St.-Pckg,Aktion,"2,29 €","b'ProduktbeschreibungArtikelnummer 2822763Rundumreinigung f\xc3\xbcr Ihren gesunden Mund dank 4-facher Reinigungsmechanik. ArtikeldetailsMarke: ColgateUrsprungsland: DeutschlandF\xc3\xbcr die vorstehenden Angaben wird keine Haftung \xc3\xbcbernommen. Bitte pr\xc3\xbcfen Sie im Einzelfall die Angaben auf der jeweiligen Produktverpackung, nur diese sind verbindlich.Das Produktdesign kann von der Abbildung abweichen.'",Im Weiher 14,Rewe,Drogerie,2023-07-09,"Gültig ab morgen bis Samstag, 15.07.2023"
Spa Secrets Purity Duschgel,https://img.rewe-static.de/REWE_CENTER_HZ28_2023/7702214/38529501-7_digital-image.png?impolicy=s-offers&imwidth=200&output-format=image/webp,,https://shop.rewe.de/productList?search=2832136,,"je 200-ml-Fl , (1 l = 12.45)",Aktion,"2,49 €",nan,Im Weiher 14,Rewe,Drogerie,2023-07-09,"Gültig ab morgen bis Samstag, 15.07.2023"
Nivea 3in1 Reinigungstücher,https://img.rewe-static.de/REWE_CENTER_HZ28_2023/0344165/38681790-8_digital-image.png?impolicy=s-offers&imwidth=200&output-format=image/webp,,https://shop.rewe.de/productList?search=2832136,,"versch. Sorten , je 25-St.-Pckg",Aktion,"1,49 €","b'ProduktbeschreibungArtikelnummer 344165- Reinigen sanft und entfernen Make-up sowie wasserfeste Mascara\n- Spenden Feuchtigkeit und pflegen die Haut\n- Sind dank ihrer Formel mit Mandel\xc3\xb6l besonders mild zu sensibler Haut\n- F\xc3\xbcr Kontaktlinsentr\xc3\xa4gerinnen geeignet Die NIVEA\xc2\xae 3-in 1 Pflegenden Reinigungst\xc3\xbccher mit Nat\xc3\xbcrlichem Mandel\xc3\xb6l: Spenden Feuchtigkeit, pflegen die Wimpern, entfernen Make-up und sogar wasserfestes Make-up und reinigen gr\xc3\xbcndlich aber mild. Die Reinigungst\xc3\xbccher pflegen die Haut. Sie sind sowohl f\xc3\xbcr das Gesicht, als auch f\xc3\xbcr Lippen und die sensible Augenpartie geeignet. Die sanften T\xc3\xbccher sind jetzt mit noch mehr NIVEA Lotion getr\xc3\xa4nkt und hinterlassen ein zartes, gepflegtes Gef\xc3\xbchl auf der Haut: Pflegende Reinigungst\xc3\xbccher.InhaltsstoffeAqua,Isopropyl Stearate,Glycerin,Dimethicone,Methylpropanediol,Glyceryl Glucoside,Prunus Amygdalus Dulcis Oil,Panthenol,Polyglyceryl-3 Methylglucose Distearate,Sodium Acrylates/C10-30 Alkyl Acrylate Crosspolymer,1,2-Hexanediol,Phenoxyethanol,Methylparaben,Limonene,Linalool,Benzyl Alcohol,Citronellol,Alpha-Isomethyl Ionone,Geraniol,Butylphenyl Methylpropional,Benzyl Salicylate,Hexyl Cinnamal,ParfumHinweiseInformation: Packung sorgf\xc3\xa4ltig verschlie\xc3\x9fen.ArtikeldetailsMarke: NIVEAUrsprungsland: NiederlandeLaufzeit nach \xc3\x96ffnen: 12 MonateKontaktKontaktname: Beiersdorf AGKontaktadresse: Unnastrasse 4820245 HamburgF\xc3\xbcr die vorstehenden Angaben wird keine Haftung \xc3\xbcbernommen. Bitte pr\xc3\xbcfen Sie im Einzelfall die Angaben auf der jeweiligen Produktverpackung, nur diese sind verbindlich.Das Produktdesign kann von der Abbildung abweichen.'",Im Weiher 14,Rewe,Drogerie,2023-07-09,"Gültig ab morgen bis Samstag, 15.07.2023"
Schaeben's Totes Meer Maske,https://img.rewe-static.de/REWE_CENTER_HZ28_2023/7331533/810530-22_digital-image.png?impolicy=s-offers&imwidth=200&output-format=image/webp,,https://shop.rewe.de/productList?search=2832136,,"je 15-ml-Pckg , (1 l = 36.67)",Aktion,"0,55 €","b'ProduktbeschreibungArtikelnummer 7331533Schaebens Totes Meer Schlamm Maske \r\n\r\nVEGAN\r\n\r\n- reduziert den Fettgehalt der Haut um bis zu 38%\r\n- beugt Pickeln und Mitessern vor\r\n- zur intensiven Hautkl\xc3\xa4rungInhaltsstoffeAqua, Silt, Kaolin, Citric Acid, Glyceryl Stearate, Cetearyl Alcohol, Propylene Glycol, Zinc Oxide, Aloe Barbadensis Leaf Juice Powder, Chamomilla Recutita Flower Extract, Spirulina Platensis Powder, Coco-Glucoside, Ethylhexylglycerin, Phenoxyethanol. (Silt = hier: Totes Meer Schlamm).ArtikeldetailsMarke: SchaebensUrsprungsland: DeutschlandKontaktKontaktname: SchaebensKontaktadresse: 50226 Frechen, GermanyF\xc3\xbcr die vorstehenden Angaben wird keine Haftung \xc3\xbcbernommen. Bitte pr\xc3\xbcfen Sie im Einzelfall die Angaben auf der jeweiligen Produktverpackung, nur diese sind verbindlich.Das Produktdesign kann von der Abbildung abweichen.'",Im Weiher 14,Rewe,Drogerie,2023-07-09,"Gültig ab morgen bis Samstag, 15.07.2023"
Elvital Spülung,https://img.rewe-static.de/REWE_CENTER_HZ28_2023/3233160/26208077-16_digital-image.png?impolicy=s-offers&imwidth=200&output-format=image/webp,,https://shop.rewe.de/productList?search=2832136,,"Color , je 250-ml-Fl , (1 l = 11.96)",Knaller,"2,99 €","b""Gefahren- / WarnhinweiseBei Kontakt mit den Augen diese gr\xc3\xbcndlich aussp\xc3\xbclen.ProduktbeschreibungArtikelnummer 3233160Die Sp\xc3\xbclung ist die ideale Erg\xc3\xa4nzung zum Color-Glanz Shampoo von Elvital. Die Haarfarbe wird gesch\xc3\xbctzt und ihr wird zu l\xc3\xa4ngerer Leuchtkraft verholfen. F\xc3\xbcr mehr Farbintensit\xc3\xa4t und Farbtreue bis zu zehn Wochen.Inhaltsstoffe1217072 B - INGREDIENTS:  AQUA / WATER \xe2\x80\xa2 CETEARYL ALCOHOL \xe2\x80\xa2 BEHENTRIMONIUM CHLORIDE \xe2\x80\xa2 CETYL ESTERS \xe2\x80\xa2 COCOS NUCIFERA OIL / COCONUT OIL \xe2\x80\xa2 SODIUM BENZOATE \xe2\x80\xa2 PHENOXYETHANOL \xe2\x80\xa2 PAEONIA OFFICINALIS FLOWER EXTRACT \xe2\x80\xa2 ETHYLHEXYL SALICYLATE \xe2\x80\xa2 TRIDECETH-6 \xe2\x80\xa2 CHLORHEXIDINE DIGLUCONATE \xe2\x80\xa2 BENZYL ALCOHOL \xe2\x80\xa2 BENZYL SALICYLATE \xe2\x80\xa2 LINALOOL \xe2\x80\xa2 AMODIMETHICONE \xe2\x80\xa2 ISOPROPYL ALCOHOL \xe2\x80\xa2 ALPHA-ISOMETHYL IONONE \xe2\x80\xa2 GERANIOL \xe2\x80\xa2 CITRIC ACID \xe2\x80\xa2 POTASSIUM HYDROXIDE \xe2\x80\xa2 CITRONELLOL \xe2\x80\xa2 CETRIMONIUM CHLORIDE \xe2\x80\xa2 POTASSIUM SORBATE \xe2\x80\xa2 HEXYL CINNAMAL \xe2\x80\xa2 GLYCERIN \xe2\x80\xa2 PARFUM / FRAGRANCE (F.I.L. C259456/1).HinweiseInformation: Bei Kontakt mit den Augen diese gr\xc3\xbcndlich aussp\xc3\xbclen.ArtikeldetailsMarke: L'Or\xc3\xa9al ParisUrsprungsland: Elfenbeink\xc3\xbcsteSorte: Color GlanzLaufzeit nach \xc3\x96ffnen: 12 MonateKontaktKontaktname: L'Or\xc3\xa9al Deutschland GmbHKontaktadresse: TSA 75000 93684 ST OUEN CEDEX FRMaximale Bestellmenge: 15 St\xc3\xbcckF\xc3\xbcr die vorstehenden Angaben wird keine Haftung \xc3\xbcbernommen. Bitte pr\xc3\xbcfen Sie im Einzelfall die Angaben auf der jeweiligen Produktverpackung, nur diese sind verbindlich.Das Produktdesign kann von der Abbildung abweichen.""",Im Weiher 14,Rewe,Drogerie,2023-07-09,"Gültig ab morgen bis Samstag, 15.07.2023"
Elvital Shampoo,https://img.rewe-static.de/REWE_CENTER_HZ28_2023/2789935/25113040-23_digital-image.png?impolicy=s-offers&imwidth=200&output-format=image/webp,,https://shop.rewe.de/productList?search=2832136,,"Color , je 300-ml-Fl , (1 l = 9.97)",Knaller,"2,99 €","b""Gefahren- / WarnhinweiseBei Kontakt mit den Augen diese gr\xc3\xbcndlich aussp\xc3\xbclen.ProduktbeschreibungArtikelnummer 2789935L'Or\xc3\xa9al Paris Elvital Color-Glanz Pflege-Shampoo pflegt coloriertes Haar und erh\xc3\xa4lt die Leuchtkraft der Farbe. Coloriertes, get\xc3\xb6ntes oder gestr\xc3\xa4hntes\xc2\xa0 Haar ist besonders sensibel gegen\xc3\xbcber \xc3\xa4u\xc3\x9feren Einfl\xc3\xbcssen. So f\xc3\xbchren z. B. regelm\xc3\xa4\xc3\x9figes Haare-Waschen oder UV-Strahlen dazu, dass die Farbe verblasst, sich ver\xc3\xa4ndert und schnell an Leuchtkraft und Farbintensit\xc3\xa4t verliert. Das L'Oreal Paris Elvital Color-Glanz Pflege-Shampoo sch\xc3\xbctzt die Sch\xc3\xb6nheit der Haarfarbe mit einer besonderen 3-fach-Wirkung: Intensiver Farbschutz\nSchutz vor UV-bedingtem Ausbleichen\nVerl\xc3\xa4ngerte LeuchtkraftInhaltsstoffe1199588 C - INGREDIENTS:  AQUA / WATER \xe2\x80\xa2 SODIUM LAURETH SULFATE \xe2\x80\xa2 DIMETHICONE \xe2\x80\xa2 COCO-BETAINE \xe2\x80\xa2 SODIUM CHLORIDE \xe2\x80\xa2 GLYCOL DISTEARATE \xe2\x80\xa2 GUAR HYDROXYPROPYLTRIMONIUM CHLORIDE \xe2\x80\xa2 COCAMIDE MIPA \xe2\x80\xa2 COCOS NUCIFERA OIL / COCONUT OIL \xe2\x80\xa2 SODIUM BENZOATE \xe2\x80\xa2 SODIUM HYDROXIDE \xe2\x80\xa2 PAEONIA OFFICINALIS FLOWER EXTRACT \xe2\x80\xa2 ETHYLHEXYL SALICYLATE \xe2\x80\xa2 SALICYLIC ACID \xe2\x80\xa2 FUMARIC ACID \xe2\x80\xa2 BENZYL ALCOHOL \xe2\x80\xa2 BENZYL SALICYLATE \xe2\x80\xa2 LINALOOL \xe2\x80\xa2 ALPHA-ISOMETHYL IONONE \xe2\x80\xa2 CARBOMER \xe2\x80\xa2 GERANIOL \xe2\x80\xa2 CITRIC ACID \xe2\x80\xa2 CITRONELLOL \xe2\x80\xa2 POTASSIUM SORBATE \xe2\x80\xa2 HEXYLENE GLYCOL \xe2\x80\xa2 HEXYL CINNAMAL \xe2\x80\xa2 GLYCERIN \xe2\x80\xa2 PARFUM / FRAGRANCE (F.I.L. C259250/1).HinweiseInformation: Bei Kontakt mit den Augen diese sofort gr\xc3\xbcndlich aussp\xc3\xbclen.ArtikeldetailsMarke: L'Or\xc3\xa9al ParisUrsprungsland: GeorgienSorte: Color GlanzLaufzeit nach \xc3\x96ffnen: 12 MonateKontaktKontaktname: L'Or\xc3\xa9al Deutschland GmbHKontaktadresse: TSA 75000 93684 ST OUEN CEDEX FRMaximale Bestellmenge: 15 St\xc3\xbcckF\xc3\xbcr die vorstehenden Angaben wird keine Haftung \xc3\xbcbernommen. Bitte pr\xc3\xbcfen Sie im Einzelfall die Angaben auf der jeweiligen Produktverpackung, nur diese sind verbindlich.Das Produktdesign kann von der Abbildung abweichen.""",Im Weiher 14,Rewe,Drogerie,2023-07-09,"Gültig ab morgen bis Samstag, 15.07.2023"
Palmolive Flüssigseife,https://img.rewe-static.de/REWE_CENTER_HZ28_2023/1227889/27384433-26_digital-image.png?impolicy=s-offers&imwidth=200&output-format=image/webp,,https://shop.rewe.de/productList?search=2832136,,"versch. Sorten , je 300-ml-Spender , (1 l = 3.30)",Aktion,"0,99 €","b'ProduktbeschreibungArtikelnummer 1227889Palmolive Hygiene-Plus Sensitive Fl\xc3\xbcssigseife enth\xc3\xa4lt Aloe-Vera-Extrakt und einen nat\xc3\xbcrlichen, antibakteriellen Wirkstoff. Die milde Formel, auch f\xc3\xbcr sensible Haut geeignet, reinigt Ihre H\xc3\xa4nde sanft und hygienisch. Hautvertr\xc3\xa4glichkeit dermatologisch getestet. ArtikeldetailsMarke: PalmoliveUrsprungsland: FrankreichKontaktKontaktname: Colgate Palmolive GABA GmbHKontaktadresse: Beim Strohhause 17 Hamburg 20097Maximale Bestellmenge: 15 St\xc3\xbcckF\xc3\xbcr die vorstehenden Angaben wird keine Haftung \xc3\xbcbernommen. Bitte pr\xc3\xbcfen Sie im Einzelfall die Angaben auf der jeweiligen Produktverpackung, nur diese sind verbindlich.Das Produktdesign kann von der Abbildung abweichen.'",Im Weiher 14,Rewe,Drogerie,2023-07-09,"Gültig ab morgen bis Samstag, 15.07.2023"
Blend-a-Med Zahncreme,https://img.rewe-static.de/REWE_CENTER_HZ28_2023/3075942/35085314-3_digital-image.png?impolicy=s-offers&imwidth=200&output-format=image/webp,,https://shop.rewe.de/productList?search=2832136,,"Classic oder Frisch , je 75-ml-Tube , (1 l = 11.87)",Aktion,"0,89 €","b'ProduktbeschreibungArtikelnummer 3075942Die blend-a-med Classic Zahncreme enth\xc3\xa4lt Aktiv-Fluorid f\xc3\xbcr saubere, gesunde und starke Z\xc3\xa4hne. Mit dem klassischen Menthol-Geschmack von blend-a-med. Blend-a-med Rundumschutz Classic Zahnpasta bietet 24 Stunden Schutz, bei zweimal t\xc3\xa4glich putzen. Mit dem klassischem Menthol-Geschmack von blend-a-med.InhaltsstoffeIngredients: Aqua, Hydrated Silica, Sorbitol, Sodium Lauryl Sulfate, Cellulose Gum, Aroma, Trisodium Phosphate, Sodium Fluoride, Carbomer, Cl 77891, Sodium Saccharin, Limonene, Sodium Hydroxide, Eugenol, Polysorbate 80HinweiseInformation: F\xc3\xbcr Kinder bis 6 Jahre: Nur erbsengro\xc3\x9fe Menge Zahnpasta benutzen. Zur Vermeidung \xc3\xbcberm\xc3\xa4\xc3\x9figen Verschluckens Z\xc3\xa4hneputzen nur unter Aufsicht. Bei zus\xc3\xa4tzlicher Aufnahme von Fluorid den Zahnarzt oder Arzt befragen. Enth\xc3\xa4lt Natriumfluorid (1450 ppm Fluorid).ArtikeldetailsMarke: Blend-a-medUrsprungsland: DeutschlandKontaktKontaktname: Procter & GambleKontaktadresse: 65823 Schwalbach/Ts., GermanyMaximale Bestellmenge: 15 St\xc3\xbcckF\xc3\xbcr die vorstehenden Angaben wird keine Haftung \xc3\xbcbernommen. Bitte pr\xc3\xbcfen Sie im Einzelfall die Angaben auf der jeweiligen Produktverpackung, nur diese sind verbindlich.Das Produktdesign kann von der Abbildung abweichen.'",Im Weiher 14,Rewe,Drogerie,2023-07-09,"Gültig ab morgen bis Samstag, 15.07.2023"
Axe Duschgel,https://img.rewe-static.de/REWE_CENTER_HZ28_2023/9157379/27629412-14_digital-image.png?impolicy=s-offers&imwidth=200&output-format=image/webp,,https://shop.rewe.de/productList?search=2832136,,"versch. Sorten , je 250-ml-Fl , (1 l = 8.76)",Aktion,"2,19 €","b'ProduktbeschreibungArtikelnummer 9157379\xe2\x80\xa2 AXE Duschgel Alaska f\xc3\xbcr M\xc3\xa4nner sorgt f\xc3\xbcr eine intensive Pflege \n\xe2\x80\xa2 Verbesserte Formulierung dank 12h Long-Lasting Fragrance f\xc3\xbcr ein langanhaltendes Duft- und Frischegef\xc3\xbchl auf der Haut \n\xe2\x80\xa2 Ein w\xc3\xbcrzig-maskuliner Duft nach Sandelholz und Amber, kombiniert mit fruchtigen Akkorden. \n\xe2\x80\xa2 Duschgel mit Skin Active Technology: Pflanzenbasierte Pr\xc3\xa4biotika, die gute Hautbakterien f\xc3\xb6rdern und geruchsbildende Hautbakterien reduzieren, sorgen f\xc3\xbcr weniger K\xc3\xb6rpergeruch und mehr AXE-Duft \n\xe2\x80\xa2 Das Duschgel ist pH-hautneutral, dermatologisch getestet und enth\xc3\xa4lt 5x mehr Feuchtigkeitsspender \xe2\x80\x93 f\xc3\xbcr die beste AXE-Pflege \n\xe2\x80\xa2 Dieses M\xc3\xa4nnerduschgel kombiniert Nat\xc3\xbcrlichkeit mit einer sportlichen, selbstbewussten Note... mehr anzeigenEin gro\xc3\x9fartiger Tag beginnt mit einer gro\xc3\x9fartigen Dusche und es ist nicht egal, welches Duschgel M\xc3\xa4nner verwenden. Denn Duschgele gibt es viele. Aber nur das AXE Duschgel Alaska verbindet Nat\xc3\xbcrlichkeit mit einer sportlichen, selbstbewussten Note. Das Bodywash verleiht einen w\xc3\xbcrzig-maskulinen Duft nach Sandelholz und Amber, kombiniert mit fruchtigen Akkorden. Ein arktisch-k\xc3\xbchler Duft aus \xc3\x96len von Grapefruit und Bergamotte mit den fruchtigen Noten von Melone und Ananas, der erfrischt und neue Energie gibt.\n\nDoch nicht nur das: Das Duschgel von AXE enth\xc3\xa4lt die neue Skin Active Technology: Das sind pflanzenbasierte Pr\xc3\xa4biotika, die gute Hautbakterien f\xc3\xb6rdern und geruchsbildende Hautbakterien reduzieren. Die Folge: weniger K\xc3\xb6rpergeruch, mehr AXE-Duft. Au\xc3\x9ferdem enth\xc3\xa4lt es 5x mehr Feuchtigkeitsspender \xe2\x80\x93 f\xc3\xbcr die beste AXE-Pflege. Das Dusch Gel ist zudem ph-hautneutral und dermatologisch getestet. \n\nAnwendung: Die trockene Haut unter der Dusche befeuchten, die Bodywash in den H\xc3\xa4nden verteilen. K\xc3\xb6rper einsch\xc3\xa4umen. Gr\xc3\xbcndlich absp\xc3\xbclen. Sauber f\xc3\xbchlen. Gut duften. Das AXE Duschgel mit dem 12h Long-Lasting Fragrance \xe2\x80\x93 f\xc3\xbcr ein verbessertes Dufterlebnis unter der Dusche und ein langanhaltendes Duft- und Frischegef\xc3\xbchl auf der Haut.\n\nAXE steht f\xc3\xbcr Nachhaltigkeit \xe2\x80\x93 die Inhaltsstoffe des Duschgels sind zu 87% nat\xc3\xbcrlichen Ursprungs und die Flasche besteht aus 100% recyceltem Plastik (au\xc3\x9fer dem Deckel). \n\nDas AXE Duschgel Alaska passt perfekt zu allen Produkten aus der AXE Alaska Serie, l\xc3\xa4sst sich aber auch mit allen anderen AXE-D\xc3\xbcften kombinieren, sodass man sich voll auf das konzentrieren kann, worauf man Lust hat. AXE Duschgel Alaska \xe2\x80\x93 mit dem sensationellen Duft, der dazu einl\xc3\xa4dt, das Leben in vollen Z\xc3\xbcgen zu genie\xc3\x9fen. \n\nAXE \xe2\x80\x93 The AXE EffectInhaltsstoffeAqua, Sodium Laureth Sulfate, Parfum, Citric Acid, Cocamide MEA, Glycerin, PPG-12, Sodium Benzoate, Sodium Chloride, Sodium Sulfate, Alpha-Isomethyl Ionone, Benzyl Salicylate, Citronellol, Coumarin, Hexyl Cinnamal, Limolene, Linalool, CI 42090.ArtikeldetailsMarke: AxeUrsprungsland: DeutschlandSorte: AlaskaLaufzeit nach \xc3\x96ffnen: 12 MonateKontaktKontaktname: Unilever RAKontaktadresse: 455, 3013 AL, NLMaximale Bestellmenge: 15 St\xc3\xbcckF\xc3\xbcr die vorstehenden Angaben wird keine Haftung \xc3\xbcbernommen. Bitte pr\xc3\xbcfen Sie im Einzelfall die Angaben auf der jeweiligen Produktverpackung, nur diese sind verbindlich.Das Produktdesign kann von der Abbildung abweichen.'",Im Weiher 14,Rewe,Drogerie,2023-07-09,"Gültig ab morgen bis Samstag, 15.07.2023"
Pampers Baby Dry Windeln Single Pack,https://img.rewe-static.de/REWE_CENTER_HZ28_2023/8688573/35018085-9_digital-image.png?impolicy=s-offers&imwidth=200&output-format=image/webp,,https://shop.rewe.de/productList?search=2832136,,"Maxi Größe 4 , je 30-St.-Pckg",Aktion,"7,99 €",nan,Im Weiher 14,Rewe,Drogerie,2023-07-09,"Gültig ab morgen bis Samstag, 15.07.2023"
Colgate Total Zahncreme,https://img.rewe-static.de/REWE_CENTER_HZ28_2023/2226666/34953247-8_digital-image.png?impolicy=s-offers&imwidth=200&output-format=image/webp,,https://shop.rewe.de/productList?search=2832136,,"je 75-ml-Tuben-Pckg , (1 l = 30.53)",Aktion,"2,29 €","b'ProduktbeschreibungArtikelnummer 2226666Colgate Total Zahnapasta enth\xc3\xa4lt eine fortschrittliche Technologie, die Ihren gesamten Mund proaktiv sch\xc3\xbctzt und einen hervorragenden Schutz gegen Plaque, Empfindlichkeit, Verf\xc3\xa4rbungen, Zahnstein und Karies bietet. Sie macht Bakterien ausfindig und bek\xc3\xa4mpft sie, um den Zahnschmelz zu sch\xc3\xbctzen, neutralisiert sofort Ger\xc3\xbcche, die Mundgeruch verursachen, und enth\xc3\xa4lt verbesserte Aromen, die in Ihrem Mund f\xc3\xbcr ein Gef\xc3\xbchl der Sauberkeit und Frische sorgen. Diese Zahnpasta tr\xc3\xa4gt \xc3\xbcberdies dazu bei, Zahnfleischerkrankungen und Zahnschmelzabbau vorzubeugen. Um einen gesunden Mund zu haben, reicht es nicht aus, sich nur um die Z\xc3\xa4hne zu k\xc3\xbcmmern. Deshalb bek\xc3\xa4mpft die Zahnpasta Colgate Total Original Bakterien nicht nur auf Ihren Z\xc3\xa4hnen, sondern auch auf der Zunge, den Wangeninnenseiten und dem Zahnfleisch proaktiv bis zu 12 Stunden lang,* um die Gesundheit des ganzen Mundes zu gew\xc3\xa4hrleisten.** \n *nach 4 Wochen regelm\xc3\xa4\xc3\x9figer Anwendung \n **Schutz f\xc3\xbcr Ihren ganzen Mund, d. h. Z\xc3\xa4hne, Zunge, Wangeninnenseiten und Zahnfleisch... mehr anzeigenInhaltsstoffeAqua, Glycerin, Hydrated Silica, PVM/MA Copolymer, Sodium Lauryl Sulfate, Cellulose Gum, Aroma, Sodium Hydroxide, Carrageenan, Sodium Fluoride, Triclosan, Sodium Saccharin, Limonene, Cl 77891ArtikeldetailsMarke: ColgateUrsprungsland: DeutschlandLaufzeit nach \xc3\x96ffnen: 12 MonatePackungsgr\xc3\xb6\xc3\x9fe: 75mlMaximale Bestellmenge: 15 St\xc3\xbcckF\xc3\xbcr die vorstehenden Angaben wird keine Haftung \xc3\xbcbernommen. Bitte pr\xc3\xbcfen Sie im Einzelfall die Angaben auf der jeweiligen Produktverpackung, nur diese sind verbindlich.Das Produktdesign kann von der Abbildung abweichen.'",Im Weiher 14,Rewe,Drogerie,2023-07-09,"Gültig ab morgen bis Samstag, 15.07.2023"
Pampers Baby Dry Pants Single Pack,https://img.rewe-static.de/REWE_CENTER_HZ28_2023/7839196/35199201-12_digital-image.png?impolicy=s-offers&imwidth=200&output-format=image/webp,,https://shop.rewe.de/productList?search=2832136,,"Größe 5 , je 24-St.-Pckg",Aktion,"7,99 €",nan,Im Weiher 14,Rewe,Drogerie,2023-07-09,"Gültig ab morgen bis Samstag, 15.07.2023"
Gliss Kur Shampoo,https://img.rewe-static.de/REWE_CENTER_HZ28_2023/7207275/27570160-11_digital-image.png?impolicy=s-offers&imwidth=200&output-format=image/webp,,https://shop.rewe.de/productList?search=2832136,,"versch. Sorten , je 250-ml-Fl , (1 l = 9.96)",Aktion,"2,49 €","b'ProduktbeschreibungArtikelnummer 7207275HABEN SIE STROHIGE HAARE UND SPLISS? T\xc3\xa4gliches K\xc3\xa4mmen & Stylen strapaziert das Haar, wodurch die Haarspitzen strohig werden und Haarbruch entsteht. Damit die Haare gesund & geschmeidig bleiben, brauchen sie eine intensive Pflege. GLISS KUR OIL NUTRITIVE bietet: \xe2\x80\x89TIEFENREPAIR OHNE ZU BESCHWEREN SINNLICHE GESCHMEIDIGKEIT UND GESUND GL\xc3\x84NZENDES HAAR GLISS KUR Formeln mit KERATIN SERUM reparieren vorhandene Sch\xc3\xa4den und verst\xc3\xa4rken die Zellstruktur, um zuk\xc3\xbcnftigen Sch\xc3\xa4den vorzubeugen. OIL NUTRITIVE Abgestimmt auf die Bed\xc3\xbcrfnisse von strohigem, splissanf\xc3\xa4lligem Haar, n\xc3\xa4hrt die OIL NUTRITIVE Linie das Haar mit WERTVOLLEN BEAUTY-\xc3\x96LEN. F\xc3\xbcr ein optimales Pflege-Ergebnis, folgen Sie dem GLISS KUR REPARATUR-SYSTEM: SHAMPOO reinigt  SP\xc3\x9cLUNG entwirrt  KUREN pflegenInhaltsstoffeAqua,Sodium Laureth Sulfate, Cocamidopropyl Betaine, Sodium Chloride, Macadamia Ternifolia Seed Oil, Prunus Armeniaca Kernel Oil, Tocopheryl Acetate, Panthenol, Hydrolyzed Keratin, Cocamide MEA, Disodium Cocoamphodiacetate, Sodium Benzoate, Citric Acid, PEG-7 Glyceryl Cocoate, Polyquaternium-10, Parfum, PEG-40 Hydrogenated Castor Oil, PEG-120 Methyl Glucose Dioleate, Propylene Glycol, Butylphenyl Methylpropional, Linalool, CI 19140, CI 15985, CI 47005ArtikeldetailsMarke: Gliss KurUrsprungsland: DeutschlandLaufzeit nach \xc3\x96ffnen: 12 MonateKontaktKontaktname: Schwarzkopf & Henkel GmbHKontaktadresse: D-40191 D\xc3\xbcsseldorfMaximale Bestellmenge: 15 St\xc3\xbcckF\xc3\xbcr die vorstehenden Angaben wird keine Haftung \xc3\xbcbernommen. Bitte pr\xc3\xbcfen Sie im Einzelfall die Angaben auf der jeweiligen Produktverpackung, nur diese sind verbindlich.Das Produktdesign kann von der Abbildung abweichen.'",Im Weiher 14,Rewe,Drogerie,2023-07-09,"Gültig ab morgen bis Samstag, 15.07.2023"
Duschdas Duschgel,https://img.rewe-static.de/REWE_CENTER_HZ28_2023/8911414/38937664-11_digital-image.png?impolicy=s-offers&imwidth=200&output-format=image/webp,,https://shop.rewe.de/productList?search=2832136,,"versch. Sorten , je 225-ml-Fl , (1 l = 4.40)",Aktion,"0,99 €","b'ProduktbeschreibungArtikelnummer 8911414Mit Duschdas 3-in-1 Duschgel & Shampoo Noire mit Fresh-Energy-Duftformel aktiv und vital in einen erlebnisreichen Tag starten. Der anregend-w\xc3\xbcrzige Duft vermittelt ein Gef\xc3\xbchl purer Lebendigkeit und gibt einem die Energie, die man f\xc3\xbcr einen vollgepackten Tag braucht. Die praktische Kombination aus Duschgel und Shampoo ist anwendbar f\xc3\xbcr K\xc3\xb6rper, Gesicht und Haar und sorgt f\xc3\xbcr erfrischende Momente im Alltag. Das Duschdas Duschgel & Shampoo kommt in der praktischen nachf\xc3\xbcllbaren 225 ml Flasche, die aus 100% recyceltem Plastik** (rPET) besteht und wiederum vollst\xc3\xa4ndig recycelt werden kann. Sie ist standsicher, leicht zu \xc3\xb6ffnen und eignet sich f\xc3\xbcr ein- oder mehrmaliges Nachf\xc3\xbcllen. Durch das bew\xc3\xa4hrte Kopfsteher-Format ist das 3-in-1 Duschbad in der Eco-Flasche sofort einsatzbereit und sorgt dar\xc3\xbcber hinaus f\xc3\xbcr ein Duschdas Duscherlebnis bis zum letzten Tropfen. Das erfrischende Duschgel ist leicht dosierbar, l\xc3\xa4sst sich schnell auf dem K\xc3\xb6rper und Haar aufsch\xc3\xa4umen und leicht absp\xc3\xbclen. Es hinterl\xc3\xa4sst ein frisches und sauberes Gef\xc3\xbchl. Das Duschdas Duschgel & Shampoo ist pH-hautneutral und somit besonders sanft zur Haut. Es eignet sich f\xc3\xbcr die t\xc3\xa4gliche Anwendung. Einfach die trockene Haut und das Haar unter der Dusche anfeuchten, das Duschgel auf Haut und Haar verteilen, einmassieren und absp\xc3\xbclen. Vitalisiert, erfrischt oder belebt \xe2\x80\x93 so l\xc3\xa4sst das Duschgel M\xc3\xa4nner mit positiver Stimmung in den Tag starten.\n\nJetzt auch die weiteren Duschgele von Duschdas entdecken. Als erste Duschgelmarke Deutschlands liefert Duschdas zuverl\xc3\xa4ssig gute Qualit\xc3\xa4t, eine gro\xc3\x9fe Auswahl an inspirierenden D\xc3\xbcften und langanhaltende Frische f\xc3\xbcr alle. Und das mit einer gut biologisch abbaubaren Formel in einer nachhaltigen Verpackung. Schn\xc3\xb6rkellos, zeitlos, bodenst\xc3\xa4ndig, starke Ergebnisse im funktionalen Nutzen. Beim Thema Duschen denken die Leute an Duschdas. Duschdas hinterl\xc3\xa4sst ein erfrischendes Gef\xc3\xbchl und wirkt k\xc3\xb6rperlich und geistig revitalisierend. Hol Dir frische Energie \xe2\x80\x93 mit Duschdas. *Gem\xc3\xa4\xc3\x9f OECD-Methoden **Ohne Kappe und EtikettInhaltsstoffeIngredients: Aqua, Sodium Laureth Sulfate, Sodium Chloride, Cocamidopropyl Betaine, Parfum, Glycerin, Sodium Benzoate, Citric Acid, Sodium Lactate, Tetrasodium EDTA, Alpha-Isomethyl Ionone, Coumarin, Geraniol, Hexyl Cinnamal, Limonene, Linalool, CI 17200,CI 19140.ArtikeldetailsMarke: DuschdasUrsprungsland: DeutschlandLaufzeit nach \xc3\x96ffnen: 12 MonateKontaktKontaktname: Unilever RAKontaktadresse: 455, 3013 AL, NLMaximale Bestellmenge: 15 St\xc3\xbcckF\xc3\xbcr die vorstehenden Angaben wird keine Haftung \xc3\xbcbernommen. Bitte pr\xc3\xbcfen Sie im Einzelfall die Angaben auf der jeweiligen Produktverpackung, nur diese sind verbindlich.Das Produktdesign kann von der Abbildung abweichen.'",Im Weiher 14,Rewe,Drogerie,2023-07-09,"Gültig ab morgen bis Samstag, 15.07.2023"
Hardys Hundenahrung,https://img.rewe-static.de/REWE_CENTER_HZ28_2023/7814825/37779386-9_digital-image.png?impolicy=s-offers&imwidth=200&output-format=image/webp,,https://shop.rewe.de/productList?search=2832136,,"versch. Sorten , je 400-g-Dose , (1 kg = 4.98)",Aktion,"1,99 €","b'ProduktbeschreibungArtikelnummer 7814825Das Geheimnis von Hardys Naturkost Vital ist das ausgewogene Verh\xc3\xa4ltnis von Fleisch, Obst, Gem\xc3\xbcse und hochwertigen Cerealien. Die vollwertigen Men\xc3\xbcs versorgen t\xc3\xa4glich vitale Vierbeiner mit frischer Lebenskraft. Der wohl dosierte Anteil an gut verdaulichen Cerealien versorgt Ihren Hund mit zus\xc3\xa4tzlicher Energie f\xc3\xbcr den Tag. Bei der Herstellung unseres Futters werden ausschlie\xc3\x9flich nat\xc3\xbcrliche Zutaten verwendet mit Verzicht auf F\xc3\xbcll- und Konservierungsstoffe sowie k\xc3\xbcnstliche Aromen.ZusammensetzungZusammensetzung: 60 % Huhn (Herzen, Fleisch, Leber, M\xc3\xa4gen, H\xc3\xa4lse, Fett), 27,79 % Bru\xcc\x88he, 5 % Ku\xcc\x88rbis, 3 % Amarant, 2 % Birne, 1 % Mineralien, 0,5 % Maiskeim\xc3\xb6l, 0,3 % Magerjoghurt, 0,2 % Petersilie, 0,1 % Salbei, 0,1 % Rosmarin, 0,01 % Gru\xcc\x88nlippmuschelextrakt.Analytische Bestandteile: 10,3 % Protein, 0,5 % Rohfaser, 2,5 % Rohasche, 80,0 % Feuchte.Zusatzstoffe pro kg: Vitamin D3 200 I.E., Zink als Zinksulfat, Monohydrat25 mg, Mangan als Mangan-II-sulfat, Monohydrat1,4 mg, Jod als Kalziumjodat, wasserfrei 0,75 mg,Kupfer als Kupfer(II)-sulfat-Pentahydrat 1 mgF\xc3\xbctterungsempfehlung5 kg 350 g \xe2\x80\x93 480 g10 kg 590 g \xe2\x80\x93 810 g20 kg 1000 g \xe2\x80\x93 1360 g30 kg 1350 g \xe2\x80\x93 1850 gArtikeldetailsMarke: HardysUrsprungsland: DeutschlandTierart: HundAltersstufe des Haustieres: AdultFutterart: AlleinfutterKontaktKontakt: HARDYS Manufaktur GmbH & Co. KG - Merkurstra\xc3\x9fe 14-16 42699 Solingen - hallo@hardys-manufaktur.de -Zulassungsnummer: DE03452000213Kontaktname: HARDYS Manufaktur GmbH & Co. KGKontaktadresse: Merkurstra\xc3\x9fe 14-1642699 SolingenF\xc3\xbcr die vorstehenden Angaben wird keine Haftung \xc3\xbcbernommen. Bitte pr\xc3\xbcfen Sie im Einzelfall die Angaben auf der jeweiligen Produktverpackung, nur diese sind verbindlich.Das Produktdesign kann von der Abbildung abweichen.'",Im Weiher 14,Rewe,Tier,2023-07-09,"Gültig ab morgen bis Samstag, 15.07.2023"
Crave Hundenahrung Adult,https://img.rewe-static.de/REWE_CENTER_HZ28_2023/8253215/28808580-13_digital-image.png?impolicy=s-offers&imwidth=200&output-format=image/webp,,https://shop.rewe.de/productList?search=2832136,,"Truthahn & Huhn , je 1-kg-Btl",Aktion,"5,99 €","b'ProduktbeschreibungArtikelnummer 8253215CRAVE wei\xc3\x9f, dass Hunde den Geschmack und die N\xc3\xa4hrstoffe eines Futters mit hohem tierischem Proteinanteil ben\xc3\xb6tigen \xe2\x80\x93 aus einem einfachen Grund. Proteinreiche Nahrung liefert die N\xc3\xa4hrstoffe f\xc3\xbcr einen starken, gesunden Hund und versorgt ihn mit ausreichend Energie zum Spielen. \xc3\x84hnlich wie die Nahrung seiner Wildhund-Vorfahren, werden CRAVE-Rezepturen stets mit hochwertigen tierischen Proteinen und ohne Getreide gefertigt. So entsteht der Geschmack, den Hunde lieben. \n\nCRAVE Adult-Trockenfutter f\xc3\xbcr ausgewachsene Hunde ist hergestellt mit mindestens 60 % tierischen Zutaten und orientiert sich an der nat\xc3\xbcrlichen Ern\xc3\xa4hrungsweise eines Hundes. CRAVE Trockenhundefutter beinhaltet frisches Fleisch f\xc3\xbcr einen hohen Proteingehalt und tr\xc3\xa4gt so zur Unterst\xc3\xbctzung starker und gesunder Muskeln bei.\n- Hochwertiges Adult-Hundefutter mit mindestens 60 % tierischen Zutaten\n- Hoher Proteingehalt dank frischem Fleisch f\xc3\xbcr eine starke und gesunde Muskulatur\n- Trockenhundefutter ohne Zusatz von Getreide f\xc3\xbcr Hunde mit sensibler Verdauung\n- Hochwertige Hundefutter-Rezepturen ohne Zusatz von k\xc3\xbcnstlichen Farb- oder Konservierungsstoffen\n- Ohne Mais, Weizen, Soja und Molkereierzeugnisse... mehr anzeigenDie Core Range des CRAVE\xe2\x84\xa2 Hund Adult-Trockenfutter mit Truthahn und Huhn ist ideal f\xc3\xbcr ausgewachsene Hunde. Das hochwertige Hundefutter wird mit 100% nat\xc3\xbcrlichem Huhn und ohne Zusatz von Getreide hergestellt, um sich an der nat\xc3\xbcrlichen Ern\xc3\xa4hrungsweise deines Hundes zu orientieren. CRAVE\xe2\x84\xa2 Hundetrockenfutter hat einen hohen Proteingehalt und tr\xc3\xa4gt so zur Unterst\xc3\xbctzung starker Muskeln bei.ZusammensetzungZusammensetzung: nat\xc3\xbcrliches Huhn (23%): frisches Huhn (17.5%), getrocknetes H\xc3\xbchnerprotein; Truthahn (21%): getrocknetes Truthahnprotein, Truthahnleberextrakt; Erbsenst\xc3\xa4rke, Rindergriebenproteine, getrocknete ganze Erbsen, Gefl\xc3\xbcgelfett, getrocknete R\xc3\xbcbenschnitzel, Mineralstoffe, getrocknete Luzerne, getrocknetes Gefl\xc3\xbcgelprotein, Sonnenblumen\xc3\xb6l.Analytische Bestandteile: Protein: 37.0; Fettgehalt: 17.0; anorganischer Stoff: 8.0; Rohfaser: 2.8. Brennwert: 390 kcal/100 g.Zusatzstoffe pro kg: Ern\xc3\xa4hrungsphysiologische Zusatzstoffe: Vitamin A: 14447 IE, Vitamin D\xe2\x82\x83: 1593 IE, Kupfer (Kupfer(II)-sulfat-Pentahydrat): 6.0 mg, Jod (Kaliumjodid): 1.5 mg, Mangan (Mangan(II)-sulfat, Monohydrat): 20.3 mg, Selen (Natriumselenit): 0.17 mg, Zink (Zinksulfat Monohydrat): 57.4 mg.F\xc3\xbctterungsempfehlungF\xc3\xbctterungsempfehlung: Wir empfehlen eine Mischung aus CRAVE\xe2\x84\xa2 Trockennahrung und Feuchtnahrung zu f\xc3\xbcttern. 10kg K\xc3\xb6rpergewicht: 95g Trockennahrung + 1/2 Schale* pro Tag. 15kg K\xc3\xb6rpergewicht: 105g Trockennahrung + 1 Schale* pro Tag. 20kg K\xc3\xb6rpergewicht: 150g Trockennahrung + 1 Schale* pro Tag. 25kg K\xc3\xb6rpergewicht: 150g Trockennahrung + 1 1/2 Schalen* pro Tag. 30kg K\xc3\xb6rpergewicht: 190g Trockennahrung + 1 1/2 Schalen* pro Tag. *300g. Nehmen Sie sich Zeit f\xc3\xbcr die F\xc3\xbctterungsumstellung, passen Sie die F\xc3\xbctterungsmenge an und teilen Sie diese in mehrere Mahlzeiten, entsprechend den Bed\xc3\xbcrfnissen Ihres Tieres. F\xc3\xbcr F\xc3\xbctterungsinformationen besuchen Sie unsere Webseite oder rufen Sie unsere Service-Hotline an. Stellen Sie frisches Trinkwasser bereit.HinweiseAufbewahrungs- und Verwendungshinweis: Bitte geschlossen an einem k\xc3\xbchlen und trockenen Ort lagern.Information: Verpackung f\xc3\xbcr Kinder und Tiere unzug\xc3\xa4nglich aufbewahren (Erstickungsgefahr).ArtikeldetailsMarke: CraveUrsprungsland: DeutschlandTierart: HundAltersstufe des Haustieres: AdultFutterart: AlleinfutterKontaktKontakt: kontakt@de.mars.comZulassungsnummer: DE05770000113Kontaktname: Mars GmbHKontaktadresse: Postfach 1280, 27281 Verden (Aller)Maximale Bestellmenge: 15 St\xc3\xbcckF\xc3\xbcr die vorstehenden Angaben wird keine Haftung \xc3\xbcbernommen. Bitte pr\xc3\xbcfen Sie im Einzelfall die Angaben auf der jeweiligen Produktverpackung, nur diese sind verbindlich.Das Produktdesign kann von der Abbildung abweichen.'",Im Weiher 14,Rewe,Tier,2023-07-09,"Gültig ab morgen bis Samstag, 15.07.2023"
Vitakraft Jellys Lovers oder Cat Liquid Snack,https://img.rewe-static.de/REWE_CENTER_HZ28_2023/7955292/38359661-5_digital-image.png?impolicy=s-offers&imwidth=200&output-format=image/webp,,https://shop.rewe.de/productList?search=2832136,,"je 6 x 15-g-Btl , (1 kg = 18.78)",Aktion,"1,69 €",nan,Im Weiher 14,Rewe,Tier,2023-07-09,"Gültig ab morgen bis Samstag, 15.07.2023"
Vitakraft Poésie Katzennahrung,https://img.rewe-static.de/REWE_CENTER_HZ28_2023/2751452/24817125-19_digital-image.png?impolicy=s-offers&imwidth=200&output-format=image/webp,,https://shop.rewe.de/productList?search=2832136,,"versch. Sorten , je 85-g-Schale/Btl , (1 kg = 4.59)",Aktion,"0,39 €","b'ProduktbeschreibungArtikelnummer 2751452K\xc3\xb6stlich fleischige H\xc3\xa4ppchen, raffiniert kombiniert mit einer feinen K\xc3\xa4sesauce \xe2\x80\x93 dieses leckere Men\xc3\xbc in der Herzschale ist jeden Tag aufs Neue ein Gedicht f\xc3\xbcr Ihre Katze!Jede Schale Po\xc3\xa9sie\xc2\xae Cr\xc3\xa9ation enth\xc3\xa4lt unwiderstehlichen Geschmack, beste Zutaten und eine ausgewogene Portion Liebe, also genau das, was sich Ihr Tiger w\xc3\xbcnscht. Dabei ist das schmackhafte Men\xc3\xbc selbstverst\xc3\xa4ndlich ideal auf die ern\xc3\xa4hrungsphysiologischen Bed\xc3\xbcrfnisse von Katzen abgestimmt und \xc3\xbcberzeugt durch h\xc3\xb6chste Qualit\xc3\xa4t. Und die kann man dank der schonenden Zubereitung sogar sehen. Vitakraft. Aus Liebe.ZusammensetzungZusammensetzung: Fleisch u. tierische Nebenerzeugnisse 55% (Rind, Schwein und Gefl\xc3\xbcgel, 5% Pute);Getreide (Weizen);Mineralstoffe;Milch und Molkereierzeugnisse (2% K\xc3\xa4se);InulinAnalytische Bestandteile: 83,0 % Feuchtigkeit;9,5 % Protein;5,0 % Fettgehalt0,3 % Rohfaser;2,0 % RohascheZusatzstoffe pro kg: 250 i.E. E671 Vitamin D3;15 mg E1 Eisen;1,0 mg E4 Kupfer;1,0 mg E5 Mangan;18,0 mg 3b605, Zink;445 mg TaurinF\xc3\xbctterungsempfehlungEine Katze mit einem Gewicht von 4 kg ben\xc3\xb6tigt ca. 2-3 Schalen pro Tag, abh\xc3\xa4ngig von Aktivit\xc3\xa4t, Alter und Rasse des Tieres. Dazu frisches Trinkwasser reichen.HinweiseAufbewahrungs- und Verwendungshinweis: K\xc3\xbchl und trocken lagern.ArtikeldetailsMarkeVitakraftUrsprungslandDeutschlandGeschmacksrichtungPute in K\xc3\xa4sesauceTierartKatzeAltersstufe des HaustieresAdultFutterartAlleinfutterKontaktKontakt: 0421 48960Zulassungsnummer: DE BW 200010Kontaktname: Vitakraft pet care GmbH & Co. KGKontaktadresse: D-28295 Bremen.Maximale Bestellmenge: 15 St\xc3\xbcckF\xc3\xbcr die vorstehenden Angaben wird keine Haftung \xc3\xbcbernommen. Bitte pr\xc3\xbcfen Sie im Einzelfall die Angaben auf der jeweiligen Produktverpackung, nur diese sind verbindlich.Das Produktdesign kann von der Abbildung abweichen.'",Im Weiher 14,Rewe,Tier,2023-07-09,"Gültig ab morgen bis Samstag, 15.07.2023"
Catsan Hygiene Plus,https://img.rewe-static.de/REWE_CENTER_HZ28_2023/8009189/31263213-5_digital-image.png?impolicy=s-offers&imwidth=200&output-format=image/webp,,https://shop.rewe.de/productList?search=2832136,,"je 9-l-Btl , (1 l = 0.55)",Aktion,"4,99 €","b'ProduktbeschreibungArtikelnummer 8009189CATSAN\xe2\x84\xa2 Hygiene Plus ist eine hochwirksame, nicht-klumpende Katzenstreu, die Fl\xc3\xbcssigkeit schnell und effektiv aufsaugt, bevor Geruch entsteht. Wie ein Schwamm nimmt die Hygienestreu Fl\xc3\xbcssigkeit auf und schlie\xc3\x9ft sie sicher ein. So bleibt die Katzentoilette f\xc3\xbcr Ihre Katze sp\xc3\xbcrbar trocken und hygienisch. Der Extra-Mineralschutz von CATSAN\xe2\x84\xa2 Hygiene bindet Ger\xc3\xbcche besonders lang und zuverl\xc3\xa4ssig. Katzen wissen die geruchsbindende Katsenstreu zu sch\xc3\xa4tzen - und ihre Eigent\xc3\xbcmer auch. \nCATSAN\xe2\x84\xa2 Hygienestreu besteht zu 100 % aus nat\xc3\xbcrlichen Rohstoffen (Quarzsand und Kalk). So entsteht die hygienisch wei\xc3\x9fe Farbe von CATSAN\xe2\x84\xa2 Hygienestreu, ohne auf gef\xc3\xa4hrliche Stoffe wie Bleichmittel zur\xc3\xbcckgreifen zu m\xc3\xbcssen. CATSAN\xe2\x84\xa2 ist frei von gef\xc3\xa4hrlichen Fasern oder anderen unvertr\xc3\xa4glichen Bestandteilen. \nAuch f\xc3\xbcr K\xc3\xa4tzchen geeignet.HinweiseAufbewahrungs- und Verwendungshinweis: Bitte trocken lagern.ArtikeldetailsMarke: CatsanUrsprungsland: DeutschlandKontaktKontaktname: Mars GmbHKontaktadresse: Postfach 1280, 27281 Verden (Aller)Maximale Bestellmenge: 15 St\xc3\xbcckF\xc3\xbcr die vorstehenden Angaben wird keine Haftung \xc3\xbcbernommen. Bitte pr\xc3\xbcfen Sie im Einzelfall die Angaben auf der jeweiligen Produktverpackung, nur diese sind verbindlich.Das Produktdesign kann von der Abbildung abweichen.'",Im Weiher 14,Rewe,Tier,2023-07-09,"Gültig ab morgen bis Samstag, 15.07.2023"
"Family Pool
            3",https://img.rewe-static.de/REWE_CENTER_HZ28_2023/8962052/40194752-6_digital-image.png?impolicy=s-offers&imwidth=200&output-format=image/webp,,https://shop.rewe.de/productList?search=2832136,,"ca. 262 x 175 x 51 cm , je St",Knaller,"20,00 €",nan,Im Weiher 14,Rewe,Freizeit & Mode,2023-07-09,"Gültig ab morgen bis Samstag, 15.07.2023"
"Maui Sports Phylon Clogs
            3",https://img.rewe-static.de/REWE_CENTER_HZ28_2023/7718674/40276955-6_digital-image.png?impolicy=s-offers&imwidth=200&output-format=image/webp,,https://shop.rewe.de/productList?search=2832136,,"für Damen oder Herren Größen: 38/39, 40/41, 42/43, 44/45 , je Paar",Aktion,"11,99 €",nan,Im Weiher 14,Rewe,Freizeit & Mode,2023-07-09,"Gültig ab morgen bis Samstag, 15.07.2023"
"Edelweiss
            1",https://img.rewe-static.de/REWE_CENTER_HZ28_2023/8905443/39778752-4_digital-image.png?impolicy=s-offers&imwidth=200&output-format=image/webp,,https://shop.rewe.de/productList?search=2832136,,"Sorte »Vroni«, mit silberweißen Blüten , je Topf",Aktion,"2,29 €",nan,Im Weiher 14,Rewe,Freizeit & Mode,2023-07-09,"Gültig ab morgen bis Samstag, 15.07.2023"
"Lavendel
            1",https://img.rewe-static.de/REWE_CENTER_HZ28_2023/7937802/32803965-11_digital-image.png?impolicy=s-offers&imwidth=200&output-format=image/webp,,https://shop.rewe.de/productList?search=2832136,,"herrlich duftend, in dekorativem Balkonkasten , je Topf",Aktion,"4,44 €",nan,Im Weiher 14,Rewe,Freizeit & Mode,2023-07-09,"Gültig ab morgen bis Samstag, 15.07.2023"
"Adidas Badepantoletten »Aqua«
            3",https://img.rewe-static.de/REWE_CENTER_HZ28_2023/7686361/33245576-10_digital-image.png?impolicy=s-offers&imwidth=200&output-format=image/webp,,https://shop.rewe.de/productList?search=2832136,,"versch. Größen und Farben , je Paar",Aktion,"14,99 €",nan,Im Weiher 14,Rewe,Freizeit & Mode,2023-07-09,"Gültig ab morgen bis Samstag, 15.07.2023"
"Grillbriketts »Grillis« oder Grillholzkohle »Der Sommerhit«
            3",https://img.rewe-static.de/REWE_CENTER_HZ28_2023/1498474/20984916-13_digital-image.png?impolicy=s-offers&imwidth=200&output-format=image/webp,,https://shop.rewe.de/productList?search=2832136,,"je 3,3-kg-Btl , (1 kg = 2.42)",Aktion,"7,99 €","b'ProduktbeschreibungArtikelnummer 1498474Diese Artikel sind nicht st\xc3\xa4ndig im Sortiment. Verkauf nur solange der Vorrat reicht. Abgabe nur in handels\xc3\xbcblichen Mengen. Aktionspreise sind zeitlich begrenzt. ArtikeldetailsMarke: proFagusKontaktKontaktname: proFagus GmbHKontaktadresse: Uslarer Stra\xc3\x9fe 30 37194 BodenfeldeMaximale Bestellmenge: 2 St\xc3\xbcckF\xc3\xbcr die vorstehenden Angaben wird keine Haftung \xc3\xbcbernommen. Bitte pr\xc3\xbcfen Sie im Einzelfall die Angaben auf der jeweiligen Produktverpackung, nur diese sind verbindlich.Das Produktdesign kann von der Abbildung abweichen.'",Im Weiher 14,Rewe,Freizeit & Mode,2023-07-09,"Gültig ab morgen bis Samstag, 15.07.2023"
"Portulakröschen oder Zauberglöckchen
            1",https://img.rewe-static.de/REWE_CENTER_HZ28_2023/1832840/2541080-5_digital-image.png?impolicy=s-offers&imwidth=200&output-format=image/webp,,https://shop.rewe.de/productList?search=2832136,,"versch. Farben , je Topf",Aktion,"1,99 €",nan,Im Weiher 14,Rewe,Freizeit & Mode,2023-07-09,"Gültig ab morgen bis Samstag, 15.07.2023"
"Enzian
            1",https://img.rewe-static.de/REWE_CENTER_HZ28_2023/1729713/25244190-6_digital-image.png?impolicy=s-offers&imwidth=200&output-format=image/webp,,https://shop.rewe.de/productList?search=2832136,,"blühfreudige Sommerpflanze, mit leuchtend blauer Blüte , je Topf",Aktion,"2,99 €",nan,Im Weiher 14,Rewe,Freizeit & Mode,2023-07-09,"Gültig ab morgen bis Samstag, 15.07.2023"
Barilla Pasta,https://img.rewe-static.de/KLEIN28_2023/6653839/20768970-25_digital-image.png?impolicy=s-offers&imwidth=200&output-format=image/webp,,https://shop.rewe.de/productList?search=2832136,,"versch. Ausformungen , je 500-g-Pckg , (1 kg = 1.90)",Knaller,"0,95 €","b'ProduktbeschreibungArtikelnummer 6653839Fusilli erschienen in ihrer heutigen Form zuerst in S\xc3\xbcditalien und sind urspr\xc3\xbcnglich der Idee entsprungen, Spaghetti auf einer Stricknadel aufzuwickeln. Erst sp\xc3\xa4ter, bedingt durch die unterschiedlichen geschmacklichen Gewohnheiten in den verschiedenen italienischen Regionen, entstanden Fusilli als eigenst\xc3\xa4ndige Sorte. Im Rahmen des Sortiments von Barilla - Italiens beliebtester Pasta - wurde die Pastasorte Fusilli neu interpretiert und erhielt ihre charakteristische Spiralform, die f\xc3\xbcr die Tradition von Mittel- und Norditalien typisch ist.... mehr anzeigenZutaten & AllergeneZutaten: HARTWEIZENGRIESS, Wasser. Kann Spuren von Sojabohnen enthalten.Allergenhinweise: Enth\xc3\xa4lt: Weizen und Weizenerzeugnisse (glutenhaltiges Getreide). Glutenhaltiges Getreide und glutenhaltige Getreideerzeugnisse. Kann enthalten: Soja und Sojaerzeugnisse.N\xc3\xa4hrwerteDurchschnittliche N\xc3\xa4hrwerteUnzubereitet pro 100 gEnergie1.521 kJEnergie359 kcalFett2 gFett, davon ges\xc3\xa4ttigte Fetts\xc3\xa4uren0,5 gKohlenhydrate71,2 gKohlenhydrate, davon Zucker3,5 gBallaststoffe3 gEiwei\xc3\x9f12,5 gSalz0,013 gHinweiseAufbewahrungs- und Verwendungshinweis: Trocken und vor W\xc3\xa4rme gesch\xc3\xbctzt lagern.ArtikeldetailsMarke: BarillaUrsprungsland: ItalienKontaktKontaktname: Barilla G. e R. Fratelli - Societ\xc3\xa0 per AzioniKontaktadresse: Via Mantova 166, Parma - ItalyF\xc3\xbcr die vorstehenden Angaben wird keine Haftung \xc3\xbcbernommen. Bitte pr\xc3\xbcfen Sie im Einzelfall die Angaben auf der jeweiligen Produktverpackung, nur diese sind verbindlich.Das Produktdesign kann von der Abbildung abweichen.'",Kurfürstenanlage 6,Rewe,Topangebote,2023-07-09,"Gültig ab morgen bis Samstag, 15.07.2023"
Ehrmann Almighurt,https://img.rewe-static.de/KLEIN28_2023/7659300/9176090-16_digital-image.png?impolicy=s-offers&imwidth=200&output-format=image/webp,,https://shop.rewe.de/productList?search=2832136,,"versch. Sorten , je 150-g-Becher , (1 kg = 2.20)",Knaller,"0,33 €","b'ProduktbeschreibungArtikelnummer 7659300Erlesene Fruchtzubereitung aus Deutschland.Gute Allg\xc3\xa4uer Milch von Familienh\xc3\xb6fen.Zutaten & AllergeneZutaten: JOGHURT mild, Zucker, Heidelbeeren 6,8%, modifizierte St\xc3\xa4rke, f\xc3\xa4rbendes Pflanzenkonzentrat (Karotte), Verdickungsmittel (Pektine, Guarkernmehl), Aroma. Ohne Konservierungsstoffe.Allergenhinweise: Enth\xc3\xa4lt: JoghurtEnth\xc3\xa4lt: Milch und Milcherzeugnisse (einschlie\xc3\x9flich Lactose). Milchzucker (Laktose).N\xc3\xa4hrwerteDurchschnittliche N\xc3\xa4hrwerteUnzubereitet pro 100 gEnergie389 kJEnergie92 kcalFett2,7 gFett, davon ges\xc3\xa4ttigte Fetts\xc3\xa4uren1,8 gKohlenhydrate14 gKohlenhydrate, davon Zucker13 gEiwei\xc3\x9f3 gSalz0,1 gHinweiseAufbewahrungs- und Verwendungshinweis: Bei max. +8 \xc2\xb0C mindestens haltbar bis: siehe DeckelArtikeldetailsMarke: EhrmannUrsprungsland: DeutschlandSorte: HeidelbeereKontaktKontaktname: Ehrmann GmbHKontaktadresse: A.-Ehrmann-Stra\xc3\x9fe 2, 87770 Obersch\xc3\xb6neggMaximale Bestellmenge: 15 St\xc3\xbcckF\xc3\xbcr die vorstehenden Angaben wird keine Haftung \xc3\xbcbernommen. Bitte pr\xc3\xbcfen Sie im Einzelfall die Angaben auf der jeweiligen Produktverpackung, nur diese sind verbindlich.Das Produktdesign kann von der Abbildung abweichen.'",Kurfürstenanlage 6,Rewe,Topangebote,2023-07-09,"Gültig ab morgen bis Samstag, 15.07.2023"
Lavazza Caffè Crema Classico oder Crema e Aroma,https://img.rewe-static.de/KLEIN28_2023/0293182/30798874-10_digital-image.png?impolicy=s-offers&imwidth=200&output-format=image/webp,,https://shop.rewe.de/productList?search=2832136,,"ganze Bohnen , je 1000-g-Btl",Knaller,"9,99 €","b'ProduktbeschreibungArtikelnummer 293182Eine sehr vielseitige Mischung aus Arabica und Robusta Bohnen. HinweiseAufbewahrungs- und Verwendungshinweis: trocken lagern.ArtikeldetailsMarke: LavazzaUrsprungsland: ItalienKontaktKontaktname: LUIGI LAVAZZA S.p.A.Kontaktadresse: C. SO NOVARA, 59- 10154 TORINO - ITALIAMaximale Bestellmenge: 15 St\xc3\xbcckF\xc3\xbcr die vorstehenden Angaben wird keine Haftung \xc3\xbcbernommen. Bitte pr\xc3\xbcfen Sie im Einzelfall die Angaben auf der jeweiligen Produktverpackung, nur diese sind verbindlich.Das Produktdesign kann von der Abbildung abweichen.'",Kurfürstenanlage 6,Rewe,Topangebote,2023-07-09,"Gültig ab morgen bis Samstag, 15.07.2023"
Campofrio Serrano-Schinken,https://img.rewe-static.de/KLEIN28_2023/0515409/31641266-6_digital-image.png?impolicy=s-offers&imwidth=200&output-format=image/webp,,https://shop.rewe.de/productList?search=2832136,,je 100 g,Aktion,"2,19 €","b'ProduktbeschreibungArtikelnummer 515409Frisch f\xc3\xbcr dich aus unserer Servicetheke. \n \nZutaten: Schweinefleisch, Salz, Konservierungsstoff: Kaliumnitrat, Natriumnitrit. \n \nN\xc3\xa4hrwerte je 100g: \nEnergie: 889kJ \nEnergie: 2120kcal \nFett: 10g \nFett, davon ges\xc3\xa4ttigte Fetts\xc3\xa4uren: 3,8g \nKohlenhydrate: 0,5g \nKohlenhydrate, davon Zucker: 0,5g \nEiwei\xc3\x9f: 30g \nSalz: 5g Zutaten & AllergeneAllergenhinweise: nullN\xc3\xa4hrwerteDurchschnittliche N\xc3\xa4hrwerteUnzubereitet pro 100 gEnergie889 kJEnergie212 kcalFett10 gFett, davon ges\xc3\xa4ttigte Fetts\xc3\xa4uren3,8 gKohlenhydrate0,5 gKohlenhydrate, davon Zucker0,5 gEiwei\xc3\x9f30 gSalz5 gArtikeldetailsMarke: CampofrioMaximale Bestellmenge: 15 St\xc3\xbcckF\xc3\xbcr die vorstehenden Angaben wird keine Haftung \xc3\xbcbernommen. Bitte pr\xc3\xbcfen Sie im Einzelfall die Angaben auf der jeweiligen Produktverpackung, nur diese sind verbindlich.Das Produktdesign kann von der Abbildung abweichen.'",Kurfürstenanlage 6,Rewe,Topangebote,2023-07-09,"Gültig ab morgen bis Samstag, 15.07.2023"
Eisbergsalat,https://img.rewe-static.de/KLEIN28_2023/1366237/36750087-3_digital-image.png?impolicy=s-offers&imwidth=200&output-format=image/webp,,https://shop.rewe.de/productList?search=2832136,,"Kl. I , je St",Aktion,"0,75 €",nan,Kurfürstenanlage 6,Rewe,Topangebote,2023-07-09,"Gültig ab morgen bis Samstag, 15.07.2023"
Lavazza Tierra Kaffeekapseln,https://img.rewe-static.de/KLEIN28_2023/8751427/35732387-9_digital-image.png?impolicy=s-offers&imwidth=200&output-format=image/webp,,https://shop.rewe.de/productList?search=2832136,,"je 55-g-Pckg , (1 kg = 45.27)",Aktion,"2,49 €","b'ProduktbeschreibungArtikelnummer 8751427ArtikeldetailsMarke: LavazzaEigenschaften: BioUrsprungsland: Italien\xc3\x96ko Kontrollstelle: IT-BIO-009Ort der Erzeugung: EU-LandwirtschaftKontaktKontaktname: Luigi Lavazza Deutschland GmbHKontaktadresse: Platz der Einheit 2, 60327 Frankfurt/M.F\xc3\xbcr die vorstehenden Angaben wird keine Haftung \xc3\xbcbernommen. Bitte pr\xc3\xbcfen Sie im Einzelfall die Angaben auf der jeweiligen Produktverpackung, nur diese sind verbindlich.Das Produktdesign kann von der Abbildung abweichen.'",Kurfürstenanlage 6,Rewe,Dein Markt für italienischen Genuss,2023-07-09,"Gültig ab morgen bis Samstag, 15.07.2023"
Lavazza Espresso Kaffeekapseln,https://img.rewe-static.de/KLEIN28_2023/8810470/35732285-9_digital-image.png?impolicy=s-offers&imwidth=200&output-format=image/webp,,https://shop.rewe.de/productList?search=2832136,,"je 57-g-Pckg , (1 kg = 43.68)",Aktion,"2,49 €","b'ProduktbeschreibungArtikelnummer 8810470ArtikeldetailsMarke: LavazzaUrsprungsland: ItalienKontaktKontaktname: Luigi Lavazza Deutschland GmbHKontaktadresse: Platz der Einheit 260327 Frankfurt/M.F\xc3\xbcr die vorstehenden Angaben wird keine Haftung \xc3\xbcbernommen. Bitte pr\xc3\xbcfen Sie im Einzelfall die Angaben auf der jeweiligen Produktverpackung, nur diese sind verbindlich.Das Produktdesign kann von der Abbildung abweichen.'",Kurfürstenanlage 6,Rewe,Dein Markt für italienischen Genuss,2023-07-09,"Gültig ab morgen bis Samstag, 15.07.2023"
Zitronen,https://img.rewe-static.de/KLEIN28_2023/8131318/8722460-33_digital-image.png?impolicy=s-offers&imwidth=200&output-format=image/webp,,https://shop.rewe.de/productList?search=2832136,,"Sorte: siehe Etikett, Kl. I , je 500-g-Netz , (1 kg = 2.58)",Aktion,"1,29 €",nan,Kurfürstenanlage 6,Rewe,Dein Markt für italienischen Genuss,2023-07-09,"Gültig ab morgen bis Samstag, 15.07.2023"
Mövenpick Salted Caramel,https://img.rewe-static.de/KLEIN28_2023/7713567/38472507-14_digital-image.png?impolicy=s-offers&imwidth=200&output-format=image/webp,,https://shop.rewe.de/productList?search=2832136,,"je 800-ml-Becher , (1 l = 2.49)",Aktion,"1,99 €","b'ProduktbeschreibungArtikelnummer 7713567Eis mit Vanillegeschmack, mit gesalzener Karamellsauce, Karamellst\xc3\xbcckchen und kakaobutterhaltigen Konfektst\xc3\xbcckchen mit KaramellgeschmackZutaten & AllergeneZutaten: Entrahmte MILCH, MOLKENERZEUGNIS, Glukosesirup, Zucker,pflanzliche Fette (Kokos, Shea), gezuckerte KONDENSMILCH (eingedickte VOLLMILCH, Zucker, MILCHZUCKER), gezuckerte KONDENSMAGERMILCH (eingedickte entrahmte MILCH, Zucker), Emulgatoren (Mono- und Diglyceride von Speisefetts\xc3\xa4uren, Lecithine), Verdickungsmittel (Johannisbrotkernmehl, Guarkernmehl), Kakaobutter*, Salz, VOLLMILCHPULVER, BUTTERFETT, Feuchthaltemittel (Glycerin), f\xc3\xa4rbende Frucht- und Gem\xc3\xbcsekonzentrate (schwarze Johannisbeere, Apfel, Zitrone, Karotte, Rettich), f\xc3\xa4rbendes Saflorkonzentrat, nat\xc3\xbcrliche Vanillearomen, Kakaomasse*, MILCHZUCKER, nat\xc3\xbcrliche Aromen. *Rainforest Alliance-zertifiziert. Mehr Informationen unter ra.org.KANN SCHALENFR\xc3\x9cCHTE, GLUTENHALTIGE GETREIDE, SOJA UND EIER ENTHALTEN. Wichtig: Kleinkinder (unter 4 Jahren) verf\xc3\xbcgen\xc3\xbcber eine verminderte Kauf\xc3\xa4higkeit und k\xc3\xb6nnten sich an kleinen St\xc3\xbcckchen verschlucken.Allergenhinweise: MILCH, MOLKENERZEUGNIS, KONDENSMILCH, VOLLMILCH, MILCHZUCKER, KONDENSMAGERMILCH, VOLLMILCHPULVER, BUTTERFETT.Enth\xc3\xa4lt: Milch und Milcherzeugnisse (einschlie\xc3\x9flich Lactose). Kann enthalten: Glutenhaltiges Getreide und glutenhaltige Getreideerzeugnisse. Eier und Eierzeugnisse. N\xc3\xbcsse und Nusserzeugnisse. Soja und Sojaerzeugnisse.N\xc3\xa4hrwerteDurchschnittliche N\xc3\xa4hrwerteUnzubereitet pro 100 gEnergie1.009 kJEnergie240 kcalFett9,5 gFett, davon ges\xc3\xa4ttigte Fetts\xc3\xa4uren8,2 gKohlenhydrate37 gKohlenhydrate, davon Zucker29 gBallaststoffe< 0,5 gEiwei\xc3\x9f2 gSalz0,29 gHinweiseAufbewahrungs- und Verwendungshinweis: Bei -18 \xc2\xb0C mindestens haltbar bis Ende: siehe VerpackungsaufdruckInformation: Wichtig: Kleinkinder (unter 4 Jahren) verf\xc3\xbcgen\xc3\xbcber eine verminderte Kauf\xc3\xa4higkeit und k\xc3\xb6nnten sich an kleinen St\xc3\xbcckchen verschlucken.ArtikeldetailsMarke: M\xc3\xb6venpickUrsprungsland: DeutschlandKontaktKontaktname: FRONERI Sch\xc3\xb6ller GmbHKontaktadresse: D-90419 N\xc3\xbcrnbergMaximale Bestellmenge: 15 St\xc3\xbcckF\xc3\xbcr die vorstehenden Angaben wird keine Haftung \xc3\xbcbernommen. Bitte pr\xc3\xbcfen Sie im Einzelfall die Angaben auf der jeweiligen Produktverpackung, nur diese sind verbindlich.Das Produktdesign kann von der Abbildung abweichen.'",Kurfürstenanlage 6,Rewe,Dein Markt für italienischen Genuss,2023-07-09,"Gültig ab morgen bis Samstag, 15.07.2023"
Mövenpick Stracciatella Classico,https://img.rewe-static.de/KLEIN28_2023/8725654/35463369-11_digital-image.png?impolicy=s-offers&imwidth=200&output-format=image/webp,,https://shop.rewe.de/productList?search=2832136,,"je 900-ml-Becher , (1 l = 2.21)",Aktion,"1,99 €","b'ProduktbeschreibungArtikelnummer 8725654Cremiges Eis mit Stracciatellageschmack mit Schokoladenst\xc3\xbcckchen und einer Schokoladensauce.Zutaten & AllergeneZutaten: Entrahmte MILCH, MOLKENERZEUGNIS, Glukosesirup, Zucker, Kokosfett, Soja\xc3\xb6l, VOLLMILCHPULVER, fettarmer Kakao** (1,3 %), Kakaobutter**, Kakaomasse**, Emulgatoren (Mono- und Diglyceride von Speisefetts\xc3\xa4uren, Lecithine (SOJA)), Verdickungsmittel (Johannisbrotkernmehl, Guarkernmehl), nat\xc3\xbcrliche Aromen (enthalten MILCH), Aroma. **Rainforest Alliance-zertifiziert. Mehr Informationen unter ra.org. KANN SCHALENFR\xc3\x9cCHTE, GLUTENHALTIGE GETREIDE UND EIER ENTHALTEN. Wichtig: Kleinkinder (unter 4 Jahren) verf\xc3\xbcgen \xc3\xbcber eine verminderte Kauf\xc3\xa4higkeit und k\xc3\xb6nnten sich an kleinen St\xc3\xbcckchen verschlucken.Allergenhinweise: Milch, Molkenerzeugnis, Schlagsahne, SojaEnth\xc3\xa4lt: Milch und Milcherzeugnisse (einschlie\xc3\x9flich Lactose). Soja und Sojaerzeugnisse. Kann enthalten: Eier und Eierzeugnisse. N\xc3\xbcsse und Nusserzeugnisse. Glutenhaltiges Getreide und glutenhaltige Getreideerzeugnisse.N\xc3\xa4hrwerteDurchschnittliche N\xc3\xa4hrwerteUnzubereitet pro 100 gEnergie1.079 kJEnergie258 kcalFett15 gFett, davon ges\xc3\xa4ttigte Fetts\xc3\xa4uren9,9 gKohlenhydrate28 gKohlenhydrate, davon Zucker23 gBallaststoffe0,7 gEiwei\xc3\x9f2,9 gSalz0,09 gHinweiseAufbewahrungs- und Verwendungshinweis: Bei -18 \xc2\xb0C mindestens haltbar bis Ende: siehe VerpackungsaufdruckInformation: Wichtig: Kleinkinder (unter 4 Jahren) verf\xc3\xbcgen \xc3\xbcber eine verminderte Kauf\xc3\xa4higkeit und k\xc3\xb6nnten sich an kleinen St\xc3\xbcckchen verschlucken. Packung enth\xc3\xa4lt 9 Portionen. Portionen sollten f\xc3\xbcr Kinder entsprechend ihrem Alter angepasst werden.ArtikeldetailsMarke: M\xc3\xb6venpickUrsprungsland: DeutschlandKontaktKontaktname: FRONERI Sch\xc3\xb6ller GmbHKontaktadresse: D-90419 N\xc3\xbcrnbergMaximale Bestellmenge: 15 St\xc3\xbcckF\xc3\xbcr die vorstehenden Angaben wird keine Haftung \xc3\xbcbernommen. Bitte pr\xc3\xbcfen Sie im Einzelfall die Angaben auf der jeweiligen Produktverpackung, nur diese sind verbindlich.Das Produktdesign kann von der Abbildung abweichen.'",Kurfürstenanlage 6,Rewe,Dein Markt für italienischen Genuss,2023-07-09,"Gültig ab morgen bis Samstag, 15.07.2023"
Arla Finello Gratinkäse,https://img.rewe-static.de/KLEIN28_2023/0674328/21064797-16_digital-image.png?impolicy=s-offers&imwidth=200&output-format=image/webp,,https://shop.rewe.de/productList?search=2832136,,"dän. Reibekäse , je 150-g-Pckg , (1 kg = 9.93)",Aktion,"1,49 €","b'ProduktbeschreibungArtikelnummer 674328Zutaten & AllergeneZutaten: K\xc3\x84SE, Kartoffelst\xc3\xa4rke.Allergenhinweise: Enth\xc3\xa4lt: Milch und Milcherzeugnisse (einschlie\xc3\x9flich Lactose).N\xc3\xa4hrwerteDurchschnittliche N\xc3\xa4hrwerteUnzubereitet pro 100 gEnergie1.305 kJEnergie314 kcalFett23 gFett, davon ges\xc3\xa4ttigte Fetts\xc3\xa4uren14 gKohlenhydrate2,8 gKohlenhydrate, davon Zucker0,6 gEiwei\xc3\x9f24 gSalz1,5 gHinweiseAufbewahrungs- und Verwendungshinweis: Nach dem \xc3\x96ffnen k\xc3\xbchl aufbewahren.Bei 8 \xc2\xb0C mindestens haltbar bis: siehe VerpackungsaufdruckInformation: Unter Schutzatmosph\xc3\xa4re verpackt.ArtikeldetailsMarke: ArlaUrsprungsland: D\xc3\xa4nemarkSorte: Gratink\xc3\xa4seKontaktKontaktname: Arla Foods ambaKontaktadresse: DK-8260 Viby JMaximale Bestellmenge: 15 St\xc3\xbcckF\xc3\xbcr die vorstehenden Angaben wird keine Haftung \xc3\xbcbernommen. Bitte pr\xc3\xbcfen Sie im Einzelfall die Angaben auf der jeweiligen Produktverpackung, nur diese sind verbindlich.Das Produktdesign kann von der Abbildung abweichen.'",Kurfürstenanlage 6,Rewe,Dein Markt für italienischen Genuss,2023-07-09,"Gültig ab morgen bis Samstag, 15.07.2023"
Barilla Pesto alla Genovese,https://img.rewe-static.de/KLEIN28_2023/4840313/35802412-11_digital-image.png?impolicy=s-offers&imwidth=200&output-format=image/webp,,https://shop.rewe.de/productList?search=2832136,,"je 190-g-Glas , (1 kg = 10.47)",Aktion,"1,99 €","b'ProduktbeschreibungArtikelnummer 4840313Zutaten & AllergeneZutaten: pflanzliche \xc3\x96le (Olive, Sonnenblume), frisches Basilikum 30%, CASHEWKERNE, Parmigiano Reggiano g.U. K\xc3\xa4se 5% (MILCH), Maisfaser, Molkepulver (MILCH), Salz, MILCHeiweiss, natives Oliven\xc3\xb6l extra, Zucker, Basilikumextrakt, nat\xc3\xbcrliche Aromen (MILCH), S\xc3\xa4ureregulator: Milchs\xc3\xa4ure, Knoblauch. Kann Spuren von anderen Schalenfr\xc3\xbcchten (Hartschalenobst) enthalten.Allergenhinweise: Enth\xc3\xa4lt: Milch und Milcherzeugnisse (einschlie\xc3\x9flich Lactose). N\xc3\xbcsse und Nusserzeugnisse. Kaschunuss und Kaschunusserzeugnisse.N\xc3\xa4hrwerteDurchschnittliche N\xc3\xa4hrwerteUnzubereitet pro 100 gEnergie1.989 kJEnergie482 kcalFett46 gFett, davon ges\xc3\xa4ttigte Fetts\xc3\xa4uren7,1 gKohlenhydrate9,8 gKohlenhydrate, davon Zucker5,5 gBallaststoffe5 gEiwei\xc3\x9f4,7 gSalz3,25 gHinweiseAufbewahrungs- und Verwendungshinweis: Nach dem \xc3\x96ffnen gek\xc3\xbchlt 5 Tage haltbar.ArtikeldetailsMarke: BarillaUrsprungsland: ItalienKontaktKontaktname: Barilla G. e R. Fratelli S.p.A.Kontaktadresse: Via Mantova 166, Parma - ItalyMaximale Bestellmenge: 15 St\xc3\xbcckF\xc3\xbcr die vorstehenden Angaben wird keine Haftung \xc3\xbcbernommen. Bitte pr\xc3\xbcfen Sie im Einzelfall die Angaben auf der jeweiligen Produktverpackung, nur diese sind verbindlich.Das Produktdesign kann von der Abbildung abweichen.'",Kurfürstenanlage 6,Rewe,Dein Markt für italienischen Genuss,2023-07-09,"Gültig ab morgen bis Samstag, 15.07.2023"
Barilla Pesto Basilico Vegan,https://img.rewe-static.de/KLEIN28_2023/3263361/26586190-10_digital-image.png?impolicy=s-offers&imwidth=200&output-format=image/webp,,https://shop.rewe.de/productList?search=2832136,,"je 195-g-Glas , (1 kg = 10.21)",Aktion,"1,99 €","b'ProduktbeschreibungArtikelnummer 3263361Zutaten & AllergeneZutaten: Basilikum 35,6%, pflanzliche \xc3\x96le (Olive, Sonnenblume), CASHEWKERNE, Glukosesirup, Wasser, modifizierte Maisst\xc3\xa4rke, Salz, nat\xc3\xbcrliche Aromen, natives Oliven\xc3\xb6l extra, Zucker, S\xc3\xa4ureregulator Milchs\xc3\xa4ure. Kann Spuren von anderen Schalenfr\xc3\xbcchten (Hartschalenobst) enthalten.Allergenhinweise: Enth\xc3\xa4lt: Kaschunuss und Kaschunusserzeugnisse. Kann enthalten: N\xc3\xbcsse und Nusserzeugnisse.N\xc3\xa4hrwerteDurchschnittliche N\xc3\xa4hrwerteUnzubereitet pro 100 gEnergie1.780 kJEnergie431 kcalFett41 gFett, davon ges\xc3\xa4ttigte Fetts\xc3\xa4uren5,5 gKohlenhydrate12 gKohlenhydrate, davon Zucker3,3 gBallaststoffe2 gEiwei\xc3\x9f2,5 gSalz3 gHinweiseAufbewahrungs- und Verwendungshinweis: Nach dem \xc3\x96ffnen gek\xc3\xbchlt 5 Tage haltbar.ArtikeldetailsMarke: BarillaEigenschaften: Vegan, Vegetarisch, LaktosefreiUrsprungsland: ItalienKontaktKontaktname: Barilla G. e R. Fratelli - Societ\xc3\xa0 per AzioniKontaktadresse: Via Mantova 166, Parma - ItalyMaximale Bestellmenge: 15 St\xc3\xbcckF\xc3\xbcr die vorstehenden Angaben wird keine Haftung \xc3\xbcbernommen. Bitte pr\xc3\xbcfen Sie im Einzelfall die Angaben auf der jeweiligen Produktverpackung, nur diese sind verbindlich.Das Produktdesign kann von der Abbildung abweichen.'",Kurfürstenanlage 6,Rewe,Dein Markt für italienischen Genuss,2023-07-09,"Gültig ab morgen bis Samstag, 15.07.2023"
Barilla Collezione Farfalle,https://img.rewe-static.de/KLEIN28_2023/7905005/32879874-15_digital-image.png?impolicy=s-offers&imwidth=200&output-format=image/webp,,https://shop.rewe.de/productList?search=2832136,,"je 500-g-Pckg , (1 kg = 3.58)",Aktion,"1,79 €","b'ProduktbeschreibungArtikelnummer 7905005Zutaten & AllergeneZutaten: HARTWEIZENGRIESS, Wasser. Kann Spuren von Sojabohnen enthalten.Allergenhinweise: Enth\xc3\xa4lt: Weizen und Weizenerzeugnisse (glutenhaltiges Getreide). Glutenhaltiges Getreide und glutenhaltige Getreideerzeugnisse. Kann enthalten: Soja und Sojaerzeugnisse.N\xc3\xa4hrwerteDurchschnittliche N\xc3\xa4hrwerteUnzubereitet pro 100 gEnergie1.521 kJEnergie359 kcalFett2 gFett, davon ges\xc3\xa4ttigte Fetts\xc3\xa4uren0,5 gKohlenhydrate71,2 gKohlenhydrate, davon Zucker3,5 gBallaststoffe3 gEiwei\xc3\x9f12,5 gSalz0,013 gHinweiseAufbewahrungs- und Verwendungshinweis: Trocken, vor Licht und W\xc3\xa4rme gesch\xc3\xbctzt lagern.ArtikeldetailsMarke: BarillaUrsprungsland: ItalienKontaktKontaktname: Barilla G. e R. Fratelli S.p.A.Kontaktadresse: Via Mantova 166, Parma - ItalyMaximale Bestellmenge: 15 St\xc3\xbcckF\xc3\xbcr die vorstehenden Angaben wird keine Haftung \xc3\xbcbernommen. Bitte pr\xc3\xbcfen Sie im Einzelfall die Angaben auf der jeweiligen Produktverpackung, nur diese sind verbindlich.Das Produktdesign kann von der Abbildung abweichen.'",Kurfürstenanlage 6,Rewe,Dein Markt für italienischen Genuss,2023-07-09,"Gültig ab morgen bis Samstag, 15.07.2023"
REWE Beste Wahl Balsamico Creme,https://img.rewe-static.de/KLEIN28_2023/0888363/23928271-32_digital-image.png?impolicy=s-offers&imwidth=200&output-format=image/webp,,https://shop.rewe.de/productList?search=2832136,,"je 250-ml-Fl , (1 l = 7.16)",Aktion,"1,79 €","b'ProduktbeschreibungArtikelnummer 888363Ihr au\xc3\x9fergew\xc3\xb6hnlicher Geschmack ist ideal zur Verfeinerung von Salaten, Gem\xc3\xbcse und Fleisch geeinigt.\n\nHergestellt f\xc3\xbcr: REWE Markt GmbH, D-50603 K\xc3\xb6ln. Zutaten & AllergeneZutaten: Traubenmostkonzentrat, Aceto Balsamico di Modena IGP 39% (Traubenmostkonzentrat, Weinessig, Farbstoff Ammonsulfit-Zuckerkul\xc3\xb6r, Antioxidationsmittel KALIUMMETABISULFIT), Weinessig, Verdickungsmittel (Guarkernmehl, Xanthan). Zusatzstoffe: E 150d, E 224, E 412, E 415Allergenhinweise: Schwefeldioxid und Sulfite in einer Konzentration von mehr als 10 mg/kg oder 10 mg/l, als SO2 angegebenN\xc3\xa4hrwerteDurchschnittliche N\xc3\xa4hrwertepro 100 mlEnergie938 kJEnergie220 kcalFett0 gFett, davon ges\xc3\xa4ttigte Fetts\xc3\xa4uren0 gKohlenhydrate52,5 gKohlenhydrate, davon Zucker43,5 gEiwei\xc3\x9f0,5 gSalz1,14 gHinweiseAufbewahrungshinweise: Nach dem \xc3\x96ffnen im K\xc3\xbchlschrank aufbewahren.Verwendungshinweise: Trocken lagern. Vor W\xc3\xa4rme sch\xc3\xbctzen.ArtikeldetailsMarke: REWE Beste WahlUrsprungsland: ItalienKontaktKontaktname: Drogheria e Alimentari Deutschland GmbHKontaktadresse: H\xc3\xbcttenstrasse 87, 87600 Kaufbeuren, DeutschlandMaximale Bestellmenge: 15 St\xc3\xbcckF\xc3\xbcr die vorstehenden Angaben wird keine Haftung \xc3\xbcbernommen. Bitte pr\xc3\xbcfen Sie im Einzelfall die Angaben auf der jeweiligen Produktverpackung, nur diese sind verbindlich.Das Produktdesign kann von der Abbildung abweichen.'",Kurfürstenanlage 6,Rewe,Dein Markt für italienischen Genuss,2023-07-09,"Gültig ab morgen bis Samstag, 15.07.2023"
Barilla Spaghetti Al Bronzo,https://img.rewe-static.de/KLEIN28_2023/8745035/37803714-8_digital-image.png?impolicy=s-offers&imwidth=200&output-format=image/webp,,https://shop.rewe.de/productList?search=2832136,,"je 400-g-Pckg , (1 kg = 4.48)",Aktion,"1,79 €","b'ProduktbeschreibungArtikelnummer 8745035Zutaten & AllergeneZutaten: HARTWEIZENGRIESS, Wasser. Kann Spuren von Sojabohnen und Senf enthalten.Allergenhinweise: Enth\xc3\xa4lt: Weizen und Weizenerzeugnisse (glutenhaltiges Getreide). Glutenhaltiges Getreide und glutenhaltige Getreideerzeugnisse. Kann enthalten: Soja und Sojaerzeugnisse. Senf- und Senferzeugnisse.N\xc3\xa4hrwerteDurchschnittliche N\xc3\xa4hrwerteUnzubereitet pro 100 gEnergie1.521 kJEnergie359 kcalFett2 gFett, davon ges\xc3\xa4ttigte Fetts\xc3\xa4uren0,4 gKohlenhydrate69,7 gKohlenhydrate, davon Zucker3,5 gBallaststoffe3 gEiwei\xc3\x9f14 gSalz0,013 gHinweiseAufbewahrungs- und Verwendungshinweis: Trocken, vor Licht und W\xc3\xa4rme gesch\xc3\xbctzt lagern.ArtikeldetailsMarke: BarillaUrsprungsland: ItalienKontaktKontaktname: Barilla G. e R. Fratelli S.p.A.Kontaktadresse: Via Mantova 166, Parma - ItalyMaximale Bestellmenge: 15 St\xc3\xbcckF\xc3\xbcr die vorstehenden Angaben wird keine Haftung \xc3\xbcbernommen. Bitte pr\xc3\xbcfen Sie im Einzelfall die Angaben auf der jeweiligen Produktverpackung, nur diese sind verbindlich.Das Produktdesign kann von der Abbildung abweichen.'",Kurfürstenanlage 6,Rewe,Dein Markt für italienischen Genuss,2023-07-09,"Gültig ab morgen bis Samstag, 15.07.2023"
Rana Tortelloni,https://img.rewe-static.de/KLEIN28_2023/8657317/33918696-8_digital-image.png?impolicy=s-offers&imwidth=200&output-format=image/webp,,https://shop.rewe.de/productList?search=2832136,,"versch. Sorten , je 250-g-Pckg , (1 kg = 10.76)",Aktion,"2,69 €","b'ProduktbeschreibungArtikelnummer 8657317Zutaten & AllergeneZutaten: F\xc3\x9cLLUNG 53%: Basilikum Pesto 35%,(Sonnenblumen\xc3\xb6l, Basilikum 27% Pecorino Romano g.U. (gesch\xc3\xbctzte Ursprungsbezeichnung) K\xc3\x84SE 14%, KACHUN\xc3\x9cSSE, geriebener K\xc3\x84SE, Kochsalz, Pinienkerne 3%), Ricotta 33% (MOLKE, MILCH, Kochsalz), Pflanzenfasern (Mais und Kartoffeln) Mozzarella K\xc3\x84SE, Paniermehl (WeichWEIZENmehl, Wasser, Kochsalz, Hefe), LAKTOSE, St\xc3\xa4rke, nat\xc3\xbcrliche Aromen (enth\xc3\xa4lt GERSTE). TEIGWAREN 47%: WeichWEIZENmehl, EIER 30%,HartWEIZENgrie\xc3\x9f. Hergestellt in einem Werk, das auch SCHALENFR\xc3\x9cCHTE, FISCHE, KREBSTIERE, WICHTIERE, SOJABOHNEN und SELLERIE verwendet.Allergenhinweise: Enth\xc3\xa4lt: Glutenhaltiges Getreide und glutenhaltige Getreideerzeugnisse. Milch und Milcherzeugnisse (einschlie\xc3\x9flich Lactose). N\xc3\xbcsse und Nusserzeugnisse. Eier und Eierzeugnisse. Kann enthalten: Krebstiere und Krebstiererzeugnisse. Weichtiere und Weichtiererzeugnisse. Fisch und Fischerzeugnisse. Soja und Sojaerzeugnisse. Sellerie und Sellerieerzeugnisse.N\xc3\xa4hrwerteDurchschnittliche N\xc3\xa4hrwerteUnzubereitet pro 100 gEnergie1.225 kJEnergie292 kcalFett12 gFett, davon ges\xc3\xa4ttigte Fetts\xc3\xa4uren3,1 gKohlenhydrate32 gKohlenhydrate, davon Zucker4,1 gBallaststoffe6,2 gEiwei\xc3\x9f11 gSalz0,98 gHinweiseAufbewahrungs- und Verwendungshinweis: Im K\xc3\xbchlschrank bei +4\xc2\xb0C bis max. +7\xc2\xb0C aufbewahren. Nach dem \xc3\x96ffnen innerhalb von 3 Tagen verbrauchen.Information: Unter Schutzatmosph\xc3\xa4re verpackt.ArtikeldetailsMarke: Giovanni RanaUrsprungsland: ItalienKontaktKontaktname: Pastificio RANA S.p.A.Kontaktadresse: Via Pacinotti, 25 - 37057 San Giovanni Lupatoto (VR) - ItaliaMaximale Bestellmenge: 15 St\xc3\xbcckF\xc3\xbcr die vorstehenden Angaben wird keine Haftung \xc3\xbcbernommen. Bitte pr\xc3\xbcfen Sie im Einzelfall die Angaben auf der jeweiligen Produktverpackung, nur diese sind verbindlich.Das Produktdesign kann von der Abbildung abweichen.'",Kurfürstenanlage 6,Rewe,Dein Markt für italienischen Genuss,2023-07-09,"Gültig ab morgen bis Samstag, 15.07.2023"
Alta Badia,https://img.rewe-static.de/KLEIN28_2023/0351001/26962937-8_digital-image.png?impolicy=s-offers&imwidth=200&output-format=image/webp,,https://shop.rewe.de/productList?search=2832136,,"ital. Hartkäse, mind. 50% Fett i.Tr. , je 100 g",Aktion,"1,99 €","b'ProduktbeschreibungArtikelnummer 351001Frisch f\xc3\xbcr dich aus unserer Servicetheke. \n \nZutaten: pasteurisierte MILCH, Salz, MILCHS\xc3\x84UREBAKTERIEN, tierisches Lab, Konservierungsstoff: LYSOZYM (aus EI), Natamycin, Farbstoff: AMMONSULFITZUCKERKUL\xc3\x96R \n \nLaktosefrei* \n*Laktosegehalt: unter 0, 1g/100g \n \nRinde nicht zum Verzehr geeignet! \n \nN\xc3\xa4hrwerte je 100g: \nEnergie: 1704kJ \nEnergie: 411kcal \nFett: 33,5g \nFett, davon ges\xc3\xa4ttigte Fetts\xc3\xa4uren: 24,1g \nKohlenhydrate: 0,1g \nKohlenhydrate, davon Zucker: 0,1g \nEiwei\xc3\x9f: 27,3g \nSalz: 1,7g ArtikeldetailsEigenschaften: LaktosefreiMaximale Bestellmenge: 15 St\xc3\xbcckF\xc3\xbcr die vorstehenden Angaben wird keine Haftung \xc3\xbcbernommen. Bitte pr\xc3\xbcfen Sie im Einzelfall die Angaben auf der jeweiligen Produktverpackung, nur diese sind verbindlich.Das Produktdesign kann von der Abbildung abweichen.'",Kurfürstenanlage 6,Rewe,Dein Markt für italienischen Genuss,2023-07-09,"Gültig ab morgen bis Samstag, 15.07.2023"
Belli Cantuccini,https://img.rewe-static.de/KLEIN28_2023/0218662/22322908-38_digital-image.png?impolicy=s-offers&imwidth=200&output-format=image/webp,,https://shop.rewe.de/productList?search=2832136,,"je 250-g-Btl , (1 kg = 10.36)",Aktion,"2,59 €","b""ProduktbeschreibungArtikelnummer 218662Mit 25% Mandelanteil. Zutaten & AllergeneZutaten: WEIZENMEHL, Zucker, MANDELN (25%), pasteurisierte VOLLEIER, pasteurisiertes H\xc3\x9cHNEREIGELB, BUTTER, Bl\xc3\xbctenhonig, Salz. Backtriebmittel: Ammoniumhydrogencarbonat, Dinatriumdiphosphat, Natriumhydrogencarbonat, Aromen. Kann Spuren von anderen SCHALENFR\xc3\x9cCHTEN und SOJA enthalten.Allergenhinweise: Enth\xc3\xa4lt: Weizen und Weizenerzeugnisse (glutenhaltiges Getreide). Mandeln und Mandelerzeugnisse. Eier und Eierzeugnisse. Milch und Milcherzeugnisse (einschlie\xc3\x9flich Lactose). Kann enthalten: Soja und Sojaerzeugnisse. N\xc3\xbcsse und Nusserzeugnisse.N\xc3\xa4hrwerteDurchschnittliche N\xc3\xa4hrwerteUnzubereitet pro 100 gEnergie1.774 kJEnergie424 kcalFett16 gFett, davon ges\xc3\xa4ttigte Fetts\xc3\xa4uren3 gKohlenhydrate60 gKohlenhydrate, davon Zucker32 gEiwei\xc3\x9f10 gSalz0,06 gHinweiseAufbewahrungs- und Verwendungshinweis: K\xc3\xbchl und trocken lagern.ArtikeldetailsUrsprungsland: ItalienKontaktKontaktname: Biscottificio Belli srlKontaktadresse: Via dell'Albereto, 26/28/30, I-50041 Calenzano - FirenzeMaximale Bestellmenge: 15 St\xc3\xbcckF\xc3\xbcr die vorstehenden Angaben wird keine Haftung \xc3\xbcbernommen. Bitte pr\xc3\xbcfen Sie im Einzelfall die Angaben auf der jeweiligen Produktverpackung, nur diese sind verbindlich.Das Produktdesign kann von der Abbildung abweichen.""",Kurfürstenanlage 6,Rewe,Dein Markt für italienischen Genuss,2023-07-09,"Gültig ab morgen bis Samstag, 15.07.2023"
Galbani Mozzarella Mini,https://img.rewe-static.de/KLEIN28_2023/0594382/965610-29_digital-image.png?impolicy=s-offers&imwidth=200&output-format=image/webp,,https://shop.rewe.de/productList?search=2832136,,"38% Fett i.Tr. , je 260-g-Pckg , (1 kg = 13.27) , 150-g-Abtropfgew.",Aktion,"1,99 €","b'ProduktbeschreibungArtikelnummer 594382Zutaten & AllergeneZutaten: pasteurisierte KuhMILCH, Lab, Salz, S\xc3\xa4uerungsmittel:Zitronens\xc3\xa4ureAllergenhinweise: Enth\xc3\xa4lt: Milch und Milcherzeugnisse (einschlie\xc3\x9flich Lactose).N\xc3\xa4hrwerteDurchschnittliche N\xc3\xa4hrwerteUnzubereitet pro 100 gEnergie819 kJEnergie197 kcalFett13,5 gFett, davon ges\xc3\xa4ttigte Fetts\xc3\xa4uren9,4 gKohlenhydrate1,3 gKohlenhydrate, davon Zucker0,6 gEiwei\xc3\x9f17,5 gSalz0,6 gHinweiseAufbewahrungs- und Verwendungshinweis: bei 8\xc2\xb0C mindestens haltbar bis: siehe VerpackungsaufdruckArtikeldetailsMarke: GalbaniNettof\xc3\xbcllmenge: 260 GUrsprungsland: ItalienAbtropfgewicht: 150 gKontaktKontaktname: Lactalis Deutschland GmbHKontaktadresse: Am Yachthafen 2, 77694 KehlMaximale Bestellmenge: 15 St\xc3\xbcckF\xc3\xbcr die vorstehenden Angaben wird keine Haftung \xc3\xbcbernommen. Bitte pr\xc3\xbcfen Sie im Einzelfall die Angaben auf der jeweiligen Produktverpackung, nur diese sind verbindlich.Das Produktdesign kann von der Abbildung abweichen.'",Kurfürstenanlage 6,Rewe,Dein Markt für italienischen Genuss,2023-07-09,"Gültig ab morgen bis Samstag, 15.07.2023"
Mionetto Prosecco Spumante DOC,https://img.rewe-static.de/KLEIN28_2023/2104631/22280027-24_digital-image.png?impolicy=s-offers&imwidth=200&output-format=image/webp,,https://shop.rewe.de/productList?search=2832136,,"versch. Sorten , je 0,75-l-Fl , (1 l = 9.32)",Aktion,"6,99 €","b""Bestellung ab 18 Jahren.F\xc3\xbcr dieses Produkt gilt das Jugendschutzgesetz.ProduktbeschreibungArtikelnummer 2104631Der Prosecco D.O.C. Treviso Brut der Prestige-Linie \xc3\xbcberrascht selbst ausgesprochene Kenner. \nDieser hochwertige Spumante interpretiert die Kategorie 'Brut' v\xc3\xb6llig neu und z\xc3\xa4hlt geschmacklich zu den modernsten seiner Klasse. \nDer Prosecco D.O.C. Treviso Brut besticht durch seine leuchtend strohgelbe Farbe, intensive Perlage, ein fruchtiges Bukett nach Golden Delicious \xc3\x84pfeln und Birnen \nsowie durch feine Aromen nach Akazienhonig. Mionetto Prosecco D.O.C. Treviso Brut zeichnet sich durch sein elegantes Design aus. Das raffiniert moderne Etikett im 27-Grad-Winkel spiegelt sich in der Halsschleife wider.\n\nAlkoholgehalt: 11% Vol.... mehr anzeigenZutaten & AllergeneZutaten:  Enth\xc3\xa4lt Sulfite Zusatzstoffe: E 220Allergenhinweise: Schwefeldioxid und Sulfite in einer Konzentration von mehr als 10 mg/kg oder 10 mg/l, als SO2 angegebenArtikeldetailsMarke: MionettoUrsprungsland: ItalienKontaktKontaktname: Mionetto SPAKontaktadresse: Valdobbiadene, ItalienMaximale Bestellmenge: 15 St\xc3\xbcckF\xc3\xbcr die vorstehenden Angaben wird keine Haftung \xc3\xbcbernommen. Bitte pr\xc3\xbcfen Sie im Einzelfall die Angaben auf der jeweiligen Produktverpackung, nur diese sind verbindlich.Das Produktdesign kann von der Abbildung abweichen.""",Kurfürstenanlage 6,Rewe,Dein Markt für italienischen Genuss,2023-07-09,"Gültig ab morgen bis Samstag, 15.07.2023"
Cellini Grappa Oro,https://img.rewe-static.de/KLEIN28_2023/9687947/3673940-23_digital-image.png?impolicy=s-offers&imwidth=200&output-format=image/webp,,https://shop.rewe.de/productList?search=2832136,,"38% Vol. , je 0,7-l-Fl , (1 l = 12.84)",Aktion,"8,99 €","b'Bestellung ab 18 Jahren.F\xc3\xbcr dieses Produkt gilt das Jugendschutzgesetz.ProduktbeschreibungArtikelnummer 9687947Zutaten & AllergeneAllergenhinweise: Enth\xc3\xa4lt: Keine deklarationspflichtigen Allergene enthalten.HinweiseAufbewahrungs- und Verwendungshinweis: Lagerf\xc3\xa4higkeit 2-3 Jahre, bei Zimmertemperatur servierenArtikeldetailsMarke: CelliniUrsprungsland: ItalienAlkoholgehalt: 38 % Vol.KontaktKontaktname: Rolf Herzberger GmbH & Co. KGKontaktadresse: Am Felsbrunnen 8, 66119 Saarbr\xc3\xbcckenMaximale Bestellmenge: 15 St\xc3\xbcckF\xc3\xbcr die vorstehenden Angaben wird keine Haftung \xc3\xbcbernommen. Bitte pr\xc3\xbcfen Sie im Einzelfall die Angaben auf der jeweiligen Produktverpackung, nur diese sind verbindlich.Das Produktdesign kann von der Abbildung abweichen.'",Kurfürstenanlage 6,Rewe,Dein Markt für italienischen Genuss,2023-07-09,"Gültig ab morgen bis Samstag, 15.07.2023"
Bertolli Brotaufstrich,https://img.rewe-static.de/KLEIN28_2023/4942531/3398660-52_digital-image.png?impolicy=s-offers&imwidth=200&output-format=image/webp,,https://shop.rewe.de/productList?search=2832136,,"mit mildem Olivenöl , je 250-g-Becher , (1 kg = 5.56)",Aktion,"1,39 €","b'ProduktbeschreibungArtikelnummer 4942531- Das Gute des Olivenbaums \n- Enth\xc3\xa4lt viele einfach unges\xc3\xa4ttigte Fetts\xc3\xa4uren \n- F\xc3\xbcr eine gesunde, ausgewogene Ern\xc3\xa4hrung. \n- Passt hervorragend zu herzhafen Brotbel\xc3\xa4gen \n- Aber auch zu S\xc3\xbc\xc3\x9fem, wie Marmelade oder Honig \n \nDas \xe2\x80\x9eGute des Olivenbaums\xe2\x80\x9c t\xc3\xa4glich aufs Brot! \nDer BERTOLLI Brotaufstrich enth\xc3\xa4lt viele einfach unges\xc3\xa4ttigte Fetts\xc3\xa4uren, die einen wichtigen Bestandteil der traditionellen mediterranen Ern\xc3\xa4hrung darstellen. \nDer BERTOLLI Brotaufstrich tr\xc3\xa4gt somit dem Trend nach einer gesunden und ausgewogenen Ern\xc3\xa4hrung Rechnung. \nEr passt hervorragend sowohl zu herzhaften Brotbel\xc3\xa4gen als auch zu S\xc3\xbc\xc3\x9fem, wie Marmelade oder Honig. Zu den beliebtesten Brotsorten geh\xc3\xb6ren Focaccia, Tramezzino, Ciabatta und Bruschetta. Die mediterranen Brotspezialit\xc3\xa4ten werden oft zusammen mit Tomaten, Oliven und anderen Leckereien als kleiner Imbiss f\xc3\xbcr zwischendurch gereicht. \nDie K\xc3\xbcche Italiens geh\xc3\xb6rt zu den bekanntesten und beliebtesten K\xc3\xbcchen der Welt. Vollkommen zu Recht, denn sie besticht durch ihre frischen Zutaten, ihren Abwechslungsreichtum und gilt zudem als gesund. Hier finden Sie typisch italienische K\xc3\xb6stlichkeiten, mit denen Sie sich \xe2\x80\x9ela Dolce Vita\xe2\x80\x9c in Ihr eigenes Zuhause holen k\xc3\xb6nnen. \n \nBERTOLLI Brotaufstrich ist in 250g und 500g Packungen erh\xc3\xa4ltlich.... mehr anzeigenDas Gute des OlivenbaumsZutaten & AllergeneZutaten: Trinkwasser, pflanzliche \xc3\x96le und Fette (Raps, Palm, Palm ganz geh\xc3\xa4rtet), 7,5% Oliven\xc3\xb6l, BUTTERMILCH, modifizierte St\xc3\xa4rke, Speisesalz (0,4%), Emulgatoren (Mono- und Diglyceride von Speisefetts\xc3\xa4uren, Lecithine), Konservierungsstoff (Kaliumsorbat), S\xc3\xa4uerungsmittel (Citronens\xc3\xa4ure), Aroma, Vitamine (A, D), Farbstoff (Carotin).Allergenhinweise: Enth\xc3\xa4lt: Milch und Milcherzeugnisse (einschlie\xc3\x9flich Lactose).N\xc3\xa4hrwerteDurchschnittliche N\xc3\xa4hrwerteUnzubereitet pro 100 gEnergie1.445 kJEnergie339 kcalFett38 gFett, davon ges\xc3\xa4ttigte Fetts\xc3\xa4uren9 gKohlenhydrate1,7 gKohlenhydrate, davon Zucker< 0,5 gEiwei\xc3\x9f< 0,5 gSalz0,4 gVitamin A800 \xc2\xb5gVitamin D7,5 \xc2\xb5gHinweiseAufbewahrungs- und Verwendungshinweis: Beste Lagerung zwischen +2\xc2\xb0C und +15\xc2\xb0CArtikeldetailsMarke: BertolliUrsprungsland: NiederlandePackungsgr\xc3\xb6\xc3\x9fe: 250gKontaktKontaktname: Upfield Deutschland GmbHKontaktadresse: Valentinskamp 88-90, 20355 HamburgMaximale Bestellmenge: 15 St\xc3\xbcckF\xc3\xbcr die vorstehenden Angaben wird keine Haftung \xc3\xbcbernommen. Bitte pr\xc3\xbcfen Sie im Einzelfall die Angaben auf der jeweiligen Produktverpackung, nur diese sind verbindlich.Das Produktdesign kann von der Abbildung abweichen.'",Kurfürstenanlage 6,Rewe,Dein Markt für italienischen Genuss,2023-07-09,"Gültig ab morgen bis Samstag, 15.07.2023"
REWE Beste Wahl Gnocchi,https://img.rewe-static.de/KLEIN28_2023/0118000/23128380-35_digital-image.png?impolicy=s-offers&imwidth=200&output-format=image/webp,,https://shop.rewe.de/productList?search=2832136,,"frische, italienische Kartoffelklößchen aus 78% Kartoffelpüree , je 400-g-Btl , (1 kg = 3.73)",Aktion,"1,49 €","b'ProduktbeschreibungArtikelnummer 118000Zutaten & AllergeneZutaten: Kartoffelp\xc3\xbcree 80% (Wasser, Kartoffelflocken 16%), WEIZENMEHL, Kartoffelst\xc3\xa4rke, Reismehl, Speisesalz.  Kann Spuren von Soja enthalten.Allergenhinweise: Glutenhaltiges Getreide (Weizen, Gerste, Roggen, Hafer, Dinkel, Kamut oder Hybridst\xc3\xa4mme)N\xc3\xa4hrwerteDurchschnittliche N\xc3\xa4hrwertepro 100 gEnergie630 kJEnergie149 kcalFett0,6 gFett, davon ges\xc3\xa4ttigte Fetts\xc3\xa4uren0 gKohlenhydrate32 gKohlenhydrate, davon Zucker0,3 gEiwei\xc3\x9f3,3 gSalz1,08 gHinweiseAufbewahrungshinweise:  Nach dem \xc3\x96ffnen k\xc3\xbchl lagern und innerhalb von drei Tagen verzehren.Verwendungshinweise: Bei +4 \xc2\xb0C bis +7 \xc2\xb0CArtikeldetailsMarke: REWE Beste WahlUrsprungsland: ItalienPackungsgr\xc3\xb6\xc3\x9fe: 400gKontaktKontaktname: CIEMME ALIMENTARI S.R.L.Kontaktadresse: VIA FOGGIA, 28/30, BARLETTA, 76121, ItalienMaximale Bestellmenge: 15 St\xc3\xbcckF\xc3\xbcr die vorstehenden Angaben wird keine Haftung \xc3\xbcbernommen. Bitte pr\xc3\xbcfen Sie im Einzelfall die Angaben auf der jeweiligen Produktverpackung, nur diese sind verbindlich.Das Produktdesign kann von der Abbildung abweichen.'",Kurfürstenanlage 6,Rewe,Dein Markt für italienischen Genuss,2023-07-09,"Gültig ab morgen bis Samstag, 15.07.2023"
REWE Feine Welt Burrata,https://img.rewe-static.de/KLEIN28_2023/8643941/34631257-8_digital-image.png?impolicy=s-offers&imwidth=200&output-format=image/webp,,https://shop.rewe.de/productList?search=2832136,,"je 250-g-Becher-Pckg , (1 kg = 14.90) , 100-g-Abtropfgew.",Aktion,"1,49 €","b'ProduktbeschreibungArtikelnummer 8643941Zutaten & AllergeneZutaten: Zutaten: K\xc3\x84SEREIMILCH, SAHNE 41 %, Speisesalz, mikrobielles Lab, S\xc3\xa4uerungsmittel Milchs\xc3\xa4ure, Konservierungsstoff Kaliumsorbat. Zusatzstoffe: E 202, E 270Allergenhinweise: Milch und Milcherzeugnisse (einschlie\xc3\x9flich Lactose)N\xc3\xa4hrwerteDurchschnittliche N\xc3\xa4hrwertepro 100 gEnergie1.054 kJEnergie255 kcalFett23,9 gFett, davon ges\xc3\xa4ttigte Fetts\xc3\xa4uren15,3 gKohlenhydrate2 gKohlenhydrate, davon Zucker2 gEiwei\xc3\x9f8 gSalz0,54 gArtikeldetailsMarke: REWE Feine WeltNettof\xc3\xbcllmenge: 250 GUrsprungsland: ItalienAbtropfgewicht: 100 gKontaktKontaktname: DELIZIA S.P.A.Kontaktadresse: Contrada Pizunzo Z.I., Noci (BA), 70015, ItalienMaximale Bestellmenge: 15 St\xc3\xbcckF\xc3\xbcr die vorstehenden Angaben wird keine Haftung \xc3\xbcbernommen. Bitte pr\xc3\xbcfen Sie im Einzelfall die Angaben auf der jeweiligen Produktverpackung, nur diese sind verbindlich.Das Produktdesign kann von der Abbildung abweichen.'",Kurfürstenanlage 6,Rewe,Dein Markt für italienischen Genuss,2023-07-09,"Gültig ab morgen bis Samstag, 15.07.2023"
Fabbri Amarenakirschen,https://img.rewe-static.de/KLEIN28_2023/3797015/1603730-43_digital-image.png?impolicy=s-offers&imwidth=200&output-format=image/webp,,https://shop.rewe.de/productList?search=2832136,,"Frucht in Sirup , je 230-g-Glas , (1 kg = 39.90) , 100-g-Abtropfgew.",Aktion,"3,99 €","b'ProduktbeschreibungArtikelnummer 3797015Zutaten & AllergeneZutaten: Zucker, Sauerkirschen (43%), Glukose Sirup, Wasser, Sauerkirschen saft (4%), S\xc3\xa4uerungsmittel Zitronens\xc3\xa4ure, Aromen, Farbstoff Anthocyane aus Pflanzenextrakt.N\xc3\xa4hrwerteDurchschnittliche N\xc3\xa4hrwerteUnzubereitet pro 100 gEnergie1.160 kJEnergie273 kcalFett0 gFett, davon ges\xc3\xa4ttigte Fetts\xc3\xa4uren0 gKohlenhydrate67 gKohlenhydrate, davon Zucker61 gEiwei\xc3\x9f0 gSalz0,03 gArtikeldetailsMarke: FabbriNettof\xc3\xbcllmenge: 230 GUrsprungsland: ItalienAbtropfgewicht: 100 gKontaktKontaktname: G. Fabbri Deutschland GmbHKontaktadresse: Witneystr. 1 - 82008 UnterhachingMaximale Bestellmenge: 15 St\xc3\xbcckF\xc3\xbcr die vorstehenden Angaben wird keine Haftung \xc3\xbcbernommen. Bitte pr\xc3\xbcfen Sie im Einzelfall die Angaben auf der jeweiligen Produktverpackung, nur diese sind verbindlich.Das Produktdesign kann von der Abbildung abweichen.'",Kurfürstenanlage 6,Rewe,Dein Markt für italienischen Genuss,2023-07-09,"Gültig ab morgen bis Samstag, 15.07.2023"
S. Pellegrino Mineralwasser,https://img.rewe-static.de/KLEIN28_2023/0106565/9482880-6_digital-image.png?impolicy=s-offers&imwidth=200&output-format=image/webp,,https://shop.rewe.de/productList?search=2832136,,"je 1-l-Fl , zzgl. 0.25 Pfand",Aktion,"0,79 €","b'ProduktbeschreibungArtikelnummer 106565S.Pellegrino bringt echtes italienisches Lebensgef\xc3\xbchl direkt zu Ihnen nach Hause. Ein feinperliges nat\xc3\xbcrliches Mineralwasser f\xc3\xbcr Genie\xc3\x9fer, das stilvoll erfrischt.\n\nUnnachahmlich prickelnd und frisch, so schmeckt S.Pellegrino. Das liegt an der einzigartigen Balance, die das Mineralwasser besonders feinperlig sprudeln l\xc3\xa4sst. Ausgewogen mineralisiert, ist S.Pellegrino ein ebenso spritziger wie authentischer Genuss.\n\nEin Wasser mit Tradition\n\nS.Pellegrino, das bereits seit 1899 Genie\xc3\x9fer begeistert, entspringt in der nahezu unber\xc3\xbchrten Natur der lombardischen Alpen. Auf seiner langen Reise durch breite Schichten Dolomit- und Gipsgestein erh\xc3\xa4lt das Wasser seine ausgewogene Mineralisierung und seine besondere Reinheit. \n\nImmer ein Genuss\n\nMit seinem nat\xc3\xbcrlichen und lebendigen Temperament ist S.Pellegrino ein Wasser, das einfach \xc3\xbcberall genossen werden kann. Darum gibt es den italienischen Klassiker auch in handlichen 1,0L Pet-Flaschen \xe2\x80\x93 Wie geschaffen f\xc3\xbcr geselliges Beisammensein und genussvolles Miteinander. Besonders praktisch: Im Sixpack haben Sie immer eine Flasche in Reserve.\n\nS.Pellegrino\n- Nat\xc3\xbcrliches feinperliges Mineralwasser\n- Erfrischt einfach herrlich italienisch\n- Ein Wasser f\xc3\xbcr anspruchsvolle Genie\xc3\x9fer\n- Ausgewogen mineralisiert und besonders prickelnd\n- Wassergenuss f\xc3\xbcr jede Gelegenheit in handlichen Pet-Flaschen... mehr anzeigenSeit 1899 ist S.Pellegrino eine Ikone italienischen Stils und eines der bekanntesten nat\xc3\xbcrlichen Mineralwasser der Welt. Dank seiner perfekten Balance aus feinperliger Kohlens\xc3\xa4ure, Mineralisierung und einzigartigem Geschmack \xc3\xbcberzeugt es Sommeliers und Spitzenk\xc3\xb6che. \nSo inspiriert S.Pellegrino dazu, genussvolle Momente auszukosten und sie zu teilen.N\xc3\xa4hrwerteDurchschnittliche N\xc3\xa4hrwerteUnzubereitet pro 1 lChlorid49,4 mgCalcium166 mgMagnesium49,5 mgBikarbonat244 mgNatrium30 mgSulfat 4+401 mgHinweiseAufbewahrungs- und Verwendungshinweis: Vor Sonne und Frost sch\xc3\xbctzen und an einem sauberen, trockenen, k\xc3\xbchlen und geruchlosen Ort lagern.Information: Abdampfr\xc3\xbcckstand bei 180 Grad: 853 mg/LpH-Wert an der Quelle: 7,7Aus der S.PELLEGRINO Quelle in SAN PELLEGRINO TERME (BERGAMO) ITALIENArtikeldetailsMarke: San PellegrinoNettof\xc3\xbcllmenge: 1 LUrsprungsland: ItalienPackungsgr\xc3\xb6\xc3\x9fe: 1,0lKontaktKontaktname: SANPELLEGRINO S.P.A.Kontaktadresse: 24016 SAN PELLEGRINO TERME (BG)LOCALIT\xc3\x80 RUSPINO - ITALIENMaximale Bestellmenge: 15 St\xc3\xbcckF\xc3\xbcr die vorstehenden Angaben wird keine Haftung \xc3\xbcbernommen. Bitte pr\xc3\xbcfen Sie im Einzelfall die Angaben auf der jeweiligen Produktverpackung, nur diese sind verbindlich.Das Produktdesign kann von der Abbildung abweichen.'",Kurfürstenanlage 6,Rewe,Dein Markt für italienischen Genuss,2023-07-09,"Gültig ab morgen bis Samstag, 15.07.2023"
La Gioiosa Prosecco Frizzante Treviso DOC,https://img.rewe-static.de/KLEIN28_2023/0321558/7433190-34_digital-image.png?impolicy=s-offers&imwidth=200&output-format=image/webp,,https://shop.rewe.de/productList?search=2832136,,"je 0,75-l-Fl , (1 l = 7.99)",Aktion,"5,99 €","b'Bestellung ab 18 Jahren.F\xc3\xbcr dieses Produkt gilt das Jugendschutzgesetz.ProduktbeschreibungArtikelnummer 321558Alkoholgehalt: 10 % Vol. Zutaten & AllergeneZutaten: Nicht deklariert:Perlwein, Antioxidationsmittel (Ascorbins\xc3\xa4ure, Schwefeldioxid). Zusatzstoffe: E 220Allergenhinweise: Schwefeldioxid und Sulfite in einer Konzentration von mehr als 10 mg/kg oder 10 mg/l, als SO2 angegebenN\xc3\xa4hrwerteDurchschnittliche N\xc3\xa4hrwertepro 100 mlEnergie292 kJEnergie70 kcalFett0 gFett, davon ges\xc3\xa4ttigte Fetts\xc3\xa4uren0 gKohlenhydrate2,9 gKohlenhydrate, davon Zucker1,1 gEiwei\xc3\x9f< 0,1 gSalz< 0,02 gHinweiseVerwendungshinweise: Trocken und k\xc3\xbchl lagern. Vor Licht sch\xc3\xbctzen.ArtikeldetailsMarke: La GioiosaUrsprungsland: ItalienKontaktKontaktname: La Gioiosa S.p.A.Kontaktadresse: Crocetta del Montello, 31035, ItalienMaximale Bestellmenge: 15 St\xc3\xbcckF\xc3\xbcr die vorstehenden Angaben wird keine Haftung \xc3\xbcbernommen. Bitte pr\xc3\xbcfen Sie im Einzelfall die Angaben auf der jeweiligen Produktverpackung, nur diese sind verbindlich.Das Produktdesign kann von der Abbildung abweichen.'",Kurfürstenanlage 6,Rewe,Dein Markt für italienischen Genuss,2023-07-09,"Gültig ab morgen bis Samstag, 15.07.2023"
REWE Beste Wahl Bolognese Pasta Sauce,https://img.rewe-static.de/KLEIN28_2023/7123786/27851232-24_digital-image.png?impolicy=s-offers&imwidth=200&output-format=image/webp,,https://shop.rewe.de/productList?search=2832136,,"je 380-ml-Glas , (1 l = 4.18)",Aktion,"1,59 €","b'ProduktbeschreibungArtikelnummer 7123786Zutaten & AllergeneZutaten: Passierte Tomaten 61%, Rindfleisch 28%, Gem\xc3\xbcse 6% (Karotten, Zwiebeln, Knoblauch), Zucker, Salz, S\xc3\xa4uerungsmittel Milchs\xc3\xa4ure, Sonnenblumen\xc3\xb6l, Kr\xc3\xa4uter, Gew\xc3\xbcrze.    Zusatzstoffe: E 270N\xc3\xa4hrwerteDurchschnittliche N\xc3\xa4hrwertepro 100 mlEnergie392 kJEnergie94 kcalFett4,6 gFett, davon ges\xc3\xa4ttigte Fetts\xc3\xa4uren2,3 gKohlenhydrate6,1 gKohlenhydrate, davon Zucker5 gEiwei\xc3\x9f5,9 gSalz1,4 gHinweiseAufbewahrungshinweise: Nach dem \xc3\x96ffnen im K\xc3\xbchlschrank aufbewahren und innerhalb von 3-4 Tagen verbrauchen.Verwendungshinweise: Trocken lagern. Vor W\xc3\xa4rme sch\xc3\xbctzen.ArtikeldetailsMarke: REWE Beste WahlUrsprungsland: ItalienKontaktKontaktname: LA DORIA S.P.A.Kontaktadresse: Via Nazionale, 320, Angri, 84012, ItalienMaximale Bestellmenge: 15 St\xc3\xbcckF\xc3\xbcr die vorstehenden Angaben wird keine Haftung \xc3\xbcbernommen. Bitte pr\xc3\xbcfen Sie im Einzelfall die Angaben auf der jeweiligen Produktverpackung, nur diese sind verbindlich.Das Produktdesign kann von der Abbildung abweichen.'",Kurfürstenanlage 6,Rewe,Dein Markt für italienischen Genuss,2023-07-09,"Gültig ab morgen bis Samstag, 15.07.2023"
Ponnath Delikatess Prosciutto Cotto,https://img.rewe-static.de/KLEIN28_2023/2231617/25159847-9_digital-image.png?impolicy=s-offers&imwidth=200&output-format=image/webp,,https://shop.rewe.de/productList?search=2832136,,"je 150-g-Pckg , (1 kg = 15.27)",Aktion,"2,29 €","b'ProduktbeschreibungArtikelnummer 2231617Original italienisches Rezept. Zutaten & AllergeneZutaten: Schweinefleisch, S\xc3\xa4ureregulatoren: Kaliumlactat, Natriumacetate; jodiertes Speisesalz (Speisesalz, Kaliumjodat), Glukosesirup, Gew\xc3\xbcrzextrakte, Gew\xc3\xbcrze, Stabilisator: Triphosphate, Antioxidationsmittel: Natriumascorbat, Konservierungsstoff: Natriumnitrit.N\xc3\xa4hrwerteDurchschnittliche N\xc3\xa4hrwerteUnzubereitet pro 100 gEnergie455 kJEnergie108 kcalFett2,5 gFett, davon ges\xc3\xa4ttigte Fetts\xc3\xa4uren1,1 gKohlenhydrate1 gKohlenhydrate, davon Zucker0,8 gEiwei\xc3\x9f20,2 gSalz2,1 gHinweiseAufbewahrungs- und Verwendungshinweis: Bei unter + 7\xc2\xb0CInformation: Unter Schutzatmosph\xc3\xa4re verpackt.ArtikeldetailsMarke: PonnathUrsprungsland: DeutschlandKontaktKontaktname: Ponnath DIE MEISTERMETZGER GmbHKontaktadresse: Bayreuther Str. 40, D-95478 KemnathF\xc3\xbcr die vorstehenden Angaben wird keine Haftung \xc3\xbcbernommen. Bitte pr\xc3\xbcfen Sie im Einzelfall die Angaben auf der jeweiligen Produktverpackung, nur diese sind verbindlich.Das Produktdesign kann von der Abbildung abweichen.'",Kurfürstenanlage 6,Rewe,Dein Markt für italienischen Genuss,2023-07-09,"Gültig ab morgen bis Samstag, 15.07.2023"
Mestemacher Wraps,https://img.rewe-static.de/KLEIN28_2023/8722477/35581003-6_digital-image.png?impolicy=s-offers&imwidth=200&output-format=image/webp,,https://shop.rewe.de/productList?search=2832136,,"versch. Sorten , je 300-g-Pckg , (1 kg = 7.30)",Aktion,"2,19 €","b'ProduktbeschreibungArtikelnummer 8722477Man nehme italienisches Temperament, ein Originalrezept und kaltgepresstes Oliven\xc3\xb6l. Diese Zutaten machen unsere Wraps zu etwas ganz Besonderem!Zutaten & AllergeneZutaten: DINKELMEHL*1), Wasser, natives Oliven\xc3\xb6l extra* (5 %), Sonnenblumen\xc3\xb6l*, Meersalz, nat\xc3\xbcrliches Rosmarinaroma. * aus biologischem Landbau 1)Mit Dinkelmehl aus der EU. Kann Spuren von SOJA und SENF enthalten.Allergenhinweise: Enth\xc3\xa4lt: Glutenhaltiges Getreide und glutenhaltige Getreideerzeugnisse. Dinkel und Dinkelerzeugnisse (glutenhaltiges Getreide). Kann enthalten: Soja und Sojaerzeugnisse. Senf- und Senferzeugnisse.N\xc3\xa4hrwerteDurchschnittliche N\xc3\xa4hrwerteUnzubereitet pro 100 gEnergie1.280 kJEnergie304 kcalFett8,6 gFett, davon ges\xc3\xa4ttigte Fetts\xc3\xa4uren1,1 gKohlenhydrate45,7 gKohlenhydrate, davon Zucker1 gBallaststoffe3,1 gEiwei\xc3\x9f9,5 gSalz1,1 gHinweiseAufbewahrungs- und Verwendungshinweis: K\xc3\xbchl und trocken lagern.ArtikeldetailsMarkeMestemacherEigenschaftenVegan, BioUrsprungslandItalienServiervorschlagNach Belieben f\xc3\xbcllen, z.B. mit Salat oder Geschnetzeltem.\xc3\x96ko KontrollstelleIT-BIO-007Ort der ErzeugungEU-LandwirtschaftKontaktKontaktname: Mestemacher GmbHKontaktadresse: Postfach 2451 - 33254 G\xc3\xbcterslohF\xc3\xbcr die vorstehenden Angaben wird keine Haftung \xc3\xbcbernommen. Bitte pr\xc3\xbcfen Sie im Einzelfall die Angaben auf der jeweiligen Produktverpackung, nur diese sind verbindlich.Das Produktdesign kann von der Abbildung abweichen.'",Kurfürstenanlage 6,Rewe,Dein Markt für italienischen Genuss,2023-07-09,"Gültig ab morgen bis Samstag, 15.07.2023"
Citterio Mailänder Salami Strafino,https://img.rewe-static.de/KLEIN28_2023/5310075/23629963-7_digital-image.png?impolicy=s-offers&imwidth=200&output-format=image/webp,,https://shop.rewe.de/productList?search=2832136,,je 100 g,Aktion,"2,19 €","b'ProduktbeschreibungArtikelnummer 5310075Frisch f\xc3\xbcr dich aus unserer Servicetheke.\n\nZutaten: Schweinefleisch, Nitritp\xc3\xb6kelsalz (Kochsalz), Konservierungsstoff: E250 Gew\xc3\xbcrze, Zucker, Gew\xc3\xbcrzkr\xc3\xa4uter Antioxidationsmittel: E300, E 301, Konservierungsstoff. E252.\n\n100g Salami werden hergestellt aus 155g Schweinefleisch.\n\nN\xc3\xa4hrwerte je 100g:\nEnergie: 1660kj\nEnergie: 400kcal\nFett: 32g\nFett, davon ges\xc3\xa4ttigte Fetts\xc3\xa4uren: 13g\nKohlenhydrate: 0,5g\nKohlenhydrate, davon Zucker: 0,5g\nEiwei\xc3\x9f: 28g\nSalz: 4,6g fein gek\xc3\xb6rnte Spitzenqualit\xc3\xa4t, leicht ger\xc3\xa4uchert, mindestens 3 Monate gereiftZutaten & AllergeneZutaten: Schweinefleisch, Nitritp\xc3\xb6kelsalz (Kochsalz, Konservierungsstoff: Natriumnitrit), Zucker, Gew\xc3\xbcrze, Gew\xc3\xbcrzkr\xc3\xa4uter, Antioxidationsmittel: Natriumascorbat, Ascorbins\xc3\xa4ure; Konservierungsstoff: Kaliumnitrat. 100g Salami hergestellt aus 155g Schweinefleisch.Allergenhinweise: Enth\xc3\xa4lt: Keine deklarationspflichtigen Allergene enthalten.N\xc3\xa4hrwerteDurchschnittliche N\xc3\xa4hrwerteUnzubereitet pro 100 gEnergie1.660 kJEnergie400 kcalFett32 gFett, davon ges\xc3\xa4ttigte Fetts\xc3\xa4uren13 gKohlenhydrate0,5 gKohlenhydrate, davon Zucker0,5 gEiwei\xc3\x9f28 gSalz4,6 gHinweiseAufbewahrungs- und Verwendungshinweis: Unter +7\xc2\xb0C lagern, nach dem \xc3\x96ffnen innerhalb kurzer Zeit verzehren.Information: Konservierungsstoff: E250 (Natriumnitrit), E252(Kaliumnitrat); Antioxidationsmittel: E301 (Natriumascorbat), E300 (Ascorbins\xc3\xa4ure); Wursth\xc3\xbclle nicht essbar.ArtikeldetailsUrsprungsland: ItalienKontaktKontaktname: Giuseppe Citterio Salumificio S.P.A.Kontaktadresse: Corso Europa 206, 20017 RhoMaximale Bestellmenge: 15 St\xc3\xbcckF\xc3\xbcr die vorstehenden Angaben wird keine Haftung \xc3\xbcbernommen. Bitte pr\xc3\xbcfen Sie im Einzelfall die Angaben auf der jeweiligen Produktverpackung, nur diese sind verbindlich.Das Produktdesign kann von der Abbildung abweichen.'",Kurfürstenanlage 6,Rewe,Dein Markt für italienischen Genuss,2023-07-09,"Gültig ab morgen bis Samstag, 15.07.2023"
Lavazza Crema e Gusto oder Espresso,https://img.rewe-static.de/KLEIN28_2023/7713584/29141056-8_digital-image.png?impolicy=s-offers&imwidth=200&output-format=image/webp,,https://shop.rewe.de/productList?search=2832136,,"versch. Sorten , je 250-g-Pckg , (1 kg = 13.96)",Aktion,"3,49 €","b'ProduktbeschreibungArtikelnummer 7713584Die Mischung besteht aus einer Auswahl hochwertiger, rassiger Arabicas (30 %) und Robustas (70 %) und ist ideal f\xc3\xbcr all diejenigen geeignet, die jeden Augenblick des Tages ein intensives Geschmackserlebnis genie\xce\xb2en m\xc3\xb6chten. HinweiseAufbewahrungs- und Verwendungshinweis: trocken lagern.ArtikeldetailsMarke: LavazzaUrsprungsland: ItalienSorte: Crema e GustoKontaktKontaktname: LUIGI LAVAZZA S.p.A.Kontaktadresse: C. SO NOVARA, 59- 10154 TORINO - ITALIAMaximale Bestellmenge: 15 St\xc3\xbcckF\xc3\xbcr die vorstehenden Angaben wird keine Haftung \xc3\xbcbernommen. Bitte pr\xc3\xbcfen Sie im Einzelfall die Angaben auf der jeweiligen Produktverpackung, nur diese sind verbindlich.Das Produktdesign kann von der Abbildung abweichen.'",Kurfürstenanlage 6,Rewe,Dein Markt für italienischen Genuss,2023-07-09,"Gültig ab morgen bis Samstag, 15.07.2023"
Saupiquet Thunfisch,https://img.rewe-static.de/KLEIN28_2023/2071371/2519210-44_digital-image.png?impolicy=s-offers&imwidth=200&output-format=image/webp,,https://shop.rewe.de/productList?search=2832136,,"Naturale ohne Öl oder in Sonnenblumenöl , je 185-g-Dose , (1 kg = 17.79) , 140-g-Abtropfgew.",Aktion,"2,49 €","b'ProduktbeschreibungArtikelnummer 2071371Zutaten & AllergeneZutaten: THUNFISCH (Skipjack, Katsuwonus pelamis), Wasser, Salz.Allergenhinweise: Enth\xc3\xa4lt: Fisch und Fischerzeugnisse.N\xc3\xa4hrwerteDurchschnittliche N\xc3\xa4hrwerteUnzubereitet pro 100 gEnergie410 kJEnergie97 kcalFett0,5 gFett, davon ges\xc3\xa4ttigte Fetts\xc3\xa4uren0,2 gKohlenhydrate0 gKohlenhydrate, davon Zucker0 gBallaststoffe0 gEiwei\xc3\x9f23 gSalz1,3 gHinweiseAufbewahrungs- und Verwendungshinweis: Mindestens haltbar bis: siehe VerpackungsaufdruckArtikeldetailsMarke: SaupiquetNettof\xc3\xbcllmenge: 185 GUrsprungsland: EcuadorAbtropfgewicht: 140 gSorte: Naturale ohne \xc3\x96lKontaktKontaktname: Saupiquet D GmbHKontaktadresse: Postfach 9307, 47750 KrefeldMaximale Bestellmenge: 15 St\xc3\xbcckF\xc3\xbcr die vorstehenden Angaben wird keine Haftung \xc3\xbcbernommen. Bitte pr\xc3\xbcfen Sie im Einzelfall die Angaben auf der jeweiligen Produktverpackung, nur diese sind verbindlich.Das Produktdesign kann von der Abbildung abweichen.'",Kurfürstenanlage 6,Rewe,Dein Markt für italienischen Genuss,2023-07-09,"Gültig ab morgen bis Samstag, 15.07.2023"
Mini Gurken,https://img.rewe-static.de/KLEIN28_2023/7240489/32111765-5_digital-image.png?impolicy=s-offers&imwidth=200&output-format=image/webp,,https://shop.rewe.de/productList?search=2832136,,"Kl. I , je St",Aktion,"0,45 €",nan,Kurfürstenanlage 6,Rewe,Obst & Gemüse,2023-07-09,"Gültig ab morgen bis Samstag, 15.07.2023"
Zitronen,https://img.rewe-static.de/KLEIN28_2023/8131318/8722460-33_digital-image.png?impolicy=s-offers&imwidth=200&output-format=image/webp,,https://shop.rewe.de/productList?search=2832136,,"Sorte: siehe Etikett, Kl. I , je 500-g-Netz , (1 kg = 2.58)",Aktion,"1,29 €",nan,Kurfürstenanlage 6,Rewe,Obst & Gemüse,2023-07-09,"Gültig ab morgen bis Samstag, 15.07.2023"
Honigmelone,https://img.rewe-static.de/KLEIN28_2023/8436752/8613000-32_digital-image.png?impolicy=s-offers&imwidth=200&output-format=image/webp,,https://shop.rewe.de/productList?search=2832136,,"Kl. I , je St",Aktion,"2,99 €",nan,Kurfürstenanlage 6,Rewe,Obst & Gemüse,2023-07-09,"Gültig ab morgen bis Samstag, 15.07.2023"
Brombeeren,https://img.rewe-static.de/KLEIN28_2023/0561586/12563490-11_digital-image.png?impolicy=s-offers&imwidth=200&output-format=image/webp,,https://shop.rewe.de/productList?search=2832136,,"Kl. I , je 125-g-Schale , (1 kg = 14.32)",Aktion,"1,79 €",nan,Kurfürstenanlage 6,Rewe,Obst & Gemüse,2023-07-09,"Gültig ab morgen bis Samstag, 15.07.2023"
Gelb- oder weißfleischige Bio Nektarinen,https://img.rewe-static.de/KLEIN28_2023/0429803/31335233-4_digital-image.png?impolicy=s-offers&imwidth=200&output-format=image/webp,,https://shop.rewe.de/productList?search=2832136,,"Kl. II , je 1 kg",,"3,99 €",nan,Kurfürstenanlage 6,Rewe,Obst & Gemüse,2023-07-09,"Gültig ab morgen bis Samstag, 15.07.2023"
Bio Bananen,https://img.rewe-static.de/KLEIN28_2023/7708685/30177546-11_digital-image.png?impolicy=s-offers&imwidth=200&output-format=image/webp,,https://shop.rewe.de/productList?search=2832136,,je 1 kg,,"1,79 €",nan,Kurfürstenanlage 6,Rewe,Obst & Gemüse,2023-07-09,"Gültig ab morgen bis Samstag, 15.07.2023"
Mini Rispentomaten,https://img.rewe-static.de/KLEIN28_2023/1365342/31264784-8_digital-image.png?impolicy=s-offers&imwidth=200&output-format=image/webp,,https://shop.rewe.de/productList?search=2832136,,"Kl. I , je 350-g-Schale , (1 kg = 4.26)",Aktion,"1,49 €",nan,Kurfürstenanlage 6,Rewe,Obst & Gemüse,2023-07-09,"Gültig ab morgen bis Samstag, 15.07.2023"
Rispentomaten,https://img.rewe-static.de/KLEIN28_2023/2061181/34638052-8_digital-image.png?impolicy=s-offers&imwidth=200&output-format=image/webp,,https://shop.rewe.de/productList?search=2832136,,"Kl. I , je 1 kg",Aktion,"0,89 €",nan,Kurfürstenanlage 6,Rewe,Obst & Gemüse,2023-07-09,"Gültig ab morgen bis Samstag, 15.07.2023"
Paprika Mix,https://img.rewe-static.de/KLEIN28_2023/1913973/20938720-3_digital-image.png?impolicy=s-offers&imwidth=200&output-format=image/webp,,https://shop.rewe.de/productList?search=2832136,,"Kl. I , je 500-g-Pckg , (1 kg = 3.38)",Aktion,"1,69 €",nan,Kurfürstenanlage 6,Rewe,Obst & Gemüse,2023-07-09,"Gültig ab morgen bis Samstag, 15.07.2023"
Bio Bunte Salate,https://img.rewe-static.de/KLEIN28_2023/0146421/27990259-3_digital-image.png?impolicy=s-offers&imwidth=200&output-format=image/webp,,https://shop.rewe.de/productList?search=2832136,,"Kl. II , je St",,"1,99 €",nan,Kurfürstenanlage 6,Rewe,Obst & Gemüse,2023-07-09,"Gültig ab morgen bis Samstag, 15.07.2023"
Avocados,https://img.rewe-static.de/KLEIN28_2023/8906591/33086431-2_digital-image.png?impolicy=s-offers&imwidth=200&output-format=image/webp,,https://shop.rewe.de/productList?search=2832136,,"»Hass«, Kl. I , je 700-g-Netz , (1 kg = 2.84)",Aktion,"1,99 €",nan,Kurfürstenanlage 6,Rewe,Obst & Gemüse,2023-07-09,"Gültig ab morgen bis Samstag, 15.07.2023"
Speisemöhren,https://img.rewe-static.de/KLEIN28_2023/8108969/34636887-3_digital-image.png?impolicy=s-offers&imwidth=200&output-format=image/webp,,https://shop.rewe.de/productList?search=2832136,,"Kl. I , je 1-kg-Btl",Aktion,"1,29 €",nan,Kurfürstenanlage 6,Rewe,Obst & Gemüse,2023-07-09,"Gültig ab morgen bis Samstag, 15.07.2023"
Speisekartoffeln,https://img.rewe-static.de/KLEIN28_2023/8019779/33066527-3_digital-image.png?impolicy=s-offers&imwidth=200&output-format=image/webp,,https://shop.rewe.de/productList?search=2832136,,"Sorte, Kocheigenschaft und Ursprung: siehe Etikett, Qualität I , je 2-kg-Netz , (1 kg = 1.50)",Aktion,"2,99 €",nan,Kurfürstenanlage 6,Rewe,Obst & Gemüse,2023-07-09,"Gültig ab morgen bis Samstag, 15.07.2023"
Rote Bio Tafeläpfel,https://img.rewe-static.de/KLEIN28_2023/3366162/30888510-8_digital-image.png?impolicy=s-offers&imwidth=200&output-format=image/webp,,https://shop.rewe.de/productList?search=2832136,,"Sorte: siehe Etikett, Kl. II , je 1-kg-Netz",,"1,99 €",nan,Kurfürstenanlage 6,Rewe,Obst & Gemüse,2023-07-09,"Gültig ab morgen bis Samstag, 15.07.2023"
Plattnektarinen,https://img.rewe-static.de/KLEIN28_2023/2454901/12387090-12_digital-image.png?impolicy=s-offers&imwidth=200&output-format=image/webp,,https://shop.rewe.de/productList?search=2832136,,"Kl. I , je 500-g-Schale , (1 kg = 3.98)",Aktion,"1,99 €","b'ProduktbeschreibungArtikelnummer 2454901Spanien; Klasse I; Ursprungsland und Klasse k\xc3\xb6nnen je nach Angebot abweichen. \n\nSind im online Shop bei einem Produkt alternative Herkunftsl\xc3\xa4nder angegeben, so gilt das an der Ware ausgezeichnete Herkunftsland, welches Sie bei Warenlieferung \xc3\xbcberpr\xc3\xbcfen k\xc3\xb6nnen. ArtikeldetailsUrsprungsland: SpanienF\xc3\xbcr die vorstehenden Angaben wird keine Haftung \xc3\xbcbernommen. Bitte pr\xc3\xbcfen Sie im Einzelfall die Angaben auf der jeweiligen Produktverpackung, nur diese sind verbindlich.Das Produktdesign kann von der Abbildung abweichen.'",Kurfürstenanlage 6,Rewe,Obst & Gemüse,2023-07-09,"Gültig ab morgen bis Samstag, 15.07.2023"
Eisbergsalat,https://img.rewe-static.de/KLEIN28_2023/1366237/36750087-3_digital-image.png?impolicy=s-offers&imwidth=200&output-format=image/webp,,https://shop.rewe.de/productList?search=2832136,,"Kl. I , je St",Aktion,"0,75 €",nan,Kurfürstenanlage 6,Rewe,Obst & Gemüse,2023-07-09,"Gültig ab morgen bis Samstag, 15.07.2023"
Radieschen,https://img.rewe-static.de/KLEIN28_2023/6909086/4732590-14_digital-image.png?impolicy=s-offers&imwidth=200&output-format=image/webp,,https://shop.rewe.de/productList?search=2832136,,"Kl. I , je Bund",Aktion,"0,49 €",nan,Kurfürstenanlage 6,Rewe,Obst & Gemüse,2023-07-09,"Gültig ab morgen bis Samstag, 15.07.2023"
Rote Stachelbeeren oder Rote Johannisbeeren,https://img.rewe-static.de/KLEIN28_2023/8399383/8570030-27_digital-image.png?impolicy=s-offers&imwidth=200&output-format=image/webp,,https://shop.rewe.de/productList?search=2832136,,"Kl. I , je z.B. 500 g , (1 kg = 4.98)",Aktion,"2,49 €",nan,Kurfürstenanlage 6,Rewe,Obst & Gemüse,2023-07-09,"Gültig ab morgen bis Samstag, 15.07.2023"
Bio Zucchini,https://img.rewe-static.de/KLEIN28_2023/8181276/29354659-9_digital-image.png?impolicy=s-offers&imwidth=200&output-format=image/webp,,https://shop.rewe.de/productList?search=2832136,,"Kl. II , je 500-g-Pckg , (1 kg = 2.58)",,"1,29 €",nan,Kurfürstenanlage 6,Rewe,Obst & Gemüse,2023-07-09,"Gültig ab morgen bis Samstag, 15.07.2023"
Gelb- oder weißfleischige Pfirsiche,https://img.rewe-static.de/KLEIN28_2023/7126212/31363907-4_digital-image.png?impolicy=s-offers&imwidth=200&output-format=image/webp,,https://shop.rewe.de/productList?search=2832136,,"Kl. I , je 1-kg-Schale",Aktion,"1,69 €",nan,Kurfürstenanlage 6,Rewe,Obst & Gemüse,2023-07-09,"Gültig ab morgen bis Samstag, 15.07.2023"
Dunkle Pflaumen,https://img.rewe-static.de/KLEIN28_2023/7673066/20190760-11_digital-image.png?impolicy=s-offers&imwidth=200&output-format=image/webp,,https://shop.rewe.de/productList?search=2832136,,"Kl. I , je 500-g-Schale , (1 kg = 3.38)",Aktion,"1,69 €",nan,Kurfürstenanlage 6,Rewe,Obst & Gemüse,2023-07-09,"Gültig ab morgen bis Samstag, 15.07.2023"
10% Rabatt auf alle REWE Beste Wahl Produkte,https://img.rewe-static.de/REWE_TH25_2023/8939024/39291866-9_digital-image.png?impolicy=s-offers&imwidth=200&output-format=image/webp,,https://shop.rewe.de/productList?search=2832136,,Beim Kauf von mindestens 2 Produkten,App Deal,-10%,nan,Kurfürstenanlage 6,Rewe,Mit der REWE App sparen,2023-07-09,"Gültig ab morgen bis Samstag, 15.07.2023"
Freixenet Produkten,https://img.rewe-static.de/KLEIN28_2023/8467214/31461078-22_digital-image.png?impolicy=s-offers&imwidth=200&output-format=image/webp,20fach Punkte,https://shop.rewe.de/productList?search=2832136,im Gesamtwert von über 2 €,,,,nan,Kurfürstenanlage 6,Rewe,PAYBACK Punkte Highlights,2023-07-09,"Gültig ab morgen bis Samstag, 15.07.2023"
Batterien Energizer/Duracell,https://img.rewe-static.de/KLEIN28_2023/7996783/40194438-6_digital-image.png?impolicy=s-offers&imwidth=200&output-format=image/webp,10fach Punkte,https://shop.rewe.de/productList?search=2832136,im Gesamtwert von über 2 €,,,,nan,Kurfürstenanlage 6,Rewe,PAYBACK Punkte Highlights,2023-07-09,"Gültig ab morgen bis Samstag, 15.07.2023"
Ültje Produkten,https://img.rewe-static.de/KLEIN28_2023/7884382/33479751-4_digital-image.png?impolicy=s-offers&imwidth=200&output-format=image/webp,30fach Punkte,https://shop.rewe.de/productList?search=2832136,im Gesamtwert von über 2 €,,,,nan,Kurfürstenanlage 6,Rewe,PAYBACK Punkte Highlights,2023-07-09,"Gültig ab morgen bis Samstag, 15.07.2023"
Capri Sun Produkten,https://img.rewe-static.de/KLEIN28_2023/0194646/26222775-19_digital-image.png?impolicy=s-offers&imwidth=200&output-format=image/webp,20fach Punkte,https://shop.rewe.de/productList?search=2832136,im Gesamtwert von über 2 €,,,,nan,Kurfürstenanlage 6,Rewe,PAYBACK Punkte Highlights,2023-07-09,"Gültig ab morgen bis Samstag, 15.07.2023"
Schweine-Filet,https://img.rewe-static.de/KLEIN28_2023/2532018/34373114-10_digital-image.png?impolicy=s-offers&imwidth=200&output-format=image/webp,,https://shop.rewe.de/productList?search=2832136,,je 100 g,Knaller,"0,88 €","b'ProduktbeschreibungArtikelnummer 2532018Das beste St\xc3\xbcck vom Schwein, ideal auch f\xc3\xbcr Medaillons; SB-verpackt. Ursprung: Deutschland. Um einen Hinweis zur tats\xc3\xa4chlichen Herkunft zu erhalten, beachten Sie bitte die Angaben auf der Ihnen gelieferten Ware selbst; nur diese sind ma\xc3\x9fgeblich wie auch verbindlich. VOR DEM VERZEHR GUT DURCHGAREN. NICHT ZUM ROHVERZEHR GEEIGNET. Die Haltbarkeit des Produktes ist bis zum angegebenen Datum durch die Einhaltung der angegebenen Temperatur gesichert. Bei einer Unterbrechung der K\xc3\xbchlkette \xc3\xbcber +4 \xc2\xb0C, empfehlen wir Ihnen den Verzehr am Tag des Einkaufes. Nach \xc3\x96ffnen der Packung Ware noch am selben Tag verwenden.... mehr anzeigenZutaten & AllergeneZutaten: -  -N\xc3\xa4hrwerteDurchschnittliche N\xc3\xa4hrwertepro 100 gEnergie448 kJEnergie106 kcalFett2 gFett, davon ges\xc3\xa4ttigte Fetts\xc3\xa4uren0,7 gKohlenhydrate0 gKohlenhydrate, davon Zucker0 gBallaststoffe0 gEiwei\xc3\x9f22 gSalz0,19 gArtikeldetailsMarke: Wilhelm BrandenburgNachhaltigkeitWeitere Informationen zu den Siegeln findest du in unserer Siegelkunde.Maximale Bestellmenge: 15 St\xc3\xbcckF\xc3\xbcr die vorstehenden Angaben wird keine Haftung \xc3\xbcbernommen. Bitte pr\xc3\xbcfen Sie im Einzelfall die Angaben auf der jeweiligen Produktverpackung, nur diese sind verbindlich.Das Produktdesign kann von der Abbildung abweichen.'",Kurfürstenanlage 6,Rewe,Frische & Convenience,2023-07-09,"Gültig ab morgen bis Samstag, 15.07.2023"
Rote Wurst,https://img.rewe-static.de/KLEIN28_2023/7731883/23270769-10_digital-image.png?impolicy=s-offers&imwidth=200&output-format=image/webp,,https://shop.rewe.de/productList?search=2832136,,je 100 g,Aktion,"0,88 €","b'ProduktbeschreibungArtikelnummer 7731883Frisch f\xc3\xbcr dich aus unserer Servicetheke.\n\nZutaten: Schweinefleisch 80%, Wasser, Speck, jodiertes Speisesalz (Speisesalz, Kaliumjodat), Konservierungsstoff (Natriumnitrit), Gew\xc3\xbcrze, Stabilisatoren (Natriumcitrate, Diphosphate), Dextrose, Antioxidationsmittel (Ascorbins\xc3\xa4ure) , Gew\xc3\xbcrzextrakte, Maltodextrin, Schweinedarm, Rauch.\n\nKann Spuren von GLUTEN, MILCH und SENF enthalten.\n\nN\xc3\xa4hrwerte je 100g:\nEnergie: 1179kJ\nEnergie: 285kcal\nFett: 26g\nFett, davon ges\xc3\xa4ttigte Fetts\xc3\xa4uren: 12g\nKohlenhydrate: 0,5g\nKohlenhydrate, davon Zucker: 0,5g\nEiwei\xc3\x9f: 12g\nSalz: 2,2g... mehr anzeigenArtikeldetailsMarke: Wilhelm BrandenburgMaximale Bestellmenge: 15 St\xc3\xbcckF\xc3\xbcr die vorstehenden Angaben wird keine Haftung \xc3\xbcbernommen. Bitte pr\xc3\xbcfen Sie im Einzelfall die Angaben auf der jeweiligen Produktverpackung, nur diese sind verbindlich.Das Produktdesign kann von der Abbildung abweichen.Bei abgewogenen Waren zahlen Sie die im Markt tats\xc3\xa4chlich gewogene Menge. Der bei Abholung oder Lieferung zu zahlende Betrag kann deshalb von dem hier angegebenen Betrag abweichen. F\xc3\xbcr die Berechnung des hier angegebenen Betrags wird ein Durchschnittsgewicht des jeweiligen Artikels zu Grunde gelegt.'",Kurfürstenanlage 6,Rewe,Frische & Convenience,2023-07-09,"Gültig ab morgen bis Samstag, 15.07.2023"
Bresso Kräuter der Provence,https://img.rewe-static.de/KLEIN28_2023/4533135/9167380-57_digital-image.png?impolicy=s-offers&imwidth=200&output-format=image/webp,,https://shop.rewe.de/productList?search=2832136,,"60% Fett i.Tr. , je 150-g-Pckg , (1 kg = 9.27)",Aktion,"1,39 €","b'ProduktbeschreibungArtikelnummer 4533135Die Qualit\xc3\xa4t der exklusiv von BRESSO entwickelten Kr\xc3\xa4uter-Mischung wird durch die Auswahl eigener Setzlinge und deren Anbau in der Provence garantiert. BRESSO steht f\xc3\xbcr unbeschwerten Frischk\xc3\xa4se-Genuss & provenzalisch-mediterrane Lebensweise. \nDie hohe Qualit\xc3\xa4t der vielf\xc3\xa4ltigen Zutaten kombiniert mit locker aufgeschlagenem Frischk\xc3\xa4se machen unseren BRESSO so besonders.\nDie Qualit\xc3\xa4t der exklusiv von BRESSO verwendeten Kr\xc3\xa4uter wird durch die Auswahl eigener Setzlinge & deren Anbau in der Provence garantiert. \nBRESSO. BESTE ZUTATEN IN LUFTIG-LOCKEREN FRISCHK\xc3\x84SE.\nOHNE GENTECHNIK, gem\xc3\xa4\xc3\x9f dem deutschen EG-Gentechnik-Durchf\xc3\xbchrungsgesetz.Zutaten & AllergeneZutaten: FRISCHK\xc3\x84SE, CREME FRA\xc3\x8eCHE, BUTTER, Kr\xc3\xa4uter der Provence, Kr\xc3\xa4uter, St\xc3\xa4rke, Gew\xc3\xbcrze, Speisesalz, nat\xc3\xbcrliche Aromen, Stickstoff zum Aufschlagen. Kann Spuren von Sellerie enthalten.Allergenhinweise: MilchEnth\xc3\xa4lt: Milch und Milcherzeugnisse (einschlie\xc3\x9flich Lactose). Kann enthalten: Sellerie und Sellerieerzeugnisse.N\xc3\xa4hrwerteDurchschnittliche N\xc3\xa4hrwerteUnzubereitet pro 100 gEnergie974 kJEnergie235 kcalFett21 gFett, davon ges\xc3\xa4ttigte Fetts\xc3\xa4uren14 gKohlenhydrate4,4 gKohlenhydrate, davon Zucker2,8 gEiwei\xc3\x9f7,2 gSalz1,1 gHinweiseAufbewahrungs- und Verwendungshinweis: Bei +2\xc2\xb0C bis +8\xc2\xb0C mindestens haltbar bis: siehe VerpackungsaufdruckInformation: 62% Fett i.Tr./F.i.T.ArtikeldetailsMarke: BressoUrsprungsland: DeutschlandKontaktKontaktname: Edelweiss GmbH & Co.KGKontaktadresse: D-87435 Kempten/Allg\xc3\xa4uMaximale Bestellmenge: 15 St\xc3\xbcckF\xc3\xbcr die vorstehenden Angaben wird keine Haftung \xc3\xbcbernommen. Bitte pr\xc3\xbcfen Sie im Einzelfall die Angaben auf der jeweiligen Produktverpackung, nur diese sind verbindlich.Das Produktdesign kann von der Abbildung abweichen.'",Kurfürstenanlage 6,Rewe,Frische & Convenience,2023-07-09,"Gültig ab morgen bis Samstag, 15.07.2023"
"Zwiebelmettwurst, Zwiebelmettwurst-kugel oder Puten-zwiebelmettwurst",https://img.rewe-static.de/KLEIN28_2023/7225733/30597714-6_digital-image.png?impolicy=s-offers&imwidth=200&output-format=image/webp,,https://shop.rewe.de/productList?search=2832136,,je 100 g,Aktion,"1,49 €","b'ProduktbeschreibungArtikelnummer 7225733Frisch f\xc3\xbcr dich aus unserer Servicetheke. \n \nZutaten: 91 % Schweinefleisch, S\xc3\xa4ureregulator Kaliumlactrat, jodiertes Nitritp\xc3\xb6kelsalz (Speisesalz), Konservierungsstoff Natriumnitrit, S\xc3\xa4uerungsmittel: MILCHS\xc3\x84URE, Zwiebeln, Trockenglukosesirup, Verdickungsmittel: Guarkernmehl, Johannisbrotkernmehl, Xanthan, Gew\xc3\xbcrze (enth\xc3\xa4lt SELLERIE), Dextrose, Geschmacksverst\xc3\xa4rker: Mononatriumglutamat, Antioxidationsmittel: Natriumascorbat, Ascorbins\xc3\xa4ure. \n \nKann Spuren von SENF enthalten. \n \nN\xc3\xa4hrwerte je 100g: \nEnergie: 655kJ \nEnergie: 157kcal \nFett: 8,5g \nFett, davon ges\xc3\xa4ttigt: 4,5g \nKohlenhydrate: 1g \nKohlenhydrate, davon Zucker: 1g \nEiwei\xc3\x9f: 19g \nSalz: 2,5g... mehr anzeigenZutaten & AllergeneAllergenhinweise: nullN\xc3\xa4hrwerteDurchschnittliche N\xc3\xa4hrwerteUnzubereitet pro 100 gEnergie655 kJEnergie157 kcalFett8,5 gFett, davon ges\xc3\xa4ttigte Fetts\xc3\xa4uren4,5 gKohlenhydrate1 gKohlenhydrate, davon Zucker1 gEiwei\xc3\x9f19 gSalz2,5 gArtikeldetailsMarke: Wilhelm BrandenburgMaximale Bestellmenge: 15 St\xc3\xbcckF\xc3\xbcr die vorstehenden Angaben wird keine Haftung \xc3\xbcbernommen. Bitte pr\xc3\xbcfen Sie im Einzelfall die Angaben auf der jeweiligen Produktverpackung, nur diese sind verbindlich.Das Produktdesign kann von der Abbildung abweichen.Bei abgewogenen Waren zahlen Sie die im Markt tats\xc3\xa4chlich gewogene Menge. Der bei Abholung oder Lieferung zu zahlende Betrag kann deshalb von dem hier angegebenen Betrag abweichen. F\xc3\xbcr die Berechnung des hier angegebenen Betrags wird ein Durchschnittsgewicht des jeweiligen Artikels zu Grunde gelegt.'",Kurfürstenanlage 6,Rewe,Frische & Convenience,2023-07-09,"Gültig ab morgen bis Samstag, 15.07.2023"
Virginia Pfefferschinken,https://img.rewe-static.de/KLEIN28_2023/1428942/37769208-6_digital-image.png?impolicy=s-offers&imwidth=200&output-format=image/webp,,https://shop.rewe.de/productList?search=2832136,,"geräuchert und luftgetrocknet, besonders mild , je 100 g",Aktion,"2,79 €","b'ProduktbeschreibungArtikelnummer 1428942Frisch f\xc3\xbcr dich aus unserer Servicetheke. \n \nZutaten: Schweinefleisch, Speisesalz, Dextrose, Maltodextrin, Gew\xc3\xbcrze, Kr\xc3\xa4uter, Kr\xc3\xa4uterextrakte, S\xc3\xa4ureregulator: Natriumlactat, Geschmacksverst\xc3\xa4rker: Mononatriumglutamat, Antioxidationsmittel: Natriumascorbat, Konservierungsstoff: Natriumnitrit, Kaliumnitrat, Fermente, Raucharoma, Rauch. \n \nPfefferh\xc3\xbclle: Pfeffer, St\xc3\xa4rke, MILCHPULVER, Schweinegelatine, Konservierungsstoff: Kaliumsorbat. \n \n100g Produkt bereitet aus 135g Fleisch und 4g Pfeffer. Zutaten & AllergeneAllergenhinweise: nullN\xc3\xa4hrwerteDurchschnittliche N\xc3\xa4hrwerteUnzubereitet pro 100 gEnergie602 kJEnergie143 kcalFett3 gFett, davon ges\xc3\xa4ttigte Fetts\xc3\xa4uren1,1 gKohlenhydrate0,9 gKohlenhydrate, davon Zucker0,9 gEiwei\xc3\x9f28 gSalz4,4 gMaximale Bestellmenge: 15 St\xc3\xbcckF\xc3\xbcr die vorstehenden Angaben wird keine Haftung \xc3\xbcbernommen. Bitte pr\xc3\xbcfen Sie im Einzelfall die Angaben auf der jeweiligen Produktverpackung, nur diese sind verbindlich.Das Produktdesign kann von der Abbildung abweichen.'",Kurfürstenanlage 6,Rewe,Frische & Convenience,2023-07-09,"Gültig ab morgen bis Samstag, 15.07.2023"
Ananas,https://img.rewe-static.de/KLEIN28_2023/7718364/38355056-8_digital-image.png?impolicy=s-offers&imwidth=200&output-format=image/webp,,https://shop.rewe.de/productList?search=2832136,,"ganz, geschält , je 400-g-Becher , (1 kg = 6.98)",Aktion,"2,79 €",nan,Kurfürstenanlage 6,Rewe,Frische & Convenience,2023-07-09,"Gültig ab morgen bis Samstag, 15.07.2023"
Lamm-Keule,https://img.rewe-static.de/KLEIN28_2023/0499226/3251580-11_digital-image.png?impolicy=s-offers&imwidth=200&output-format=image/webp,,https://shop.rewe.de/productList?search=2832136,,"mit Röhrenknochen, SB-verpackt , je 1 kg",Aktion,"11,99 €",nan,Kurfürstenanlage 6,Rewe,Frische & Convenience,2023-07-09,"Gültig ab morgen bis Samstag, 15.07.2023"
Rinder-Filet,https://img.rewe-static.de/KLEIN28_2023/3455289/39482382-2_digital-image.png?impolicy=s-offers&imwidth=200&output-format=image/webp,,https://shop.rewe.de/productList?search=2832136,,"am Stück oder in Scheiben , je 100 g",Aktion,"4,99 €","b'ProduktbeschreibungArtikelnummer 3455289Frisch f\xc3\xbcr dich aus unserer Servicetheke. F\xc3\xbcr die vorstehenden Angaben wird keine Haftung \xc3\xbcbernommen. Bitte pr\xc3\xbcfen Sie im Einzelfall die Angaben auf der jeweiligen Produktverpackung, nur diese sind verbindlich.Das Produktdesign kann von der Abbildung abweichen.'",Kurfürstenanlage 6,Rewe,Frische & Convenience,2023-07-09,"Gültig ab morgen bis Samstag, 15.07.2023"
Butcher’s Burger Patties,https://img.rewe-static.de/KLEIN28_2023/7938024/33031415-14_digital-image.png?impolicy=s-offers&imwidth=200&output-format=image/webp,,https://shop.rewe.de/productList?search=2832136,,"vom Rind, versch. Sorten , je 230-g-Pckg , (1 kg = 15.17)",Aktion,"3,49 €","ProduktbeschreibungArtikelnummer 7938024Zutaten & AllergeneZutaten: Rindfleisch 98 %, Speisesalz, Gewürze, Gewürzextrakte, Antioxidationsmittel Ascorbinsäure.  Kann Spuren von Senf und Sellerie enthalten.NährwerteDurchschnittliche Nährwertepro 100 gEnergie1.038 kJEnergie250 kcalFett20 gFett, davon gesättigte Fettsäuren8 gKohlenhydrate0,5 gKohlenhydrate, davon Zucker0,5 gBallaststoffe0 gEiweiß17 gSalz1,5 gArtikeldetailsMarke: Butcher's BurgerFür die vorstehenden Angaben wird keine Haftung übernommen. Bitte prüfen Sie im Einzelfall die Angaben auf der jeweiligen Produktverpackung, nur diese sind verbindlich.Das Produktdesign kann von der Abbildung abweichen.",Kurfürstenanlage 6,Rewe,Frische & Convenience,2023-07-09,"Gültig ab morgen bis Samstag, 15.07.2023"
Meica Bratmaxe,https://img.rewe-static.de/KLEIN28_2023/8559132/32684863-3_digital-image.png?impolicy=s-offers&imwidth=200&output-format=image/webp,,https://shop.rewe.de/productList?search=2832136,,"für Grill & Pfanne, versch. Sorten , je 560-g-Pckg , (1 kg = 10.70)",Aktion,"5,99 €",nan,Kurfürstenanlage 6,Rewe,Frische & Convenience,2023-07-09,"Gültig ab morgen bis Samstag, 15.07.2023"
Lammkeulen-Scheiben,https://img.rewe-static.de/KLEIN28_2023/8766589/40055970-2_digital-image.png?impolicy=s-offers&imwidth=200&output-format=image/webp,,https://shop.rewe.de/productList?search=2832136,,"in Kräuterbutter-Marinade, mit Knochen, SB-verpackt , je 1 kg",Aktion,"19,90 €","ProduktbeschreibungArtikelnummer 8766589Zutaten & AllergeneZutaten: Lammfleisch mit Knochen 94 %, Marinade 6 % (Rapsöl, Speisesalz, Gewürze (enthalten SENF), Butter, Kräuter, Palmfett, Gewürzextrakte).  SellerieNährwerteDurchschnittliche Nährwertepro 100 gEnergie599 kJEnergie143 kcalFett7 gFett, davon gesättigte Fettsäuren2,6 gKohlenhydrate1 gKohlenhydrate, davon Zucker1 gBallaststoffe0 gEiweiß19 gSalz1,2 gFür die vorstehenden Angaben wird keine Haftung übernommen. Bitte prüfen Sie im Einzelfall die Angaben auf der jeweiligen Produktverpackung, nur diese sind verbindlich.Das Produktdesign kann von der Abbildung abweichen.",Kurfürstenanlage 6,Rewe,Frische & Convenience,2023-07-09,"Gültig ab morgen bis Samstag, 15.07.2023"
Aoste Ringsalami,https://img.rewe-static.de/KLEIN28_2023/2152240/2456630-90_digital-image.png?impolicy=s-offers&imwidth=200&output-format=image/webp,,https://shop.rewe.de/productList?search=2832136,,"luftgetrocknet , je 250-g-Pckg , (1 kg = 17.96)",Aktion,"4,49 €","b'ProduktbeschreibungArtikelnummer 2152240Zutaten & AllergeneZutaten: Schweinefleisch, Salz, LAKTOSE, Dextrose, Zucker, Gew\xc3\xbcrze, Konservierungsstoffe: Kaliumnitrat, Natriumnitrit; Starterkulturen. Salami-H\xc3\xbclle nicht essbar. Bitte vor Verzehr entfernen. Kann Spuren von Schalenfr\xc3\xbcchten und Milcheiwei\xc3\x9fen enthalten. 100 g Salami werden aus 160 g Schweinefleisch hergestellt.Allergenhinweise: Enth\xc3\xa4lt LAKTOSE.Enth\xc3\xa4lt: Milchzucker (Laktose). Kann enthalten: N\xc3\xbcsse und Nusserzeugnisse. Milch und Milcherzeugnisse (einschlie\xc3\x9flich Lactose).N\xc3\xa4hrwerteDurchschnittliche N\xc3\xa4hrwerteUnzubereitet pro 100 gEnergie1.845 kJEnergie445 kcalFett37 gFett, davon ges\xc3\xa4ttigte Fetts\xc3\xa4uren15 gKohlenhydrate2 gKohlenhydrate, davon Zucker1,5 gEiwei\xc3\x9f26 gSalz5 gHinweiseAufbewahrungs- und Verwendungshinweis: Vor Hitze sch\xc3\xbctzen und trocken lagern. Nach dem \xc3\x96ffnen innerhalb kurzer Zeit verzehren.Information: Unter Schutzatmosph\xc3\xa4re verpackt.Salami-H\xc3\xbclle nicht essbar. Bitte vor Verzehr entfernen.Identit\xc3\xa4tskennzeichen: FR 69.238.001 CEArtikeldetailsMarke: AosteUrsprungsland: FrankreichPackungsgr\xc3\xb6\xc3\x9fe: 250gKontaktKontaktname: Aoste SNCKontaktadresse: Hameau de Saint Didier - RD 592 - 38490 Aoste - FranceMaximale Bestellmenge: 15 St\xc3\xbcckF\xc3\xbcr die vorstehenden Angaben wird keine Haftung \xc3\xbcbernommen. Bitte pr\xc3\xbcfen Sie im Einzelfall die Angaben auf der jeweiligen Produktverpackung, nur diese sind verbindlich.Das Produktdesign kann von der Abbildung abweichen.'",Kurfürstenanlage 6,Rewe,Frische & Convenience,2023-07-09,"Gültig ab morgen bis Samstag, 15.07.2023"
Schweine-Nacken,https://img.rewe-static.de/KLEIN28_2023/3468321/29796119-6_digital-image.png?impolicy=s-offers&imwidth=200&output-format=image/webp,,https://shop.rewe.de/productList?search=2832136,,"ohne Knochen, am Stück oder in Scheiben, Haltungsform 2 , je 100 g",Aktion,"0,69 €","b'ProduktbeschreibungArtikelnummer 3468321Frisch f\xc3\xbcr dich aus unserer Servicetheke. NachhaltigkeitWeitere Informationen zu den Siegeln findest du in unserer Siegelkunde.F\xc3\xbcr die vorstehenden Angaben wird keine Haftung \xc3\xbcbernommen. Bitte pr\xc3\xbcfen Sie im Einzelfall die Angaben auf der jeweiligen Produktverpackung, nur diese sind verbindlich.Das Produktdesign kann von der Abbildung abweichen.'",Kurfürstenanlage 6,Rewe,Frische & Convenience,2023-07-09,"Gültig ab morgen bis Samstag, 15.07.2023"
Grünländer mild & nussig,https://img.rewe-static.de/KLEIN28_2023/4092074/34973807-8_digital-image.png?impolicy=s-offers&imwidth=200&output-format=image/webp,,https://shop.rewe.de/productList?search=2832136,,"Schnittkäse, 48% Fett i.Tr. , je 100 g",Aktion,"0,99 €","b'ProduktbeschreibungArtikelnummer 4092074Frisch f\xc3\xbcr dich aus unserer Servicetheke. \n \nZutaten: pasteurisierte MILCH, Farbstoff: Beta-Carotin, mikrobielles Lab, Kulturen, Speisesalz. \n \nLaktosefrei* \n*Laktosegehalt: unter 0, 1g/100g \n \nRinde zum Verzehr geeignet! Zutaten & AllergeneAllergenhinweise: nullN\xc3\xa4hrwerteDurchschnittliche N\xc3\xa4hrwerteUnzubereitet pro 100 gEnergie1.481 kJEnergie357 kcalFett29 gFett, davon ges\xc3\xa4ttigte Fetts\xc3\xa4uren19 gKohlenhydrate0,1 gKohlenhydrate, davon Zucker0,1 gEiwei\xc3\x9f24 gSalz0,8 gArtikeldetailsMarke: Gr\xc3\xbcnl\xc3\xa4nderMaximale Bestellmenge: 15 St\xc3\xbcckF\xc3\xbcr die vorstehenden Angaben wird keine Haftung \xc3\xbcbernommen. Bitte pr\xc3\xbcfen Sie im Einzelfall die Angaben auf der jeweiligen Produktverpackung, nur diese sind verbindlich.Das Produktdesign kann von der Abbildung abweichen.'",Kurfürstenanlage 6,Rewe,Frische & Convenience,2023-07-09,"Gültig ab morgen bis Samstag, 15.07.2023"
Salakis Schafskäse Natur,https://img.rewe-static.de/KLEIN28_2023/8874226/37902848-5_digital-image.png?impolicy=s-offers&imwidth=200&output-format=image/webp,,https://shop.rewe.de/productList?search=2832136,,"je 180-g-Pckg , (1 kg = 9.94)",Aktion,"1,79 €","b'ProduktbeschreibungArtikelnummer 8874226Zutaten & AllergeneZutaten: pasteurisierte SchafMILCH, Lab, SalzAllergenhinweise: Enth\xc3\xa4lt: Milch und Milcherzeugnisse (einschlie\xc3\x9flich Lactose).N\xc3\xa4hrwerteDurchschnittliche N\xc3\xa4hrwerteUnzubereitet pro 100 gEnergie1.126 kJEnergie272 kcalFett23 gFett, davon ges\xc3\xa4ttigte Fetts\xc3\xa4uren16 gKohlenhydrate0,8 gKohlenhydrate, davon Zucker0,8 gEiwei\xc3\x9f16 gSalz2,8 gHinweiseAufbewahrungs- und Verwendungshinweis: bei 8\xc2\xb0C mindestens haltbar bis: siehe Verpackungsaufdruck: tt.mm.jjjjArtikeldetailsMarke: SalakisNettof\xc3\xbcllmenge: 180 GUrsprungsland: FrankreichKontaktKontaktname: Lactalis Deutschland GmbHKontaktadresse: Am Yachthafen 2, 77694 KehlMaximale Bestellmenge: 15 St\xc3\xbcckF\xc3\xbcr die vorstehenden Angaben wird keine Haftung \xc3\xbcbernommen. Bitte pr\xc3\xbcfen Sie im Einzelfall die Angaben auf der jeweiligen Produktverpackung, nur diese sind verbindlich.Das Produktdesign kann von der Abbildung abweichen.'",Kurfürstenanlage 6,Rewe,Frische & Convenience,2023-07-09,"Gültig ab morgen bis Samstag, 15.07.2023"
Arla Finello Gratinkäse,https://img.rewe-static.de/KLEIN28_2023/0674328/21064797-16_digital-image.png?impolicy=s-offers&imwidth=200&output-format=image/webp,,https://shop.rewe.de/productList?search=2832136,,"dän. Reibekäse , je 150-g-Pckg , (1 kg = 9.93)",Aktion,"1,49 €","b'ProduktbeschreibungArtikelnummer 674328Zutaten & AllergeneZutaten: K\xc3\x84SE, Kartoffelst\xc3\xa4rke.Allergenhinweise: Enth\xc3\xa4lt: Milch und Milcherzeugnisse (einschlie\xc3\x9flich Lactose).N\xc3\xa4hrwerteDurchschnittliche N\xc3\xa4hrwerteUnzubereitet pro 100 gEnergie1.305 kJEnergie314 kcalFett23 gFett, davon ges\xc3\xa4ttigte Fetts\xc3\xa4uren14 gKohlenhydrate2,8 gKohlenhydrate, davon Zucker0,6 gEiwei\xc3\x9f24 gSalz1,5 gHinweiseAufbewahrungs- und Verwendungshinweis: Nach dem \xc3\x96ffnen k\xc3\xbchl aufbewahren.Bei 8 \xc2\xb0C mindestens haltbar bis: siehe VerpackungsaufdruckInformation: Unter Schutzatmosph\xc3\xa4re verpackt.ArtikeldetailsMarke: ArlaUrsprungsland: D\xc3\xa4nemarkSorte: Gratink\xc3\xa4seKontaktKontaktname: Arla Foods ambaKontaktadresse: DK-8260 Viby JMaximale Bestellmenge: 15 St\xc3\xbcckF\xc3\xbcr die vorstehenden Angaben wird keine Haftung \xc3\xbcbernommen. Bitte pr\xc3\xbcfen Sie im Einzelfall die Angaben auf der jeweiligen Produktverpackung, nur diese sind verbindlich.Das Produktdesign kann von der Abbildung abweichen.'",Kurfürstenanlage 6,Rewe,Frische & Convenience,2023-07-09,"Gültig ab morgen bis Samstag, 15.07.2023"
Wiltmann Salami,https://img.rewe-static.de/KLEIN28_2023/4240936/6554940-38_digital-image.png?impolicy=s-offers&imwidth=200&output-format=image/webp,,https://shop.rewe.de/productList?search=2832136,,"versch. Sorten , je 80-g-Pckg , (1 kg = 16.13)",Aktion,"1,29 €","b'ProduktbeschreibungArtikelnummer 4240936Feinschmecker-Salami aus Rind- und Schweinefleisch. Zutaten & AllergeneZutaten: Schweinefleisch, Rindfleisch, jodierters Speisesalz (Speisesalz, Kaliumiodat), Traubenzucker, Trockenglucose, Gew\xc3\xbcrze, Gew\xc3\xbcrzextrakte, Antioxidationsmittel: Natriumascorbat; Konservierungsstoff: Natriumnitrit; Reifekulturen, Buchenholzrauch. 100g Salami, hergestellt aus 119g Schweinefleisch und 21g Rindfleisch.N\xc3\xa4hrwerteDurchschnittliche N\xc3\xa4hrwerteUnzubereitet pro 100 gEnergie1.474 kJEnergie355 kcalFett28,1 gFett, davon ges\xc3\xa4ttigte Fetts\xc3\xa4uren11 gKohlenhydrate1 gKohlenhydrate, davon Zucker1 gEiwei\xc3\x9f24,1 gSalz4,1 gHinweiseAufbewahrungs- und Verwendungshinweis: Bei maximal 7\xc2\xb0C unge\xc3\xb6ffnet mindestens haltbar bis: siehe VerpackungsaufdruckArtikeldetailsMarke: WiltmannUrsprungsland: DeutschlandKontaktKontaktname: Franz Wiltmann GmbH & Co. KGKontaktadresse: Wilhelm-Kleine-Strasse 16, D-33775 VersmoldMaximale Bestellmenge: 15 St\xc3\xbcckF\xc3\xbcr die vorstehenden Angaben wird keine Haftung \xc3\xbcbernommen. Bitte pr\xc3\xbcfen Sie im Einzelfall die Angaben auf der jeweiligen Produktverpackung, nur diese sind verbindlich.Das Produktdesign kann von der Abbildung abweichen.'",Kurfürstenanlage 6,Rewe,Frische & Convenience,2023-07-09,"Gültig ab morgen bis Samstag, 15.07.2023"
Bresso Feine Kräuter,https://img.rewe-static.de/KLEIN28_2023/0396707/3684540-43_digital-image.png?impolicy=s-offers&imwidth=200&output-format=image/webp,,https://shop.rewe.de/productList?search=2832136,,"60% Fett i.Tr. , je 120-g-Pckg , (1 kg = 11.58)",Aktion,"1,39 €","b""ProduktbeschreibungArtikelnummer 396707BRESSO steht f\xc3\xbcr unbeschwerten Frischk\xc3\xa4se-Genuss & provenzalisch-mediterrane Lebensweise. Eine Frischk\xc3\xa4se-Spezialit\xc3\xa4t mit feinen Kr\xc3\xa4utern veredelt und mit Knoblauch raffiniert abgerundet \xe2\x80\x93 unser Klassiker unter den BRESSO Frischk\xc3\xa4se-Portionen \xe2\x80\x93 mit aromatischer Geschmacksnote. Als Packung mit acht praktischen Portionen erh\xc3\xa4ltlich.Zutaten & AllergeneZutaten: FRISCHK\xc3\x84SE (pasteurisierte KUHMILCH, pasteurisierte SAHNE/RAHM), Speisesalz, Knoblauch, Kr\xc3\xa4uter, Pfeffer, Konservierungsstoff (Kaliumsorbat). Dieser Frischk\xc3\xa4se kann Spuren von Schalenfr\xc3\xbcchten und Ziegenmilch enthalten.Allergenhinweise: Frischk\xc3\xa4se, Kuhmilch, Sahne/RahmEnth\xc3\xa4lt: Milch und Milcherzeugnisse (einschlie\xc3\x9flich Lactose). Kann enthalten: N\xc3\xbcsse und Nusserzeugnisse.N\xc3\xa4hrwerteDurchschnittliche N\xc3\xa4hrwerteUnzubereitet pro 100 gEnergie1.391 kJEnergie337 kcalFett32 gFett, davon ges\xc3\xa4ttigte Fetts\xc3\xa4uren23 gKohlenhydrate3 gKohlenhydrate, davon Zucker2,4 gEiwei\xc3\x9f9,2 gSalz1,2 gHinweiseAufbewahrungs- und Verwendungshinweis: Bei +2\xc2\xb0C bis +8\xc2\xb0C mindestens haltbar bis: siehe VerpackungsaufdruckInformation: DoppelrahmstufeArtikeldetailsMarke: BressoUrsprungsland: FrankreichKontaktKontaktname: FromarsacKontaktadresse: Marsac sur L'Isle, 24052 P\xc3\xa9rigueux, Cedex 9, FranceMaximale Bestellmenge: 15 St\xc3\xbcckF\xc3\xbcr die vorstehenden Angaben wird keine Haftung \xc3\xbcbernommen. Bitte pr\xc3\xbcfen Sie im Einzelfall die Angaben auf der jeweiligen Produktverpackung, nur diese sind verbindlich.Das Produktdesign kann von der Abbildung abweichen.""",Kurfürstenanlage 6,Rewe,Frische & Convenience,2023-07-09,"Gültig ab morgen bis Samstag, 15.07.2023"
Rana Tortelloni,https://img.rewe-static.de/KLEIN28_2023/8657317/33918696-8_digital-image.png?impolicy=s-offers&imwidth=200&output-format=image/webp,,https://shop.rewe.de/productList?search=2832136,,"versch. Sorten , je 250-g-Pckg , (1 kg = 10.76)",Aktion,"2,69 €","b'ProduktbeschreibungArtikelnummer 8657317Zutaten & AllergeneZutaten: F\xc3\x9cLLUNG 53%: Basilikum Pesto 35%,(Sonnenblumen\xc3\xb6l, Basilikum 27% Pecorino Romano g.U. (gesch\xc3\xbctzte Ursprungsbezeichnung) K\xc3\x84SE 14%, KACHUN\xc3\x9cSSE, geriebener K\xc3\x84SE, Kochsalz, Pinienkerne 3%), Ricotta 33% (MOLKE, MILCH, Kochsalz), Pflanzenfasern (Mais und Kartoffeln) Mozzarella K\xc3\x84SE, Paniermehl (WeichWEIZENmehl, Wasser, Kochsalz, Hefe), LAKTOSE, St\xc3\xa4rke, nat\xc3\xbcrliche Aromen (enth\xc3\xa4lt GERSTE). TEIGWAREN 47%: WeichWEIZENmehl, EIER 30%,HartWEIZENgrie\xc3\x9f. Hergestellt in einem Werk, das auch SCHALENFR\xc3\x9cCHTE, FISCHE, KREBSTIERE, WICHTIERE, SOJABOHNEN und SELLERIE verwendet.Allergenhinweise: Enth\xc3\xa4lt: Glutenhaltiges Getreide und glutenhaltige Getreideerzeugnisse. Milch und Milcherzeugnisse (einschlie\xc3\x9flich Lactose). N\xc3\xbcsse und Nusserzeugnisse. Eier und Eierzeugnisse. Kann enthalten: Krebstiere und Krebstiererzeugnisse. Weichtiere und Weichtiererzeugnisse. Fisch und Fischerzeugnisse. Soja und Sojaerzeugnisse. Sellerie und Sellerieerzeugnisse.N\xc3\xa4hrwerteDurchschnittliche N\xc3\xa4hrwerteUnzubereitet pro 100 gEnergie1.225 kJEnergie292 kcalFett12 gFett, davon ges\xc3\xa4ttigte Fetts\xc3\xa4uren3,1 gKohlenhydrate32 gKohlenhydrate, davon Zucker4,1 gBallaststoffe6,2 gEiwei\xc3\x9f11 gSalz0,98 gHinweiseAufbewahrungs- und Verwendungshinweis: Im K\xc3\xbchlschrank bei +4\xc2\xb0C bis max. +7\xc2\xb0C aufbewahren. Nach dem \xc3\x96ffnen innerhalb von 3 Tagen verbrauchen.Information: Unter Schutzatmosph\xc3\xa4re verpackt.ArtikeldetailsMarke: Giovanni RanaUrsprungsland: ItalienKontaktKontaktname: Pastificio RANA S.p.A.Kontaktadresse: Via Pacinotti, 25 - 37057 San Giovanni Lupatoto (VR) - ItaliaMaximale Bestellmenge: 15 St\xc3\xbcckF\xc3\xbcr die vorstehenden Angaben wird keine Haftung \xc3\xbcbernommen. Bitte pr\xc3\xbcfen Sie im Einzelfall die Angaben auf der jeweiligen Produktverpackung, nur diese sind verbindlich.Das Produktdesign kann von der Abbildung abweichen.'",Kurfürstenanlage 6,Rewe,Frische & Convenience,2023-07-09,"Gültig ab morgen bis Samstag, 15.07.2023"
Homann Kartoffel- oder Pellkartoffelsalat,https://img.rewe-static.de/KLEIN28_2023/8698632/34937248-11_digital-image.png?impolicy=s-offers&imwidth=200&output-format=image/webp,,https://shop.rewe.de/productList?search=2832136,,"versch. Sorten , je 400-g-Pckg , (1 kg = 4.23)",Aktion,"1,69 €","b'ProduktbeschreibungArtikelnummer 8698632Zutaten & AllergeneZutaten: 62% Kartoffeln, Raps\xc3\xb6l, 8% H\xc3\x9cHNEREIER, 6% Gurken, Wasser, Zucker, Branntweinessig, 2% Zwiebeln, Speisesalz, H\xc3\x9cHNEREIGELB, S\xc3\xa4ureregulatoren: Calciumchlorid und Natriumacetate, Sahne (MILCH), Konservierungsstoff: Kaliumsorbat, St\xc3\xa4rke, Gew\xc3\xbcrze (enth\xc3\xa4lt SENF), f\xc3\xa4rbendes Lebensmittel: Karottenkonzentrat, Verdickungsmittel: Guarkernmehl, S\xc3\xa4uerungsmittel: Citronens\xc3\xa4ure, Antioxidationsmittel: Ascorbins\xc3\xa4ure, Stabilisator: Carrageen. Kann Spuren von Erdn\xc3\xbcssen, Fischen, glutenhaltiges Getreide, Krebstieren, Schalenfr\xc3\xbcchten, Sellerie, Sesamsamen und Sojabohnen enthalten.Allergenhinweise: Enth\xc3\xa4lt: Eier und Eierzeugnisse. Milch und Milcherzeugnisse (einschlie\xc3\x9flich Lactose). Senf- und Senferzeugnisse. Kann enthalten: Erdn\xc3\xbcsse und Erdnusserzeugnisse. Glutenhaltiges Getreide und glutenhaltige Getreideerzeugnisse. N\xc3\xbcsse und Nusserzeugnisse. Sellerie und Sellerieerzeugnisse. Sesamsamen und Sesamsamenerzeugnisse. Soja und Sojaerzeugnisse. Weizen und Weizenerzeugnisse (glutenhaltiges Getreide). Fisch und Fischerzeugnisse.N\xc3\xa4hrwerteDurchschnittliche N\xc3\xa4hrwerteUnzubereitet pro 100 gEnergie770 kJEnergie185 kcalFett13,2 gFett, davon ges\xc3\xa4ttigte Fetts\xc3\xa4uren1,2 gKohlenhydrate12,8 gKohlenhydrate, davon Zucker3 gEiwei\xc3\x9f2,6 gSalz1,3 gHinweiseAufbewahrungs- und Verwendungshinweis: Gek\xc3\xbchlt bei max. +7\xc2\xb0CArtikeldetailsMarke: HomannUrsprungsland: NiederlandeKontaktKontaktname: Signature Foods Deutschland GmbHKontaktadresse: Winkelhausenstra\xc3\x9fe 10, 49090 Osnabr\xc3\xbcckMaximale Bestellmenge: 15 St\xc3\xbcckF\xc3\xbcr die vorstehenden Angaben wird keine Haftung \xc3\xbcbernommen. Bitte pr\xc3\xbcfen Sie im Einzelfall die Angaben auf der jeweiligen Produktverpackung, nur diese sind verbindlich.Das Produktdesign kann von der Abbildung abweichen.'",Kurfürstenanlage 6,Rewe,Frische & Convenience,2023-07-09,"Gültig ab morgen bis Samstag, 15.07.2023"
Alta Badia,https://img.rewe-static.de/KLEIN28_2023/0351001/26962937-8_digital-image.png?impolicy=s-offers&imwidth=200&output-format=image/webp,,https://shop.rewe.de/productList?search=2832136,,"ital. Hartkäse, mind. 50% Fett i.Tr. , je 100 g",Aktion,"1,99 €","b'ProduktbeschreibungArtikelnummer 351001Frisch f\xc3\xbcr dich aus unserer Servicetheke. \n \nZutaten: pasteurisierte MILCH, Salz, MILCHS\xc3\x84UREBAKTERIEN, tierisches Lab, Konservierungsstoff: LYSOZYM (aus EI), Natamycin, Farbstoff: AMMONSULFITZUCKERKUL\xc3\x96R \n \nLaktosefrei* \n*Laktosegehalt: unter 0, 1g/100g \n \nRinde nicht zum Verzehr geeignet! \n \nN\xc3\xa4hrwerte je 100g: \nEnergie: 1704kJ \nEnergie: 411kcal \nFett: 33,5g \nFett, davon ges\xc3\xa4ttigte Fetts\xc3\xa4uren: 24,1g \nKohlenhydrate: 0,1g \nKohlenhydrate, davon Zucker: 0,1g \nEiwei\xc3\x9f: 27,3g \nSalz: 1,7g ArtikeldetailsEigenschaften: LaktosefreiMaximale Bestellmenge: 15 St\xc3\xbcckF\xc3\xbcr die vorstehenden Angaben wird keine Haftung \xc3\xbcbernommen. Bitte pr\xc3\xbcfen Sie im Einzelfall die Angaben auf der jeweiligen Produktverpackung, nur diese sind verbindlich.Das Produktdesign kann von der Abbildung abweichen.'",Kurfürstenanlage 6,Rewe,Frische & Convenience,2023-07-09,"Gültig ab morgen bis Samstag, 15.07.2023"
Campofrio Serrano-Schinken,https://img.rewe-static.de/KLEIN28_2023/0515409/31641266-6_digital-image.png?impolicy=s-offers&imwidth=200&output-format=image/webp,,https://shop.rewe.de/productList?search=2832136,,je 100 g,Aktion,"2,19 €","b'ProduktbeschreibungArtikelnummer 515409Frisch f\xc3\xbcr dich aus unserer Servicetheke. \n \nZutaten: Schweinefleisch, Salz, Konservierungsstoff: Kaliumnitrat, Natriumnitrit. \n \nN\xc3\xa4hrwerte je 100g: \nEnergie: 889kJ \nEnergie: 2120kcal \nFett: 10g \nFett, davon ges\xc3\xa4ttigte Fetts\xc3\xa4uren: 3,8g \nKohlenhydrate: 0,5g \nKohlenhydrate, davon Zucker: 0,5g \nEiwei\xc3\x9f: 30g \nSalz: 5g Zutaten & AllergeneAllergenhinweise: nullN\xc3\xa4hrwerteDurchschnittliche N\xc3\xa4hrwerteUnzubereitet pro 100 gEnergie889 kJEnergie212 kcalFett10 gFett, davon ges\xc3\xa4ttigte Fetts\xc3\xa4uren3,8 gKohlenhydrate0,5 gKohlenhydrate, davon Zucker0,5 gEiwei\xc3\x9f30 gSalz5 gArtikeldetailsMarke: CampofrioMaximale Bestellmenge: 15 St\xc3\xbcckF\xc3\xbcr die vorstehenden Angaben wird keine Haftung \xc3\xbcbernommen. Bitte pr\xc3\xbcfen Sie im Einzelfall die Angaben auf der jeweiligen Produktverpackung, nur diese sind verbindlich.Das Produktdesign kann von der Abbildung abweichen.'",Kurfürstenanlage 6,Rewe,Frische & Convenience,2023-07-09,"Gültig ab morgen bis Samstag, 15.07.2023"
Galbani Mozzarella Mini,https://img.rewe-static.de/KLEIN28_2023/0594382/965610-29_digital-image.png?impolicy=s-offers&imwidth=200&output-format=image/webp,,https://shop.rewe.de/productList?search=2832136,,"38% Fett i.Tr. , je 260-g-Pckg , (1 kg = 13.27) , 150-g-Abtropfgew.",Aktion,"1,99 €","b'ProduktbeschreibungArtikelnummer 594382Zutaten & AllergeneZutaten: pasteurisierte KuhMILCH, Lab, Salz, S\xc3\xa4uerungsmittel:Zitronens\xc3\xa4ureAllergenhinweise: Enth\xc3\xa4lt: Milch und Milcherzeugnisse (einschlie\xc3\x9flich Lactose).N\xc3\xa4hrwerteDurchschnittliche N\xc3\xa4hrwerteUnzubereitet pro 100 gEnergie819 kJEnergie197 kcalFett13,5 gFett, davon ges\xc3\xa4ttigte Fetts\xc3\xa4uren9,4 gKohlenhydrate1,3 gKohlenhydrate, davon Zucker0,6 gEiwei\xc3\x9f17,5 gSalz0,6 gHinweiseAufbewahrungs- und Verwendungshinweis: bei 8\xc2\xb0C mindestens haltbar bis: siehe VerpackungsaufdruckArtikeldetailsMarke: GalbaniNettof\xc3\xbcllmenge: 260 GUrsprungsland: ItalienAbtropfgewicht: 150 gKontaktKontaktname: Lactalis Deutschland GmbHKontaktadresse: Am Yachthafen 2, 77694 KehlMaximale Bestellmenge: 15 St\xc3\xbcckF\xc3\xbcr die vorstehenden Angaben wird keine Haftung \xc3\xbcbernommen. Bitte pr\xc3\xbcfen Sie im Einzelfall die Angaben auf der jeweiligen Produktverpackung, nur diese sind verbindlich.Das Produktdesign kann von der Abbildung abweichen.'",Kurfürstenanlage 6,Rewe,Frische & Convenience,2023-07-09,"Gültig ab morgen bis Samstag, 15.07.2023"
REWE Beste Wahl Gnocchi,https://img.rewe-static.de/KLEIN28_2023/0118000/23128380-35_digital-image.png?impolicy=s-offers&imwidth=200&output-format=image/webp,,https://shop.rewe.de/productList?search=2832136,,"frische, italienische Kartoffelklößchen aus 78% Kartoffelpüree , je 400-g-Btl , (1 kg = 3.73)",Aktion,"1,49 €","b'ProduktbeschreibungArtikelnummer 118000Zutaten & AllergeneZutaten: Kartoffelp\xc3\xbcree 80% (Wasser, Kartoffelflocken 16%), WEIZENMEHL, Kartoffelst\xc3\xa4rke, Reismehl, Speisesalz.  Kann Spuren von Soja enthalten.Allergenhinweise: Glutenhaltiges Getreide (Weizen, Gerste, Roggen, Hafer, Dinkel, Kamut oder Hybridst\xc3\xa4mme)N\xc3\xa4hrwerteDurchschnittliche N\xc3\xa4hrwertepro 100 gEnergie630 kJEnergie149 kcalFett0,6 gFett, davon ges\xc3\xa4ttigte Fetts\xc3\xa4uren0 gKohlenhydrate32 gKohlenhydrate, davon Zucker0,3 gEiwei\xc3\x9f3,3 gSalz1,08 gHinweiseAufbewahrungshinweise:  Nach dem \xc3\x96ffnen k\xc3\xbchl lagern und innerhalb von drei Tagen verzehren.Verwendungshinweise: Bei +4 \xc2\xb0C bis +7 \xc2\xb0CArtikeldetailsMarke: REWE Beste WahlUrsprungsland: ItalienPackungsgr\xc3\xb6\xc3\x9fe: 400gKontaktKontaktname: CIEMME ALIMENTARI S.R.L.Kontaktadresse: VIA FOGGIA, 28/30, BARLETTA, 76121, ItalienMaximale Bestellmenge: 15 St\xc3\xbcckF\xc3\xbcr die vorstehenden Angaben wird keine Haftung \xc3\xbcbernommen. Bitte pr\xc3\xbcfen Sie im Einzelfall die Angaben auf der jeweiligen Produktverpackung, nur diese sind verbindlich.Das Produktdesign kann von der Abbildung abweichen.'",Kurfürstenanlage 6,Rewe,Frische & Convenience,2023-07-09,"Gültig ab morgen bis Samstag, 15.07.2023"
Milram Müritzer Scheiben,https://img.rewe-static.de/KLEIN28_2023/7215406/27484152-9_digital-image.png?impolicy=s-offers&imwidth=200&output-format=image/webp,,https://shop.rewe.de/productList?search=2832136,,"Schnittkäse, 55% Fett i.Tr. , je 150-g-Pckg , (1 kg = 9.93)",Knaller,"1,49 €","b'ProduktbeschreibungArtikelnummer 7215406Zutaten & AllergeneZutaten: pasteurisierte KUHMILCH, Speisesalz, S\xc3\xa4uerungskulturen, mikrobielles Lab, Farbstoff: Carotin, Annatto Norbixin(pflanzlicher Farbstoff)Allergenhinweise: Enth\xc3\xa4lt: Milch und Milcherzeugnisse (einschlie\xc3\x9flich Lactose).N\xc3\xa4hrwerteDurchschnittliche N\xc3\xa4hrwerteUnzubereitet pro 100 gEnergie1.599 kJEnergie386 kcalFett33 gFett, davon ges\xc3\xa4ttigte Fetts\xc3\xa4uren22,8 gKohlenhydrate< 0,1 gKohlenhydrate, davon Zucker< 0,1 gEiwei\xc3\x9f21 gSalz1,8 gCalcium650 mgHinweiseAufbewahrungs- und Verwendungshinweis: Unge\xc3\xb6ffnet bei +4\xc2\xb0C bis +8\xc2\xb0C mindestens haltbar bis: Nach dem \xc3\x96ffnen k\xc3\xbchl lagern und innerhalb weniger Tage verbrauchen.Information: unter Schutzatmosph\xc3\xa4re verpackt.ArtikeldetailsMarke: MilramEigenschaften: LaktosefreiUrsprungsland: DeutschlandKontaktKontaktname: DMK GmbHKontaktadresse: 27400 ZevenMaximale Bestellmenge: 15 St\xc3\xbcckF\xc3\xbcr die vorstehenden Angaben wird keine Haftung \xc3\xbcbernommen. Bitte pr\xc3\xbcfen Sie im Einzelfall die Angaben auf der jeweiligen Produktverpackung, nur diese sind verbindlich.Das Produktdesign kann von der Abbildung abweichen.'",Kurfürstenanlage 6,Rewe,Kühlung,2023-07-09,"Gültig ab morgen bis Samstag, 15.07.2023"
"Rama zum Streichen, Backen & Kochen",https://img.rewe-static.de/KLEIN28_2023/8826343/36666364-10_digital-image.png?impolicy=s-offers&imwidth=200&output-format=image/webp,,https://shop.rewe.de/productList?search=2832136,,"je 400-g-Becher , (1 kg = 2.98)",Knaller,"1,19 €","b'ProduktbeschreibungArtikelnummer 8826343100% nat\xc3\xbcrliche Zutaten, 100% Pflanzlich, \nGern k\xc3\xbchl lagern. Mit 100% nat\xc3\xbcrlichen Zutaten ist Rama auch k\xc3\xbchlschrankkalt immer einsatzbereit.Zutaten & AllergeneZutaten: pflanzliche \xc3\x96le und Fette (Raps, Palm, Sonnenblumen in ver\xc3\xa4nderlichen Gewichtsanteilen), Trinkwasser, Speisesalz (0.5%), Emulgatoren (Lecithine, Mono- und Diglyceride von Speisefetts\xc3\xa4uren), nat\xc3\xbcrliche Aromen, S\xc3\xa4uerungsmittel (Citronens\xc3\xa4ure), Vitamine (A, D, E), Farbstoff (Carotin).N\xc3\xa4hrwerteDurchschnittliche N\xc3\xa4hrwerteUnzubereitet pro 100 gEnergie2.235 kJEnergie536 kcalFett60 gFett, davon ges\xc3\xa4ttigte Fetts\xc3\xa4uren21 gKohlenhydrate< 0,5 gKohlenhydrate, davon Zucker< 0,5 gEiwei\xc3\x9f< 0,5 gSalz0,5 gVitamin A800 \xc2\xb5gVitamin D7,5 \xc2\xb5gVitamin E9,2 mgHinweiseAufbewahrungs- und Verwendungshinweis: Beste Lagerung zwischen +2\xc2\xb0C und +15 \xc2\xb0C.ArtikeldetailsMarke: RamaUrsprungsland: DeutschlandKontaktKontaktname: Upfield Deutschland GmbHKontaktadresse: Postfach 10 25 27 20017 HamburgMaximale Bestellmenge: 15 St\xc3\xbcckF\xc3\xbcr die vorstehenden Angaben wird keine Haftung \xc3\xbcbernommen. Bitte pr\xc3\xbcfen Sie im Einzelfall die Angaben auf der jeweiligen Produktverpackung, nur diese sind verbindlich.Das Produktdesign kann von der Abbildung abweichen.'",Kurfürstenanlage 6,Rewe,Kühlung,2023-07-09,"Gültig ab morgen bis Samstag, 15.07.2023"
Ehrmann Almighurt,https://img.rewe-static.de/KLEIN28_2023/7659300/9176090-16_digital-image.png?impolicy=s-offers&imwidth=200&output-format=image/webp,,https://shop.rewe.de/productList?search=2832136,,"versch. Sorten , je 150-g-Becher , (1 kg = 2.20)",Knaller,"0,33 €","b'ProduktbeschreibungArtikelnummer 7659300Erlesene Fruchtzubereitung aus Deutschland.Gute Allg\xc3\xa4uer Milch von Familienh\xc3\xb6fen.Zutaten & AllergeneZutaten: JOGHURT mild, Zucker, Heidelbeeren 6,8%, modifizierte St\xc3\xa4rke, f\xc3\xa4rbendes Pflanzenkonzentrat (Karotte), Verdickungsmittel (Pektine, Guarkernmehl), Aroma. Ohne Konservierungsstoffe.Allergenhinweise: Enth\xc3\xa4lt: JoghurtEnth\xc3\xa4lt: Milch und Milcherzeugnisse (einschlie\xc3\x9flich Lactose). Milchzucker (Laktose).N\xc3\xa4hrwerteDurchschnittliche N\xc3\xa4hrwerteUnzubereitet pro 100 gEnergie389 kJEnergie92 kcalFett2,7 gFett, davon ges\xc3\xa4ttigte Fetts\xc3\xa4uren1,8 gKohlenhydrate14 gKohlenhydrate, davon Zucker13 gEiwei\xc3\x9f3 gSalz0,1 gHinweiseAufbewahrungs- und Verwendungshinweis: Bei max. +8 \xc2\xb0C mindestens haltbar bis: siehe DeckelArtikeldetailsMarke: EhrmannUrsprungsland: DeutschlandSorte: HeidelbeereKontaktKontaktname: Ehrmann GmbHKontaktadresse: A.-Ehrmann-Stra\xc3\x9fe 2, 87770 Obersch\xc3\xb6neggMaximale Bestellmenge: 15 St\xc3\xbcckF\xc3\xbcr die vorstehenden Angaben wird keine Haftung \xc3\xbcbernommen. Bitte pr\xc3\xbcfen Sie im Einzelfall die Angaben auf der jeweiligen Produktverpackung, nur diese sind verbindlich.Das Produktdesign kann von der Abbildung abweichen.'",Kurfürstenanlage 6,Rewe,Kühlung,2023-07-09,"Gültig ab morgen bis Samstag, 15.07.2023"
Mövenpick Caffè Macchiato,https://img.rewe-static.de/KLEIN28_2023/2807955/969690-46_digital-image.png?impolicy=s-offers&imwidth=200&output-format=image/webp,,https://shop.rewe.de/productList?search=2832136,,"koffeinhaltig , je 190-ml-Becher , (1 l = 4.68)",Aktion,"0,89 €","b'ProduktbeschreibungArtikelnummer 2807955F\xc3\xbcr alle, die es gerne mild und cremig m\xc3\xb6gen, ist unser ""Iced Coffee Macchiato"" genau das Richtige. Hier treffen feinste Hochland-Arabica-Bohnen auf Robusta-Bohnen und einen Schuss Vollmilch und kreieren so einen einzigartigen runden und harmonischen Milchkaffee.Zutaten & AllergeneZutaten: 79 % VOLLMILCH, 16% Kaffee (fl\xc3\xbcssiger Kaffee-Extrakt, Wasser), Zucker, Verdickungsmittel: Carrageen. Koffeingehalt: ca. 34 mg/100 mlAllergenhinweise: Enth\xc3\xa4lt: Milch und Milcherzeugnisse (einschlie\xc3\x9flich Lactose).N\xc3\xa4hrwerteDurchschnittliche N\xc3\xa4hrwerteUnzubereitet pro 100 gEnergie351 kJEnergie82 kcalFett3,7 gFett, davon ges\xc3\xa4ttigte Fetts\xc3\xa4uren2,6 gKohlenhydrate9,2 gKohlenhydrate, davon Zucker8,8 gEiwei\xc3\x9f3,4 gSalz0,1 gHinweiseAufbewahrungs- und Verwendungshinweis: Bei +8\xc2\xb0C mindestens haltbar bis: siehe DeckelArtikeldetailsMarke: M\xc3\xb6venpickUrsprungsland: DeutschlandSorte: MacchiatoKontaktKontaktname: Privatmolkerei BauerKontaktadresse: 83512 Wasserburg/InnMaximale Bestellmenge: 15 St\xc3\xbcckF\xc3\xbcr die vorstehenden Angaben wird keine Haftung \xc3\xbcbernommen. Bitte pr\xc3\xbcfen Sie im Einzelfall die Angaben auf der jeweiligen Produktverpackung, nur diese sind verbindlich.Das Produktdesign kann von der Abbildung abweichen.'",Kurfürstenanlage 6,Rewe,Kühlung,2023-07-09,"Gültig ab morgen bis Samstag, 15.07.2023"
Mövenpick Caffè Cappuccino,https://img.rewe-static.de/KLEIN28_2023/0021685/21145285-37_digital-image.png?impolicy=s-offers&imwidth=200&output-format=image/webp,,https://shop.rewe.de/productList?search=2832136,,"koffeinhaltig , je 189-ml-Becher , (1 l = 4.71)",Aktion,"0,89 €","b'ProduktbeschreibungArtikelnummer 21685F\xc3\xbcr alle, die es gerne mild und schokoladig m\xc3\xb6gen, ist unser ""Iced Coffee Cappuccino"" genau das Richtige. Hier treffen feinste Hochland-Arabica-Bohnen auf Robusta-Bohnen, beste Milch und feinsten Kakao. Ein cremig-schokoladiger Eiskaffee - f\xc3\xbcr echte Cappuccino-Freunde.Zutaten & AllergeneZutaten: 79% fettarme MILCH, 16% Kaffee (fl\xc3\xbcssiger Kaffee-Extrakt, Wasser), Zucker, 0,5% Kakaopulver, Verdickungsmittel Carrageen. Koffeingehalt: ca. 37 mg/100 mlAllergenhinweise: Enth\xc3\xa4lt: Milch und Milcherzeugnisse (einschlie\xc3\x9flich Lactose).N\xc3\xa4hrwerteDurchschnittliche N\xc3\xa4hrwerteUnzubereitet pro 100 gEnergie277 kJEnergie66 kcalFett1,5 gFett, davon ges\xc3\xa4ttigte Fetts\xc3\xa4uren1 gKohlenhydrate9,4 gKohlenhydrate, davon Zucker8,9 gEiwei\xc3\x9f3,6 gSalz0,1 gHinweiseAufbewahrungs- und Verwendungshinweis: Bei +8\xc2\xb0C mindestens haltbar: siehe DeckelArtikeldetailsMarke: M\xc3\xb6venpickUrsprungsland: DeutschlandSorte: CappuccinoKontaktKontaktname: Privatmolkerei BauerKontaktadresse: 83512 WasserburgMaximale Bestellmenge: 15 St\xc3\xbcckF\xc3\xbcr die vorstehenden Angaben wird keine Haftung \xc3\xbcbernommen. Bitte pr\xc3\xbcfen Sie im Einzelfall die Angaben auf der jeweiligen Produktverpackung, nur diese sind verbindlich.Das Produktdesign kann von der Abbildung abweichen.'",Kurfürstenanlage 6,Rewe,Kühlung,2023-07-09,"Gültig ab morgen bis Samstag, 15.07.2023"
Weihenstephan Butter oder die Streichzarte,https://img.rewe-static.de/KLEIN28_2023/5005051/24074982-44_digital-image.png?impolicy=s-offers&imwidth=200&output-format=image/webp,,https://shop.rewe.de/productList?search=2832136,,"versch. Sorten , je 250-g-Pckg , (1 kg = 6.36)",Aktion,"1,59 €","b'ProduktbeschreibungArtikelnummer 5005051Zutaten & AllergeneAllergenhinweise: Enth\xc3\xa4lt: Milch und Milcherzeugnisse (einschlie\xc3\x9flich Lactose).N\xc3\xa4hrwerteDurchschnittliche N\xc3\xa4hrwerteUnzubereitet pro 100 gEnergie3.074 kJEnergie747 kcalFett82 gFett, davon ges\xc3\xa4ttigte Fetts\xc3\xa4uren55 gKohlenhydrate1 gKohlenhydrate, davon Zucker1 gEiwei\xc3\x9f0,6 gSalz0,04 gHinweiseAufbewahrungs- und Verwendungshinweis: Bei maximal +8 \xc2\xb0C mindestens haltbar bis: siehe Verpackungsaufdruck.ArtikeldetailsMarke: WeihenstephanUrsprungsland: DeutschlandKontaktKontaktname: Molkerei Weihenstephan GmbH & Co. KGKontaktadresse: Milchstr. 1, D-85354 FreisingMaximale Bestellmenge: 15 St\xc3\xbcckF\xc3\xbcr die vorstehenden Angaben wird keine Haftung \xc3\xbcbernommen. Bitte pr\xc3\xbcfen Sie im Einzelfall die Angaben auf der jeweiligen Produktverpackung, nur diese sind verbindlich.Das Produktdesign kann von der Abbildung abweichen.'",Kurfürstenanlage 6,Rewe,Kühlung,2023-07-09,"Gültig ab morgen bis Samstag, 15.07.2023"
Brunch Brotaufstrich,https://img.rewe-static.de/KLEIN28_2023/8864032/37520400-10_digital-image.png?impolicy=s-offers&imwidth=200&output-format=image/webp,,https://shop.rewe.de/productList?search=2832136,,"versch. Sorten , je 185-g-Becher , (1 kg = 6.43)",Aktion,"1,19 €","b'ProduktbeschreibungArtikelnummer 8864032Brunch Natur. Genuss durch den unverwechselbaren Geschmack und die besonders cremige Textur. Ideal nicht nur zum Streichen sondern auch zum Kochen, Dippen und Backen.\nHergestellt mit Milch aus der Bodensee - Region.Zutaten & AllergeneZutaten: 66% RAHM, 28% MAGERMILCHJOGHURT, MILCHEIWEI\xc3\x9f, St\xc3\xa4rke, Speisesalz, Verdickungsmittel: Agar-Agar, Pektin.Allergenhinweise: MilchEnth\xc3\xa4lt: Milch und Milcherzeugnisse (einschlie\xc3\x9flich Lactose).N\xc3\xa4hrwerteDurchschnittliche N\xc3\xa4hrwerteUnzubereitet pro 100 gEnergie907 kJEnergie219 kcalFett20 gFett, davon ges\xc3\xa4ttigte Fetts\xc3\xa4uren13 gKohlenhydrate4,5 gKohlenhydrate, davon Zucker3,3 gEiwei\xc3\x9f5,3 gSalz0,7 gHinweiseAufbewahrungs- und Verwendungshinweis: D+A: Bei +2 bis +10\xc2\xb0C mindestens haltbar bis: siehe Verpackungsaufdruck CH: Zu verbrauchen bis: siehe VerpackungsaufdruckArtikeldetailsMarke: BrunchUrsprungsland: DeutschlandKontaktKontaktname: Edelweiss GmbH & Co.KGKontaktadresse: D-87435 KemptenMaximale Bestellmenge: 15 St\xc3\xbcckF\xc3\xbcr die vorstehenden Angaben wird keine Haftung \xc3\xbcbernommen. Bitte pr\xc3\xbcfen Sie im Einzelfall die Angaben auf der jeweiligen Produktverpackung, nur diese sind verbindlich.Das Produktdesign kann von der Abbildung abweichen.'",Kurfürstenanlage 6,Rewe,Kühlung,2023-07-09,"Gültig ab morgen bis Samstag, 15.07.2023"
Müller Kalinka Kefir oder Ayran,https://img.rewe-static.de/KLEIN28_2023/2464084/36823096-10_digital-image.png?impolicy=s-offers&imwidth=200&output-format=image/webp,,https://shop.rewe.de/productList?search=2832136,,"je 500-g-Fl , (1 kg = 1.78)",Aktion,"0,89 €","b'ProduktbeschreibungArtikelnummer 2464084Zutaten & AllergeneAllergenhinweise: Enth\xc3\xa4lt: Milch und Milcherzeugnisse (einschlie\xc3\x9flich Lactose).N\xc3\xa4hrwerteDurchschnittliche N\xc3\xa4hrwerteUnzubereitet pro 100 gEnergie193 kJEnergie46 kcalFett1,5 gFett, davon ges\xc3\xa4ttigte Fetts\xc3\xa4uren1 gKohlenhydrate4,1 gKohlenhydrate, davon Zucker4,1 gEiwei\xc3\x9f3,4 gSalz0,12 gRiboflavin0,15 mgCalcium133 mgHinweiseAufbewahrungs- und Verwendungshinweis: Bei unter +8\xc2\xb0C mindestens haltbar bis: siehe Deckelaufdruck.Information: Neben einer abwechslungsreichen und ausgewogenen Ern\xc3\xa4hrung ist eine gesunde Lebensweise f\xc3\xbcr Ihr Wohlbefinden wichtig.ArtikeldetailsMarke: M\xc3\xbcllerUrsprungsland: DeutschlandKontaktKontaktname: Molkerei Alois M\xc3\xbcller GmbH & Co. KGKontaktadresse: Zollerstra\xc3\x9fe 7, DE-86850 AretsriedMaximale Bestellmenge: 15 St\xc3\xbcckF\xc3\xbcr die vorstehenden Angaben wird keine Haftung \xc3\xbcbernommen. Bitte pr\xc3\xbcfen Sie im Einzelfall die Angaben auf der jeweiligen Produktverpackung, nur diese sind verbindlich.Das Produktdesign kann von der Abbildung abweichen.'",Kurfürstenanlage 6,Rewe,Kühlung,2023-07-09,"Gültig ab morgen bis Samstag, 15.07.2023"
Bertolli Brotaufstrich,https://img.rewe-static.de/KLEIN28_2023/4942531/3398660-52_digital-image.png?impolicy=s-offers&imwidth=200&output-format=image/webp,,https://shop.rewe.de/productList?search=2832136,,"mit mildem Olivenöl , je 250-g-Becher , (1 kg = 5.56)",Aktion,"1,39 €","b'ProduktbeschreibungArtikelnummer 4942531- Das Gute des Olivenbaums \n- Enth\xc3\xa4lt viele einfach unges\xc3\xa4ttigte Fetts\xc3\xa4uren \n- F\xc3\xbcr eine gesunde, ausgewogene Ern\xc3\xa4hrung. \n- Passt hervorragend zu herzhafen Brotbel\xc3\xa4gen \n- Aber auch zu S\xc3\xbc\xc3\x9fem, wie Marmelade oder Honig \n \nDas \xe2\x80\x9eGute des Olivenbaums\xe2\x80\x9c t\xc3\xa4glich aufs Brot! \nDer BERTOLLI Brotaufstrich enth\xc3\xa4lt viele einfach unges\xc3\xa4ttigte Fetts\xc3\xa4uren, die einen wichtigen Bestandteil der traditionellen mediterranen Ern\xc3\xa4hrung darstellen. \nDer BERTOLLI Brotaufstrich tr\xc3\xa4gt somit dem Trend nach einer gesunden und ausgewogenen Ern\xc3\xa4hrung Rechnung. \nEr passt hervorragend sowohl zu herzhaften Brotbel\xc3\xa4gen als auch zu S\xc3\xbc\xc3\x9fem, wie Marmelade oder Honig. Zu den beliebtesten Brotsorten geh\xc3\xb6ren Focaccia, Tramezzino, Ciabatta und Bruschetta. Die mediterranen Brotspezialit\xc3\xa4ten werden oft zusammen mit Tomaten, Oliven und anderen Leckereien als kleiner Imbiss f\xc3\xbcr zwischendurch gereicht. \nDie K\xc3\xbcche Italiens geh\xc3\xb6rt zu den bekanntesten und beliebtesten K\xc3\xbcchen der Welt. Vollkommen zu Recht, denn sie besticht durch ihre frischen Zutaten, ihren Abwechslungsreichtum und gilt zudem als gesund. Hier finden Sie typisch italienische K\xc3\xb6stlichkeiten, mit denen Sie sich \xe2\x80\x9ela Dolce Vita\xe2\x80\x9c in Ihr eigenes Zuhause holen k\xc3\xb6nnen. \n \nBERTOLLI Brotaufstrich ist in 250g und 500g Packungen erh\xc3\xa4ltlich.... mehr anzeigenDas Gute des OlivenbaumsZutaten & AllergeneZutaten: Trinkwasser, pflanzliche \xc3\x96le und Fette (Raps, Palm, Palm ganz geh\xc3\xa4rtet), 7,5% Oliven\xc3\xb6l, BUTTERMILCH, modifizierte St\xc3\xa4rke, Speisesalz (0,4%), Emulgatoren (Mono- und Diglyceride von Speisefetts\xc3\xa4uren, Lecithine), Konservierungsstoff (Kaliumsorbat), S\xc3\xa4uerungsmittel (Citronens\xc3\xa4ure), Aroma, Vitamine (A, D), Farbstoff (Carotin).Allergenhinweise: Enth\xc3\xa4lt: Milch und Milcherzeugnisse (einschlie\xc3\x9flich Lactose).N\xc3\xa4hrwerteDurchschnittliche N\xc3\xa4hrwerteUnzubereitet pro 100 gEnergie1.445 kJEnergie339 kcalFett38 gFett, davon ges\xc3\xa4ttigte Fetts\xc3\xa4uren9 gKohlenhydrate1,7 gKohlenhydrate, davon Zucker< 0,5 gEiwei\xc3\x9f< 0,5 gSalz0,4 gVitamin A800 \xc2\xb5gVitamin D7,5 \xc2\xb5gHinweiseAufbewahrungs- und Verwendungshinweis: Beste Lagerung zwischen +2\xc2\xb0C und +15\xc2\xb0CArtikeldetailsMarke: BertolliUrsprungsland: NiederlandePackungsgr\xc3\xb6\xc3\x9fe: 250gKontaktKontaktname: Upfield Deutschland GmbHKontaktadresse: Valentinskamp 88-90, 20355 HamburgMaximale Bestellmenge: 15 St\xc3\xbcckF\xc3\xbcr die vorstehenden Angaben wird keine Haftung \xc3\xbcbernommen. Bitte pr\xc3\xbcfen Sie im Einzelfall die Angaben auf der jeweiligen Produktverpackung, nur diese sind verbindlich.Das Produktdesign kann von der Abbildung abweichen.'",Kurfürstenanlage 6,Rewe,Kühlung,2023-07-09,"Gültig ab morgen bis Samstag, 15.07.2023"
Dr. Oetker Sahne Pudding oder Rote Grütze,https://img.rewe-static.de/KLEIN28_2023/5905362/30785463-12_digital-image.png?impolicy=s-offers&imwidth=200&output-format=image/webp,,https://shop.rewe.de/productList?search=2832136,,"je 500-g-Becher , (1 kg = 3.98)",Aktion,"1,99 €","b'ProduktbeschreibungArtikelnummer 5905362Unser Dr. Oetker L\xc3\xb6ffelgl\xc3\xbcck Sahne Pudding Vollmilch-Schokolade ist ein beliebter Klassiker aus vollmundiger Sahne und echter Vollmilch-Schokolade. Seine sahnig-cremige Konsistenz und sein nat\xc3\xbcrlicher, schokoladiger Geschmack machen ihn zum Lieblingsdessert, welches perfekt zu Fr\xc3\xbcchten und Vanille-So\xc3\x9fe kombiniert oder einfach pur genossen werden kann. Mit dem L\xc3\xb6ffelgl\xc3\xbcck Sahne Pudding Vollmilch-Schokolade schenkst du dir oder deinen Liebsten einen Moment voll Genuss und ein Gef\xc3\xbchl von Zuhause und Geborgenheit. Der Dr. Oetker L\xc3\xb6ffelgl\xc3\xbcck Sahne Pudding Vollmilch-Schokolade im 500g Becher aus dem K\xc3\xbchlregal ist ideal f\xc3\xbcr den gro\xc3\x9fen Genussmoment und zum Teilen. Es gibt ihn auch im praktischen 200g Becher f\xc3\xbcr zwischendurch oder als Nachtisch.Zutaten & AllergeneZutaten: 85% SAHNE, Zucker, modifizierte St\xc3\xa4rke (Mais), 2,2% fettarmer Kakao, 1,5% VOLLMILCHSCHOKOLADE (Zucker, Kakaobutter, VOLLMILCHPULVER, Kakaomasse, MAGERMILCHPULVER, Emulgator (SOJALECITHINE), Aroma), Maisst\xc3\xa4rke, Verdickungsmittel (Carrageen).Allergenhinweise: Enth\xc3\xa4lt: Soja und Sojaerzeugnisse. Milch und Milcherzeugnisse (einschlie\xc3\x9flich Lactose).N\xc3\xa4hrwerteDurchschnittliche N\xc3\xa4hrwerteUnzubereitet pro 100 gEnergie671 kJEnergie161 kcalFett9,3 gFett, davon ges\xc3\xa4ttigte Fetts\xc3\xa4uren5,9 gKohlenhydrate15 gKohlenhydrate, davon Zucker13 gEiwei\xc3\x9f3,3 gSalz0,11 gHinweiseAufbewahrungs- und Verwendungshinweis: Nach dem \xc3\x96ffnen z\xc3\xbcgig genie\xc3\x9fen. Bei +8 \xc2\xb0C lagern.ArtikeldetailsMarke: Dr. OetkerUrsprungsland: DeutschlandSorte: Vollmilch-SchokoKontaktKontaktname: DR. AUGUST OETKER NAHRUNGSMITTEL KGKontaktadresse: 33547 BielefeldMaximale Bestellmenge: 15 St\xc3\xbcckF\xc3\xbcr die vorstehenden Angaben wird keine Haftung \xc3\xbcbernommen. Bitte pr\xc3\xbcfen Sie im Einzelfall die Angaben auf der jeweiligen Produktverpackung, nur diese sind verbindlich.Das Produktdesign kann von der Abbildung abweichen.'",Kurfürstenanlage 6,Rewe,Kühlung,2023-07-09,"Gültig ab morgen bis Samstag, 15.07.2023"
Mövenpick Stracciatella Classico,https://img.rewe-static.de/KLEIN28_2023/8725654/35463369-11_digital-image.png?impolicy=s-offers&imwidth=200&output-format=image/webp,,https://shop.rewe.de/productList?search=2832136,,"je 900-ml-Becher , (1 l = 2.21)",Aktion,"1,99 €","b'ProduktbeschreibungArtikelnummer 8725654Cremiges Eis mit Stracciatellageschmack mit Schokoladenst\xc3\xbcckchen und einer Schokoladensauce.Zutaten & AllergeneZutaten: Entrahmte MILCH, MOLKENERZEUGNIS, Glukosesirup, Zucker, Kokosfett, Soja\xc3\xb6l, VOLLMILCHPULVER, fettarmer Kakao** (1,3 %), Kakaobutter**, Kakaomasse**, Emulgatoren (Mono- und Diglyceride von Speisefetts\xc3\xa4uren, Lecithine (SOJA)), Verdickungsmittel (Johannisbrotkernmehl, Guarkernmehl), nat\xc3\xbcrliche Aromen (enthalten MILCH), Aroma. **Rainforest Alliance-zertifiziert. Mehr Informationen unter ra.org. KANN SCHALENFR\xc3\x9cCHTE, GLUTENHALTIGE GETREIDE UND EIER ENTHALTEN. Wichtig: Kleinkinder (unter 4 Jahren) verf\xc3\xbcgen \xc3\xbcber eine verminderte Kauf\xc3\xa4higkeit und k\xc3\xb6nnten sich an kleinen St\xc3\xbcckchen verschlucken.Allergenhinweise: Milch, Molkenerzeugnis, Schlagsahne, SojaEnth\xc3\xa4lt: Milch und Milcherzeugnisse (einschlie\xc3\x9flich Lactose). Soja und Sojaerzeugnisse. Kann enthalten: Eier und Eierzeugnisse. N\xc3\xbcsse und Nusserzeugnisse. Glutenhaltiges Getreide und glutenhaltige Getreideerzeugnisse.N\xc3\xa4hrwerteDurchschnittliche N\xc3\xa4hrwerteUnzubereitet pro 100 gEnergie1.079 kJEnergie258 kcalFett15 gFett, davon ges\xc3\xa4ttigte Fetts\xc3\xa4uren9,9 gKohlenhydrate28 gKohlenhydrate, davon Zucker23 gBallaststoffe0,7 gEiwei\xc3\x9f2,9 gSalz0,09 gHinweiseAufbewahrungs- und Verwendungshinweis: Bei -18 \xc2\xb0C mindestens haltbar bis Ende: siehe VerpackungsaufdruckInformation: Wichtig: Kleinkinder (unter 4 Jahren) verf\xc3\xbcgen \xc3\xbcber eine verminderte Kauf\xc3\xa4higkeit und k\xc3\xb6nnten sich an kleinen St\xc3\xbcckchen verschlucken. Packung enth\xc3\xa4lt 9 Portionen. Portionen sollten f\xc3\xbcr Kinder entsprechend ihrem Alter angepasst werden.ArtikeldetailsMarke: M\xc3\xb6venpickUrsprungsland: DeutschlandKontaktKontaktname: FRONERI Sch\xc3\xb6ller GmbHKontaktadresse: D-90419 N\xc3\xbcrnbergMaximale Bestellmenge: 15 St\xc3\xbcckF\xc3\xbcr die vorstehenden Angaben wird keine Haftung \xc3\xbcbernommen. Bitte pr\xc3\xbcfen Sie im Einzelfall die Angaben auf der jeweiligen Produktverpackung, nur diese sind verbindlich.Das Produktdesign kann von der Abbildung abweichen.'",Kurfürstenanlage 6,Rewe,Tiefkühl,2023-07-09,"Gültig ab morgen bis Samstag, 15.07.2023"
Mövenpick Salted Caramel,https://img.rewe-static.de/KLEIN28_2023/7713567/38472507-14_digital-image.png?impolicy=s-offers&imwidth=200&output-format=image/webp,,https://shop.rewe.de/productList?search=2832136,,"je 800-ml-Becher , (1 l = 2.49)",Aktion,"1,99 €","b'ProduktbeschreibungArtikelnummer 7713567Eis mit Vanillegeschmack, mit gesalzener Karamellsauce, Karamellst\xc3\xbcckchen und kakaobutterhaltigen Konfektst\xc3\xbcckchen mit KaramellgeschmackZutaten & AllergeneZutaten: Entrahmte MILCH, MOLKENERZEUGNIS, Glukosesirup, Zucker,pflanzliche Fette (Kokos, Shea), gezuckerte KONDENSMILCH (eingedickte VOLLMILCH, Zucker, MILCHZUCKER), gezuckerte KONDENSMAGERMILCH (eingedickte entrahmte MILCH, Zucker), Emulgatoren (Mono- und Diglyceride von Speisefetts\xc3\xa4uren, Lecithine), Verdickungsmittel (Johannisbrotkernmehl, Guarkernmehl), Kakaobutter*, Salz, VOLLMILCHPULVER, BUTTERFETT, Feuchthaltemittel (Glycerin), f\xc3\xa4rbende Frucht- und Gem\xc3\xbcsekonzentrate (schwarze Johannisbeere, Apfel, Zitrone, Karotte, Rettich), f\xc3\xa4rbendes Saflorkonzentrat, nat\xc3\xbcrliche Vanillearomen, Kakaomasse*, MILCHZUCKER, nat\xc3\xbcrliche Aromen. *Rainforest Alliance-zertifiziert. Mehr Informationen unter ra.org.KANN SCHALENFR\xc3\x9cCHTE, GLUTENHALTIGE GETREIDE, SOJA UND EIER ENTHALTEN. Wichtig: Kleinkinder (unter 4 Jahren) verf\xc3\xbcgen\xc3\xbcber eine verminderte Kauf\xc3\xa4higkeit und k\xc3\xb6nnten sich an kleinen St\xc3\xbcckchen verschlucken.Allergenhinweise: MILCH, MOLKENERZEUGNIS, KONDENSMILCH, VOLLMILCH, MILCHZUCKER, KONDENSMAGERMILCH, VOLLMILCHPULVER, BUTTERFETT.Enth\xc3\xa4lt: Milch und Milcherzeugnisse (einschlie\xc3\x9flich Lactose). Kann enthalten: Glutenhaltiges Getreide und glutenhaltige Getreideerzeugnisse. Eier und Eierzeugnisse. N\xc3\xbcsse und Nusserzeugnisse. Soja und Sojaerzeugnisse.N\xc3\xa4hrwerteDurchschnittliche N\xc3\xa4hrwerteUnzubereitet pro 100 gEnergie1.009 kJEnergie240 kcalFett9,5 gFett, davon ges\xc3\xa4ttigte Fetts\xc3\xa4uren8,2 gKohlenhydrate37 gKohlenhydrate, davon Zucker29 gBallaststoffe< 0,5 gEiwei\xc3\x9f2 gSalz0,29 gHinweiseAufbewahrungs- und Verwendungshinweis: Bei -18 \xc2\xb0C mindestens haltbar bis Ende: siehe VerpackungsaufdruckInformation: Wichtig: Kleinkinder (unter 4 Jahren) verf\xc3\xbcgen\xc3\xbcber eine verminderte Kauf\xc3\xa4higkeit und k\xc3\xb6nnten sich an kleinen St\xc3\xbcckchen verschlucken.ArtikeldetailsMarke: M\xc3\xb6venpickUrsprungsland: DeutschlandKontaktKontaktname: FRONERI Sch\xc3\xb6ller GmbHKontaktadresse: D-90419 N\xc3\xbcrnbergMaximale Bestellmenge: 15 St\xc3\xbcckF\xc3\xbcr die vorstehenden Angaben wird keine Haftung \xc3\xbcbernommen. Bitte pr\xc3\xbcfen Sie im Einzelfall die Angaben auf der jeweiligen Produktverpackung, nur diese sind verbindlich.Das Produktdesign kann von der Abbildung abweichen.'",Kurfürstenanlage 6,Rewe,Tiefkühl,2023-07-09,"Gültig ab morgen bis Samstag, 15.07.2023"
Dr. Oetker Ristorante Pizza Salame,https://img.rewe-static.de/KLEIN28_2023/8704774/34878457-20_digital-image.png?impolicy=s-offers&imwidth=200&output-format=image/webp,,https://shop.rewe.de/productList?search=2832136,,"tiefgefroren , je 320-g-Pckg , (1 kg = 6.22)",Aktion,"1,99 €","b'ProduktbeschreibungArtikelnummer 8704774Dr. Oetker Ristorante Pizza Salame ist belegt mit sonnengereiften Tomaten, K\xc3\xa4se, herzhafter Salami, ausgesuchten Kr\xc3\xa4utern und Gew\xc3\xbcrzen.Zubereitung:Bis zur Zubereitung gefroren aufbewahren.Backofen vorheizen: Ober-/Unterhitze: 220\xc2\xb0C, Hei\xc3\x9fluft: 200\xc2\xb0C, Gas: 4Folie entfernen, Pizza auf den Rost legen und auf mittlerer Einschubleiste 10-12 Minuten backen.Stelle sicher, dass das Produkt vor dem Verzehr vollst\xc3\xa4ndig durcherhitzt ist. Man kann die ""Ristorante Pizza Salame"" genie\xc3\x9fen, sobald der K\xc3\xa4se geschmolzen ist.Zutaten & AllergeneZutaten: WEIZENMEHL, 14% passierte Tomaten, 12% schnittfester MOZZARELLA K\xc3\x84SE, 12% Salami (Schweinefleisch, Speck, Salz, Gew\xc3\xbcrze, Dextrose, Zwiebelpulver, Knoblauchpulver, Gew\xc3\xbcrzextrakte, Stabilisator (Natriumnitrit), Antioxidationsmittel (Extrakt aus Rosmarin), Rauch), Wasser, 7,3% Tomatenkonzentrat, 4,6% EDAMER K\xc3\x84SE, Raps\xc3\xb6l, Backhefe, Salz, Zucker, Oliven\xc3\xb6l nativ extra, Oregano, Basilikum, Pfeffer, Paprika, Petersilie. Kann enthalten: SOJA, SENF.Allergenhinweise: Enth\xc3\xa4lt: Milch und Milcherzeugnisse (einschlie\xc3\x9flich Lactose). Glutenhaltiges Getreide und glutenhaltige Getreideerzeugnisse. Weizen und Weizenerzeugnisse (glutenhaltiges Getreide). Kann enthalten: Soja und Sojaerzeugnisse. Gerste und Gerstenerzeugnisse (glutenhaltiges Getreide). Roggen und Roggenerzeugnisse (glutenhaltiges Getreide). Dinkel und Dinkelerzeugnisse (glutenhaltiges Getreide). Hafer und Hafererzeugnisse (glutenhaltiges Getreide). Senf- und Senferzeugnisse.N\xc3\xa4hrwerteDurchschnittliche N\xc3\xa4hrwerteUnzubereitet pro 100 gEnergie1.093 kJEnergie261 kcalFett13 gFett, davon ges\xc3\xa4ttigte Fetts\xc3\xa4uren4,6 gKohlenhydrate25 gKohlenhydrate, davon Zucker2,9 gBallaststoffe2,3 gEiwei\xc3\x9f10 gSalz1,3 gHinweiseAufbewahrungs- und Verwendungshinweis: Nach dem Auftauen nicht wieder einfrieren. Bei -18 \xc2\xb0C lagern (***-Fach oder Tiefk\xc3\xbchltruhe).ArtikeldetailsMarke: Dr. OetkerUrsprungsland: DeutschlandKontaktKontaktname: DR. AUGUST OETKER NAHRUNGSMITTEL KGKontaktadresse: Lutterstra\xc3\x9fe 14 - 33617 BielefeldMaximale Bestellmenge: 15 St\xc3\xbcckF\xc3\xbcr die vorstehenden Angaben wird keine Haftung \xc3\xbcbernommen. Bitte pr\xc3\xbcfen Sie im Einzelfall die Angaben auf der jeweiligen Produktverpackung, nur diese sind verbindlich.Das Produktdesign kann von der Abbildung abweichen.'",Kurfürstenanlage 6,Rewe,Tiefkühl,2023-07-09,"Gültig ab morgen bis Samstag, 15.07.2023"
Dr. Oetker Bistro Flammkuchen Elsässer Art,https://img.rewe-static.de/KLEIN28_2023/8703784/34878422-11_digital-image.png?impolicy=s-offers&imwidth=200&output-format=image/webp,,https://shop.rewe.de/productList?search=2832136,,"tiefgefroren , je 265-g-Pckg , (1 kg = 7.51)",Aktion,"1,99 €","b'ProduktbeschreibungArtikelnummer 8703784Zutaten & AllergeneZutaten: WEIZENMEHL, 27% CR\xc3\x88ME FRA\xc3\x8eCHE, 15% Rohschinken (Schweinefleisch, Salz, Maltodextrin, Dextrose, Zucker, Gew\xc3\xbcrze, Gew\xc3\xbcrzextrakte, Stabilisator (Natriumnitrit), Rauch), Wasser, 5,4% Zwiebeln, Raps\xc3\xb6l, Oliven\xc3\xb6l nativ extra, Salz, Backhefe, Raucharoma, Aroma (enth\xc3\xa4lt WEIZEN), Pfeffer, Verdickungsmittel (Johannisbrotkernmehl, Xanthan), Muskatnuss. Kann enthalten: SOJA, SENF.Allergenhinweise: Enth\xc3\xa4lt: Milch und Milcherzeugnisse (einschlie\xc3\x9flich Lactose). Weizen und Weizenerzeugnisse (glutenhaltiges Getreide). Glutenhaltiges Getreide und glutenhaltige Getreideerzeugnisse. Kann enthalten: Dinkel und Dinkelerzeugnisse (glutenhaltiges Getreide). Roggen und Roggenerzeugnisse (glutenhaltiges Getreide). Senf- und Senferzeugnisse. Soja und Sojaerzeugnisse.N\xc3\xa4hrwerteDurchschnittliche N\xc3\xa4hrwerteUnzubereitet pro 100 gEnergie1.094 kJEnergie262 kcalFett14 gFett, davon ges\xc3\xa4ttigte Fetts\xc3\xa4uren6 gKohlenhydrate25 gKohlenhydrate, davon Zucker2,3 gBallaststoffe1,4 gEiwei\xc3\x9f7,9 gSalz1,2 gHinweiseAufbewahrungs- und Verwendungshinweis: Nach dem Auftauen nicht wieder einfrieren. Bei -18 \xc2\xb0C lagern (***-Fach oder Tiefk\xc3\xbchltruhe).ArtikeldetailsMarke: Dr. OetkerUrsprungsland: DeutschlandKontaktKontaktname: DR. AUGUST OETKER NAHRUNGSMITTEL KGKontaktadresse: Lutterstra\xc3\x9fe 14 - 33617 BielefeldMaximale Bestellmenge: 15 St\xc3\xbcckF\xc3\xbcr die vorstehenden Angaben wird keine Haftung \xc3\xbcbernommen. Bitte pr\xc3\xbcfen Sie im Einzelfall die Angaben auf der jeweiligen Produktverpackung, nur diese sind verbindlich.Das Produktdesign kann von der Abbildung abweichen.'",Kurfürstenanlage 6,Rewe,Tiefkühl,2023-07-09,"Gültig ab morgen bis Samstag, 15.07.2023"
Iglo Schlemmerfilet Bordelaise Classic,https://img.rewe-static.de/KLEIN28_2023/8030937/30477207-17_digital-image.png?impolicy=s-offers&imwidth=200&output-format=image/webp,,https://shop.rewe.de/productList?search=2832136,,"tiefgefroren , je 380-g-Pckg , (1 kg = 7.87)",Aktion,"2,99 €","b'ProduktbeschreibungArtikelnummer 8030937Zutaten & AllergeneZutaten: ALASKA SEELACHS-FILET (71%), Wasser, Raps\xc3\xb6l, Paniermehl (WEIZENMEHL, Wasser, Gew\xc3\xbcrze (Paprikapulver, Kurkuma), Salz, Hefe), Zwiebeln, Zitronensaft aus Zitronensaftkonzentrat, Petersilie, Salz, EIPULVER, St\xc3\xa4rke, Gew\xc3\xbcrze (Paprikapulver, Zwiebelpulver, Knoblauchpulver)N\xc3\xa4hrwerteDurchschnittliche N\xc3\xa4hrwerteUnzubereitet pro 100 gEnergie628 kJEnergie150 kcalFett8,7 gFett, davon ges\xc3\xa4ttigte Fetts\xc3\xa4uren0,7 gKohlenhydrate5 gKohlenhydrate, davon Zucker0,5 gBallaststoffe0,5 gEiwei\xc3\x9f13 gSalz1,2 gHinweiseAufbewahrungs- und Verwendungshinweis: Aufbewahrung zu Hause: Bei minus 18\xc2\xb0C (Tiefk\xc3\xbchltruhe oder ***-Fach) mindestens haltbar bis Ende: siehe Verpackungsaufdruck.ArtikeldetailsMarke: IgloUrsprungsland: DeutschlandKontaktKontaktname: iglo GmbHKontaktadresse: Postfach 570 521, 22774 HamburgMaximale Bestellmenge: 15 St\xc3\xbcckF\xc3\xbcr die vorstehenden Angaben wird keine Haftung \xc3\xbcbernommen. Bitte pr\xc3\xbcfen Sie im Einzelfall die Angaben auf der jeweiligen Produktverpackung, nur diese sind verbindlich.Das Produktdesign kann von der Abbildung abweichen.'",Kurfürstenanlage 6,Rewe,Tiefkühl,2023-07-09,"Gültig ab morgen bis Samstag, 15.07.2023"
Iglo Filegro Ofen-Backfisch,https://img.rewe-static.de/KLEIN28_2023/1148717/19141120-88_digital-image.png?impolicy=s-offers&imwidth=200&output-format=image/webp,,https://shop.rewe.de/productList?search=2832136,,"tiefgefroren , je 240-g-Pckg , (1 kg = 12.46)",Aktion,"2,99 €","b'ProduktbeschreibungArtikelnummer 1148717Das iglo Filegro Traditioneller Ofen-Backfisch enth\xc3\xa4lt 100% saftiges Alaska Seelachsfilet und ist umh\xc3\xbcllt von einem lecker-knusprigen Backteig, der speziell f\xc3\xbcr die Zubereitung im Ofen entwickelt wurde. \nIglo setzt ausschlie\xc3\x9flich auf den Einsatz von MSC zertifiziertem Fisch. Daher wird der Alaska Seelachs zu 100% aus verantwortungsbewussten Quellen bezogen und durch den Einsatz modernster Produktionsmethoden wird absolute Frische und Qualit\xc3\xa4t garantiert. \n- 100% Fischfilet\n- Umh\xc3\xbcllt mit lecker-knusprigen Backteig\n- Ohne Zusatz von k\xc3\xbcnstlichen Aromen, Farbstoffen und Geschmacksverst\xc3\xa4rkern\n- Nat\xc3\xbcrliche Quelle von Omega 3\n- Tiefgefroren... mehr anzeigenZutaten & AllergeneZutaten: ALASKA SEELACHS-FILET (54%), pflanzliches \xc3\x96l, WEIZENMEHL, Paniermehl (WEIZENMEHL, Salz, Traubenzucker), Wasser, Kartoffelst\xc3\xa4rke, WEIZENST\xc3\x84RKE, Salz, Backtriebmittel: Diphosphate und Natriumcarbonate, Maismehl, Traubenzucker, MAGERMILCHPULVER.N\xc3\xa4hrwerteDurchschnittliche N\xc3\xa4hrwerteUnzubereitet pro 100 gEnergie1.046 kJEnergie251 kcalFett14,5 gFett, davon ges\xc3\xa4ttigte Fetts\xc3\xa4uren1,3 gKohlenhydrate18,1 gKohlenhydrate, davon Zucker0,4 gBallaststoffe0,6 gEiwei\xc3\x9f11,6 gSalz1,25 gHinweiseAufbewahrungs- und Verwendungshinweis:  Aufbewahrung zu Hause: *** - Fach oder Tiefk\xc3\xbchltruhe (bei minus 18\xc2\xb0 C) mindestens haltbar bis Ende: sie Packungsseite, Aufbewahrung zu Hause: ** - Fach 2 Wochen, Aufbewahrung zu Hause: * - Fach einige Tage.ArtikeldetailsMarke: IgloUrsprungsland: DeutschlandKontaktKontaktname: iglo GmbHKontaktadresse: Postfach 570 521, 22774 HamburgMaximale Bestellmenge: 15 St\xc3\xbcckF\xc3\xbcr die vorstehenden Angaben wird keine Haftung \xc3\xbcbernommen. Bitte pr\xc3\xbcfen Sie im Einzelfall die Angaben auf der jeweiligen Produktverpackung, nur diese sind verbindlich.Das Produktdesign kann von der Abbildung abweichen.'",Kurfürstenanlage 6,Rewe,Tiefkühl,2023-07-09,"Gültig ab morgen bis Samstag, 15.07.2023"
Langnese Family Mix Multipackung,https://img.rewe-static.de/KLEIN28_2023/8900513/38330307-12_digital-image.png?impolicy=s-offers&imwidth=200&output-format=image/webp,,https://shop.rewe.de/productList?search=2832136,,"je 462-ml-Pckg , (1 l = 6.47)",Aktion,"2,99 €","b'ProduktbeschreibungArtikelnummer 8900513Ein Mix, der das Beste von Langnese zusammen bringt und f\xc3\xbcr jeden in der Familie etwas bietet. Der Family Mix besteht aus Flutschfinger (1x), Capri (2x), Magnum Mini Classic (2x), Cuja Mara Split (1x) und Nogger (1x).Zutaten & AllergeneZutaten: Langnese Family Mix - Capri Zutaten: Orangensaft aus Orangensaftkonzentrat (53%), Trinkwasser, Zucker, Glukose-Fruktose-Sirup, S\xc3\xa4ureregulator (Citronens\xc3\xa4ure), Stabilisatoren (Guarkernmehl, Tarakernmehl, Johannisbrotkernmehl), Farbstoff (Carotin), nat\xc3\xbcrliche Orangenaromen. Kann Milch und Soja enthalten. Langnese Family Mix - Cuja Mara Split Zutaten: Orangensaft aus Orangensaftkonzentrat (24%), entrahmte MILCH (21%), Passionsfruchtsaft aus Passionsfruchtsaftkonzentrat (15%), Trinkwasser, Zucker, Kokosfett, Glukosesirup, Glukose-Fruktose-Sirup, MOLKENERZEUGNIS, Fruktose, Stabilisatoren (Guarkernmehl, Johannisbrotkernmehl, Tarakernmehl), Farbstoff (Carotin), Emulgator (Mono- und Diglyceride von Speisefetts\xc3\xa4uren), nat\xc3\xbcrliches Vanillearoma\xc2\xb9, S\xc3\xa4ureregulator (Citronens\xc3\xa4ure). Kann Mandel, Ei, Haselnuss, Soja und Weizen enthalten. \xc2\xb9Rainforest Alliance-zertifiziert. Langnese Family Mix - Flutschfinger Zutaten: Trinkwasser, Zucker, Orangensaft aus Orangensaftkonzentrat (10%), Glukose-Fruktose-Sirup, Erdbeersaft aus Erdbeersaftkonzentrat (4,5%), Glukosesirup, Fruktose, Zitronensaft aus Zitronensaftkonzentrat (0,6%), S\xc3\xa4ureregulator (Citronens\xc3\xa4ure), Stabilisatoren (Johannisbrotkernmehl, Tarakernmehl, Guarkernmehl), Schwarze-Karotte-Konzentrat, F\xc3\xa4rberdistelkonzentrat, Farbstoffe (Paprikaextrakt, Kurkumin, Chlorophylle), Aromen. Kann Haselnuss, Milch, Soja und Weizen enthalten. Langnese Family Mix - Magnum Mini Classic Zutaten: Entrahmte MILCH, Zucker, Kakaobutter\xc2\xb9, Kakaomasse\xc2\xb9, Trinkwasser, Kokosfett, Glukosesirup, VOLLMILCHPULVER, Glukose-Fruktose-Sirup, MOLKENERZEUGNIS, BUTTERFETT, Emulgatoren (E471, Lecithine (SOJA), E476), vermahlene Vanilleschoten, Stabilisatoren (Johannisbrotkernmehl, Guarkernmehl, Carrageen), nat\xc3\xbcrliches Vanillearoma\xc2\xb9 (mit MILCH), Aroma, Farbstoff (Carotin). Kann Mandeln enthalten.\xc2\xb9Rainforest Alliance-zertifiziert. Langnese Family Mix - Nogger Zutaten: entrahmte MILCH, Kokosfett, Zucker, Glukose-Fruktose-Sirup, Trinkwasser, Glukosesirup, HASELNUSS-St\xc3\xbcckchen, fettarmer Kakao\xc2\xb9 (3%), WEIZENMEHL, MOLKENERZEUGNIS, MAGERMILCH-Pulver oder -Konzentrat, Stabilisatoren (Guarkernmehl, Johannisbrotkernmehl, Tarakernmehl), Emulgatoren (Mono- und Diglyceride von Speisefetts\xc3\xa4uren, Ammoniumphosphatide), Speisesalz, Backtriebmittel (Ammoniumcarbonate), nat\xc3\xbcrliches Vanillearoma\xc2\xb9. Kann Pistazie und Soja enthalten. \xc2\xb9Rainforest Alliance-zertifiziert.Allergenhinweise: Enth\xc3\xa4lt: Milch und Milcherzeugnisse (einschlie\xc3\x9flich Lactose). N\xc3\xbcsse und Nusserzeugnisse. Soja und Sojaerzeugnisse. Haselnuss und Haselnusserzeugnisse. Weizen und Weizenerzeugnisse (glutenhaltiges Getreide). Kann enthalten: Eier und Eierzeugnisse. Glutenhaltiges Getreide und glutenhaltige Getreideerzeugnisse.N\xc3\xa4hrwerteDurchschnittliche N\xc3\xa4hrwerteUnzubereitet pro 100 mlEnergie413 kJEnergie98 kcalFett< 0,5 gFett, davon ges\xc3\xa4ttigte Fetts\xc3\xa4uren< 0,1 gKohlenhydrate23 gKohlenhydrate, davon Zucker22 gEiwei\xc3\x9f< 0,5 gSalz< 0,01 gHinweiseAufbewahrungs- und Verwendungshinweis: Bei -18\xc2\xb0C mindestens haltbar bis Ende: siehe PackungsaufdruckArtikeldetailsMarke: LangneseUrsprungsland: UngarnKontaktKontaktname: Unilever DeutschlandKontaktadresse: Postfach 570 385, 22772 HamburgMaximale Bestellmenge: 15 St\xc3\xbcckF\xc3\xbcr die vorstehenden Angaben wird keine Haftung \xc3\xbcbernommen. Bitte pr\xc3\xbcfen Sie im Einzelfall die Angaben auf der jeweiligen Produktverpackung, nur diese sind verbindlich.Das Produktdesign kann von der Abbildung abweichen.'",Kurfürstenanlage 6,Rewe,Tiefkühl,2023-07-09,"Gültig ab morgen bis Samstag, 15.07.2023"
Leicht & Cross Knusper Rustica,https://img.rewe-static.de/KLEIN28_2023/8186660/28377819-16_digital-image.png?impolicy=s-offers&imwidth=200&output-format=image/webp,,https://shop.rewe.de/productList?search=2832136,,"versch. Sorten , je 130-g-Pckg , (1 kg = 7.62)",Aktion,"0,99 €","b'ProduktbeschreibungArtikelnummer 8186660Mein KnusperRustica Dreikorn: \xc3\x9cberzeugt mit einem besonders kr\xc3\xa4ftigen Geschmack von Roggen, Dinkel und Buchweizen \xe2\x80\x93 eine Kombination mit Biss.Zutaten & AllergeneZutaten: ROGGENVOLLKORNMEHL, ROGGENMEHL, DINKELWEIZENMEHL, Reismehl, ROGGENMALZMEHL, Zucker, Sonnenblumen\xc3\xb6l, Salz. Zur Herstellung von 100g des Produktes werden 40,5g Roggenvollkornmehl, 40g Roggenmehl, 11g Dinkelweizenmehl, 6g Reismehl und 5g Roggenmalzmehl verwendet. Kann Spuren enthalten von: SOJA, MILCH, EI, SESAM.Allergenhinweise: Enth\xc3\xa4lt: Roggen und Roggenerzeugnisse (glutenhaltiges Getreide). Dinkel und Dinkelerzeugnisse (glutenhaltiges Getreide). Kann enthalten: Soja und Sojaerzeugnisse. Milch und Milcherzeugnisse (einschlie\xc3\x9flich Lactose). Eier und Eierzeugnisse. Sesamsamen und Sesamsamenerzeugnisse.N\xc3\xa4hrwerteDurchschnittliche N\xc3\xa4hrwerteUnzubereitet pro 100 gEnergie1.554 kJEnergie367 kcalFett3 gFett, davon ges\xc3\xa4ttigte Fetts\xc3\xa4uren0,4 gKohlenhydrate72 gKohlenhydrate, davon Zucker3,7 gBallaststoffe8 gEiwei\xc3\x9f9,1 gSalz1,2 gHinweiseAufbewahrungs- und Verwendungshinweis: Nach dem \xc3\x96ffnen LEICHT&CROSS-Knusperbrot trocken aufbewahren und innerhalb weniger Tage verzehren. Vor W\xc3\xa4rme sch\xc3\xbctzen. Trocken lagern.Mindestens haltbar bis: siehe BodenArtikeldetailsMarke: Leicht & CrossEigenschaften: Vegan, Vegetarisch, LaktosefreiUrsprungsland: DeutschlandKontaktKontaktname: Griesson - de BeukelaerKontaktadresse: D-56751 PolchMaximale Bestellmenge: 15 St\xc3\xbcckF\xc3\xbcr die vorstehenden Angaben wird keine Haftung \xc3\xbcbernommen. Bitte pr\xc3\xbcfen Sie im Einzelfall die Angaben auf der jeweiligen Produktverpackung, nur diese sind verbindlich.Das Produktdesign kann von der Abbildung abweichen.'",Kurfürstenanlage 6,Rewe,Frühstück,2023-07-09,"Gültig ab morgen bis Samstag, 15.07.2023"
Lavazza Espresso Kaffeekapseln,https://img.rewe-static.de/KLEIN28_2023/8810470/35732285-9_digital-image.png?impolicy=s-offers&imwidth=200&output-format=image/webp,,https://shop.rewe.de/productList?search=2832136,,"je 57-g-Pckg , (1 kg = 43.68)",Aktion,"2,49 €","b'ProduktbeschreibungArtikelnummer 8810470ArtikeldetailsMarke: LavazzaUrsprungsland: ItalienKontaktKontaktname: Luigi Lavazza Deutschland GmbHKontaktadresse: Platz der Einheit 260327 Frankfurt/M.F\xc3\xbcr die vorstehenden Angaben wird keine Haftung \xc3\xbcbernommen. Bitte pr\xc3\xbcfen Sie im Einzelfall die Angaben auf der jeweiligen Produktverpackung, nur diese sind verbindlich.Das Produktdesign kann von der Abbildung abweichen.'",Kurfürstenanlage 6,Rewe,Frühstück,2023-07-09,"Gültig ab morgen bis Samstag, 15.07.2023"
Lavazza Tierra Kaffeekapseln,https://img.rewe-static.de/KLEIN28_2023/8751427/35732387-9_digital-image.png?impolicy=s-offers&imwidth=200&output-format=image/webp,,https://shop.rewe.de/productList?search=2832136,,"je 55-g-Pckg , (1 kg = 45.27)",Aktion,"2,49 €","b'ProduktbeschreibungArtikelnummer 8751427ArtikeldetailsMarke: LavazzaEigenschaften: BioUrsprungsland: Italien\xc3\x96ko Kontrollstelle: IT-BIO-009Ort der Erzeugung: EU-LandwirtschaftKontaktKontaktname: Luigi Lavazza Deutschland GmbHKontaktadresse: Platz der Einheit 2, 60327 Frankfurt/M.F\xc3\xbcr die vorstehenden Angaben wird keine Haftung \xc3\xbcbernommen. Bitte pr\xc3\xbcfen Sie im Einzelfall die Angaben auf der jeweiligen Produktverpackung, nur diese sind verbindlich.Das Produktdesign kann von der Abbildung abweichen.'",Kurfürstenanlage 6,Rewe,Frühstück,2023-07-09,"Gültig ab morgen bis Samstag, 15.07.2023"
Corny Müsliriegel Milch Classic,https://img.rewe-static.de/KLEIN28_2023/0544828/22736757-25_digital-image.png?impolicy=s-offers&imwidth=200&output-format=image/webp,,https://shop.rewe.de/productList?search=2832136,,"je 4 x 30-g-Riegel-Pckg , (1 kg = 10.75)",Knaller,"1,29 €","b'ProduktbeschreibungArtikelnummer 544828Ohne Zusatz von Konservierungsstoffen.* *lt. Gesetz\r\nOhne Farbstoffe\r\nCremig Lecker\r\nCream up your crunchZutaten & AllergeneZutaten: Kakaohaltige Getreidecrispies 17% (Reismehl, WEIZENMEHL, fettarmes Kakaopulver, VOLLMILCHPULVER 2%, Zucker, Maismehl, Salz), Cornflakes 15% (Mais, Zucker, Salz, GERSTENMALZEXTRAKT), Kokosfett, Glukosesirup, Glukose-Fruktose-Sirup, Oligofruktose, Traubenzucker, VOLLKORNHAFERFLOCKEN 5%, Honig 5%, Zucker, Palm\xc3\xb6l, VOLLMILCHPULVER 3%, MAGERMILCHPULVER 3%, Stabilisator Glycerin, Karamellzuckersirup, Salz, Emulgator Lecithine, nat\xc3\xbcrliche Aromen.Allergenhinweise: Enth\xc3\xa4lt: Glutenhaltiges Getreide und glutenhaltige Getreideerzeugnisse. Milch und Milcherzeugnisse (einschlie\xc3\x9flich Lactose). Kann enthalten: N\xc3\xbcsse und Nusserzeugnisse. Erdn\xc3\xbcsse und Erdnusserzeugnisse.N\xc3\xa4hrwerteDurchschnittliche N\xc3\xa4hrwerteUnzubereitet pro 100 gEnergie1.882 kJEnergie449 kcalFett19,1 gFett, davon ges\xc3\xa4ttigte Fetts\xc3\xa4uren16,1 gKohlenhydrate60,5 gKohlenhydrate, davon Zucker30,3 gBallaststoffe6,4 gEiwei\xc3\x9f5,8 gSalz0,74 gHinweiseAufbewahrungs- und Verwendungshinweis: Vor W\xc3\xa4rme sch\xc3\xbctzen. K\xc3\xbchl und trocken lagern.ArtikeldetailsMarke: CORNYUrsprungsland: DeutschlandKontaktKontaktname: Schwartauer Werke GmbH & Co. KGaAKontaktadresse: 23608 Bad SchwartauMaximale Bestellmenge: 15 St\xc3\xbcckF\xc3\xbcr die vorstehenden Angaben wird keine Haftung \xc3\xbcbernommen. Bitte pr\xc3\xbcfen Sie im Einzelfall die Angaben auf der jeweiligen Produktverpackung, nur diese sind verbindlich.Das Produktdesign kann von der Abbildung abweichen.'",Kurfürstenanlage 6,Rewe,Frühstück,2023-07-09,"Gültig ab morgen bis Samstag, 15.07.2023"
Corny Müsliriegel Schoko,https://img.rewe-static.de/KLEIN28_2023/0544800/1238460-61_digital-image.png?impolicy=s-offers&imwidth=200&output-format=image/webp,,https://shop.rewe.de/productList?search=2832136,,"je 6 x 25-g-Riegel-Pckg , (1 kg = 8.60)",Knaller,"1,29 €","b'ProduktbeschreibungArtikelnummer 544800Ohne Farbstoffe\r\nOhne Zusatz von Konservierungsstoffen*. *lt. Gesetz\r\nMit 10% Vollkorn\r\n24% MilchschokoladeZutaten & AllergeneZutaten: MILCHSCHOKOLADE 24% (Zucker, Kakaomasse, Kakaobutter, MAGERMILCHPULVER, BUTTERFETT, Emulgator Lecithine), Getreidecrispies (WEIZENMEHL, Zucker, Reismehl, Maismehl, GERSTENMALZEXTRAKT, Salz, Karamellzuckersirup), Glukosesirup, Glukose-Fruktose-Sirup, Vollkorngetreideflocken 10% (HAFER-, WEIZEN-, GERSTEN-), ger\xc3\xb6stete ERDN\xc3\x9cSSE, Zucker, Kokosfett, Cornflakes (Mais, Salz, GERSTENMALZEXTRAKT), Honig 1%, nat\xc3\xbcrliches Aroma, Salz, Karamellzuckersirup, Emulgator LecithineAllergenhinweise: Enth\xc3\xa4lt: Glutenhaltiges Getreide und glutenhaltige Getreideerzeugnisse. Erdn\xc3\xbcsse und Erdnusserzeugnisse. Milch und Milcherzeugnisse (einschlie\xc3\x9flich Lactose). Kann enthalten: Haselnuss und Haselnusserzeugnisse. Mandeln und Mandelerzeugnisse.N\xc3\xa4hrwerteDurchschnittliche N\xc3\xa4hrwerteUnzubereitet pro 100 gEnergie1.914 kJEnergie456 kcalFett17,5 gFett, davon ges\xc3\xa4ttigte Fetts\xc3\xa4uren10,2 gKohlenhydrate66,6 gKohlenhydrate, davon Zucker34,1 gBallaststoffe3,3 gEiwei\xc3\x9f6,3 gSalz0,51 gHinweiseAufbewahrungs- und Verwendungshinweis: Vor W\xc3\xa4rme sch\xc3\xbctzen. K\xc3\xbchl und trocken lagern.ArtikeldetailsMarke: CORNYUrsprungsland: DeutschlandSorte: SchokoKontaktKontaktname: Schwartauer Werke GmbH & Co. KGaAKontaktadresse: 23608 Bad SchwartauMaximale Bestellmenge: 15 St\xc3\xbcckF\xc3\xbcr die vorstehenden Angaben wird keine Haftung \xc3\xbcbernommen. Bitte pr\xc3\xbcfen Sie im Einzelfall die Angaben auf der jeweiligen Produktverpackung, nur diese sind verbindlich.Das Produktdesign kann von der Abbildung abweichen.'",Kurfürstenanlage 6,Rewe,Frühstück,2023-07-09,"Gültig ab morgen bis Samstag, 15.07.2023"
Lavazza Caffè Crema Classico oder Crema e Aroma,https://img.rewe-static.de/KLEIN28_2023/0293182/30798874-10_digital-image.png?impolicy=s-offers&imwidth=200&output-format=image/webp,,https://shop.rewe.de/productList?search=2832136,,"ganze Bohnen , je 1000-g-Btl",Knaller,"9,99 €","b'ProduktbeschreibungArtikelnummer 293182Eine sehr vielseitige Mischung aus Arabica und Robusta Bohnen. HinweiseAufbewahrungs- und Verwendungshinweis: trocken lagern.ArtikeldetailsMarke: LavazzaUrsprungsland: ItalienKontaktKontaktname: LUIGI LAVAZZA S.p.A.Kontaktadresse: C. SO NOVARA, 59- 10154 TORINO - ITALIAMaximale Bestellmenge: 15 St\xc3\xbcckF\xc3\xbcr die vorstehenden Angaben wird keine Haftung \xc3\xbcbernommen. Bitte pr\xc3\xbcfen Sie im Einzelfall die Angaben auf der jeweiligen Produktverpackung, nur diese sind verbindlich.Das Produktdesign kann von der Abbildung abweichen.'",Kurfürstenanlage 6,Rewe,Frühstück,2023-07-09,"Gültig ab morgen bis Samstag, 15.07.2023"
Jacobs Tassimokapseln Cappuccino,https://img.rewe-static.de/KLEIN28_2023/1398796/20366868-22_digital-image.png?impolicy=s-offers&imwidth=200&output-format=image/webp,,https://shop.rewe.de/productList?search=2832136,,"je 260-g-Pckg , (1 kg = 15.35)",Aktion,"3,99 €","b'ProduktbeschreibungArtikelnummer 1398796K\xc3\xb6stlich cremiger Cappuccino von Tassimo mit dem Jacobs Verw\xc3\xb6hnaroma. Eine Kombination aus intensivem Espresso mit feinem Schaum. \nIhr Lieblingsgetr\xc3\xa4nk - vollautomatisch mit nur einem Knopfdruck zubereitet. \n1 Getr\xc3\xa4nk = 190 ml. Der Tassimo Cappuccino Classico von Jacobs ist eine Kombination aus intensivem Espresso und einer Milchschaumschicht. Eine speziell hergestellte Mischung aus perfekt ger\xc3\xb6steten Espressobohnen, um den authentischen Cappuccino-Geschmack zu kreieren. Genie\xc3\x9fe die Kombination aus intensivem Espresso und feinem Schaum mit dem k\xc3\xb6stlichen Jacobs Cappuccino.Zutaten & AllergeneZutaten: Ultrafiltriertes VOLLMILCHKONZENTRAT (60%), gemahlener R\xc3\xb6stkaffee (20%), Zucker (11%), Wasser, Salz, S\xc3\xa4ureregulator (E339).Allergenhinweise: VOLLMILCHKONZENTRATEnth\xc3\xa4lt: Milch und Milcherzeugnisse (einschlie\xc3\x9flich Lactose).N\xc3\xa4hrwerteDurchschnittliche N\xc3\xa4hrwerteZubereitet pro 100 mlEnergie105 kJEnergie25 kcalFett1,3 gFett, davon ges\xc3\xa4ttigte Fetts\xc3\xa4uren0,9 gKohlenhydrate2,2 gKohlenhydrate, davon Zucker2,2 gBallaststoffe0 gEiwei\xc3\x9f1,1 gSalz0,1 gHinweiseAufbewahrungs- und Verwendungshinweis: Trocken, dunkel lagern und vor W\xc3\xa4rme sch\xc3\xbctzen.Information: unter Schutzatmosph\xc3\xa4re verpacktArtikeldetailsMarke: TassimoUrsprungsland: DeutschlandKontaktKontaktname: JACOBS DOUWE EGBERTSKontaktadresse: Oosterdoksstraat 80, 1011 DK Amsterdam, The NetherlandsMaximale Bestellmenge: 15 St\xc3\xbcckF\xc3\xbcr die vorstehenden Angaben wird keine Haftung \xc3\xbcbernommen. Bitte pr\xc3\xbcfen Sie im Einzelfall die Angaben auf der jeweiligen Produktverpackung, nur diese sind verbindlich.Das Produktdesign kann von der Abbildung abweichen.'",Kurfürstenanlage 6,Rewe,Frühstück,2023-07-09,"Gültig ab morgen bis Samstag, 15.07.2023"
Jacobs Tassimokapseln Caffè Crema XL,https://img.rewe-static.de/KLEIN28_2023/1398793/20366870-34_digital-image.png?impolicy=s-offers&imwidth=200&output-format=image/webp,,https://shop.rewe.de/productList?search=2832136,,"je 132,8-g-Pckg , (1 kg = 30.05)",Aktion,"3,99 €","b'ProduktbeschreibungArtikelnummer 1398793Mit der praktischen XL-Becherportion h\xc3\xa4lt der Kaffeegenuss des Tassimo Jacobs Caff\xc3\xa8 Crema Classico XL noch l\xc3\xa4nger an. Erleben Sie den vollmundigen Geschmack des Jacobs Verw\xc3\xb6hnaromas und die samtige, goldene Crema. \nIhr Lieblingsgetr\xc3\xa4nk - vollautomatisch mit nur einem Knopfdruck zubereitet. \n1 Getr\xc3\xa4nk = 215 ml. Mit der praktischen XL-Becherportion h\xc3\xa4lt der Kaffeegenuss des TASSIMO Jacobs Caff\xc3\xa8 Crema classico XL noch l\xc3\xa4nger an. Erleben Sie den vollmundigen Geschmack des Jacobs Verw\xc3\xb6hnaromas und die samtige, goldene Crema. \nIhr Lieblingsgetr\xc3\xa4nk - vollautomatisch mit nur einem Knopfdruck zubereitet. \n1 Getr\xc3\xa4nk = 215 mlZutaten & AllergeneAllergenhinweise: Enth\xc3\xa4lt: Keine deklarationspflichtigen Allergene enthalten.HinweiseAufbewahrungs- und Verwendungshinweis: Trocken lagern und vor W\xc3\xa4rme sch\xc3\xbctzen.Information: unter Schutzatmosph\xc3\xa4re verpacktArtikeldetailsMarke: TassimoUrsprungsland: DeutschlandSorte: ClassicoKontaktKontaktname: JACOBS DOUWE EGBERTSKontaktadresse: Oosterdoksstraat 80, 1011 DK Amsterdam, The NetherlandsMaximale Bestellmenge: 15 St\xc3\xbcckF\xc3\xbcr die vorstehenden Angaben wird keine Haftung \xc3\xbcbernommen. Bitte pr\xc3\xbcfen Sie im Einzelfall die Angaben auf der jeweiligen Produktverpackung, nur diese sind verbindlich.Das Produktdesign kann von der Abbildung abweichen.'",Kurfürstenanlage 6,Rewe,Frühstück,2023-07-09,"Gültig ab morgen bis Samstag, 15.07.2023"
Mestemacher Wraps,https://img.rewe-static.de/KLEIN28_2023/8722477/35581003-6_digital-image.png?impolicy=s-offers&imwidth=200&output-format=image/webp,,https://shop.rewe.de/productList?search=2832136,,"versch. Sorten , je 300-g-Pckg , (1 kg = 7.30)",Aktion,"2,19 €","b'ProduktbeschreibungArtikelnummer 8722477Man nehme italienisches Temperament, ein Originalrezept und kaltgepresstes Oliven\xc3\xb6l. Diese Zutaten machen unsere Wraps zu etwas ganz Besonderem!Zutaten & AllergeneZutaten: DINKELMEHL*1), Wasser, natives Oliven\xc3\xb6l extra* (5 %), Sonnenblumen\xc3\xb6l*, Meersalz, nat\xc3\xbcrliches Rosmarinaroma. * aus biologischem Landbau 1)Mit Dinkelmehl aus der EU. Kann Spuren von SOJA und SENF enthalten.Allergenhinweise: Enth\xc3\xa4lt: Glutenhaltiges Getreide und glutenhaltige Getreideerzeugnisse. Dinkel und Dinkelerzeugnisse (glutenhaltiges Getreide). Kann enthalten: Soja und Sojaerzeugnisse. Senf- und Senferzeugnisse.N\xc3\xa4hrwerteDurchschnittliche N\xc3\xa4hrwerteUnzubereitet pro 100 gEnergie1.280 kJEnergie304 kcalFett8,6 gFett, davon ges\xc3\xa4ttigte Fetts\xc3\xa4uren1,1 gKohlenhydrate45,7 gKohlenhydrate, davon Zucker1 gBallaststoffe3,1 gEiwei\xc3\x9f9,5 gSalz1,1 gHinweiseAufbewahrungs- und Verwendungshinweis: K\xc3\xbchl und trocken lagern.ArtikeldetailsMarkeMestemacherEigenschaftenVegan, BioUrsprungslandItalienServiervorschlagNach Belieben f\xc3\xbcllen, z.B. mit Salat oder Geschnetzeltem.\xc3\x96ko KontrollstelleIT-BIO-007Ort der ErzeugungEU-LandwirtschaftKontaktKontaktname: Mestemacher GmbHKontaktadresse: Postfach 2451 - 33254 G\xc3\xbcterslohF\xc3\xbcr die vorstehenden Angaben wird keine Haftung \xc3\xbcbernommen. Bitte pr\xc3\xbcfen Sie im Einzelfall die Angaben auf der jeweiligen Produktverpackung, nur diese sind verbindlich.Das Produktdesign kann von der Abbildung abweichen.'",Kurfürstenanlage 6,Rewe,Frühstück,2023-07-09,"Gültig ab morgen bis Samstag, 15.07.2023"
Wasa Milch & Joghurtknäcke,https://img.rewe-static.de/KLEIN28_2023/7909062/33278373-9_digital-image.png?impolicy=s-offers&imwidth=200&output-format=image/webp,,https://shop.rewe.de/productList?search=2832136,,"je 230-g-Pckg , (1 kg = 8.65)",Aktion,"1,99 €","b'ProduktbeschreibungArtikelnummer 7909062Zutaten & AllergeneZutaten: ROGGENVOLLKORNMEHL (105 g**), entrahmte MILCH (16 g**), JOGHURTPULVER, MOLKENPULVER, Salz. Kann Spuren von SESAMSAMEN enthalten. Die hervorgehobenen Zutaten k\xc3\xb6nnen bei Personen mit Allergien und Unvertr\xc3\xa4glichkeiten Reaktionen verursachen. . **in g pro 100 g ProduktAllergenhinweise: Enth\xc3\xa4lt: Glutenhaltiges Getreide und glutenhaltige Getreideerzeugnisse. Roggen und Roggenerzeugnisse (glutenhaltiges Getreide). Milch und Milcherzeugnisse (einschlie\xc3\x9flich Lactose). Kann enthalten: Sesamsamen und Sesamsamenerzeugnisse.N\xc3\xa4hrwerteDurchschnittliche N\xc3\xa4hrwerteUnzubereitet pro 100 gEnergie1.424 kJEnergie338 kcalFett2 gFett, davon ges\xc3\xa4ttigte Fetts\xc3\xa4uren0,3 gKohlenhydrate60,5 gKohlenhydrate, davon Zucker3,5 gBallaststoffe20 gEiwei\xc3\x9f9,5 gSalz1,15 gHinweiseAufbewahrungs- und Verwendungshinweis: Trocken und vor Licht gesch\xc3\xbctzt aufbewahren.ArtikeldetailsMarke: WasaUrsprungsland: DeutschlandKontaktKontaktname: Barilla Deutschland GmbH, Bereich WasaKontaktadresse: Wasastra\xc3\x9fe 10, D-29229 CelleMaximale Bestellmenge: 15 St\xc3\xbcckF\xc3\xbcr die vorstehenden Angaben wird keine Haftung \xc3\xbcbernommen. Bitte pr\xc3\xbcfen Sie im Einzelfall die Angaben auf der jeweiligen Produktverpackung, nur diese sind verbindlich.Das Produktdesign kann von der Abbildung abweichen.'",Kurfürstenanlage 6,Rewe,Frühstück,2023-07-09,"Gültig ab morgen bis Samstag, 15.07.2023"
Lavazza Crema e Gusto oder Espresso,https://img.rewe-static.de/KLEIN28_2023/7713584/29141056-8_digital-image.png?impolicy=s-offers&imwidth=200&output-format=image/webp,,https://shop.rewe.de/productList?search=2832136,,"versch. Sorten , je 250-g-Pckg , (1 kg = 13.96)",Aktion,"3,49 €","b'ProduktbeschreibungArtikelnummer 7713584Die Mischung besteht aus einer Auswahl hochwertiger, rassiger Arabicas (30 %) und Robustas (70 %) und ist ideal f\xc3\xbcr all diejenigen geeignet, die jeden Augenblick des Tages ein intensives Geschmackserlebnis genie\xce\xb2en m\xc3\xb6chten. HinweiseAufbewahrungs- und Verwendungshinweis: trocken lagern.ArtikeldetailsMarke: LavazzaUrsprungsland: ItalienSorte: Crema e GustoKontaktKontaktname: LUIGI LAVAZZA S.p.A.Kontaktadresse: C. SO NOVARA, 59- 10154 TORINO - ITALIAMaximale Bestellmenge: 15 St\xc3\xbcckF\xc3\xbcr die vorstehenden Angaben wird keine Haftung \xc3\xbcbernommen. Bitte pr\xc3\xbcfen Sie im Einzelfall die Angaben auf der jeweiligen Produktverpackung, nur diese sind verbindlich.Das Produktdesign kann von der Abbildung abweichen.'",Kurfürstenanlage 6,Rewe,Frühstück,2023-07-09,"Gültig ab morgen bis Samstag, 15.07.2023"
Wasa Knäckebrot Rustikal,https://img.rewe-static.de/KLEIN28_2023/1995073/674470-38_digital-image.png?impolicy=s-offers&imwidth=200&output-format=image/webp,,https://shop.rewe.de/productList?search=2832136,,"je 275-g-Pckg , (1 kg = 7.24)",Aktion,"1,99 €","b'ProduktbeschreibungArtikelnummer 1995073Zutaten & AllergeneZutaten: ROGGENVOLLKORNMEHL, ROGGENKLEIE, Salz, Hefe. DIE HERVORGEHOBENEN ZUTATEN K\xc3\x96NNEN BEI PERSONEN MIT ALLERGIEN UND UNVERTR\xc3\x84GLICHKEITEN REAKTIONEN VERURSACHEN.Allergenhinweise: Enth\xc3\xa4lt: Glutenhaltiges Getreide und glutenhaltige Getreideerzeugnisse. Roggen und Roggenerzeugnisse (glutenhaltiges Getreide).N\xc3\xa4hrwerteDurchschnittliche N\xc3\xa4hrwerteUnzubereitet pro 100 gEnergie1.377 kJEnergie327 kcalFett1,5 gFett, davon ges\xc3\xa4ttigte Fetts\xc3\xa4uren0,4 gKohlenhydrate59,3 gKohlenhydrate, davon Zucker1,5 gBallaststoffe20 gEiwei\xc3\x9f9 gSalz1,25 gHinweiseAufbewahrungs- und Verwendungshinweis: Trocken und vor Licht gesch\xc3\xbctzt aufbewahrenArtikeldetailsMarke: WasaUrsprungsland: SchwedenKontaktKontaktname: Barilla Deutschland GmbH, Bereich WasaKontaktadresse: Wasastra\xc3\x9fe 10, D-29229 CelleMaximale Bestellmenge: 15 St\xc3\xbcckF\xc3\xbcr die vorstehenden Angaben wird keine Haftung \xc3\xbcbernommen. Bitte pr\xc3\xbcfen Sie im Einzelfall die Angaben auf der jeweiligen Produktverpackung, nur diese sind verbindlich.Das Produktdesign kann von der Abbildung abweichen.'",Kurfürstenanlage 6,Rewe,Frühstück,2023-07-09,"Gültig ab morgen bis Samstag, 15.07.2023"
Barilla Pasta,https://img.rewe-static.de/KLEIN28_2023/6653839/20768970-25_digital-image.png?impolicy=s-offers&imwidth=200&output-format=image/webp,,https://shop.rewe.de/productList?search=2832136,,"versch. Ausformungen , je 500-g-Pckg , (1 kg = 1.90)",Knaller,"0,95 €","b'ProduktbeschreibungArtikelnummer 6653839Fusilli erschienen in ihrer heutigen Form zuerst in S\xc3\xbcditalien und sind urspr\xc3\xbcnglich der Idee entsprungen, Spaghetti auf einer Stricknadel aufzuwickeln. Erst sp\xc3\xa4ter, bedingt durch die unterschiedlichen geschmacklichen Gewohnheiten in den verschiedenen italienischen Regionen, entstanden Fusilli als eigenst\xc3\xa4ndige Sorte. Im Rahmen des Sortiments von Barilla - Italiens beliebtester Pasta - wurde die Pastasorte Fusilli neu interpretiert und erhielt ihre charakteristische Spiralform, die f\xc3\xbcr die Tradition von Mittel- und Norditalien typisch ist.... mehr anzeigenZutaten & AllergeneZutaten: HARTWEIZENGRIESS, Wasser. Kann Spuren von Sojabohnen enthalten.Allergenhinweise: Enth\xc3\xa4lt: Weizen und Weizenerzeugnisse (glutenhaltiges Getreide). Glutenhaltiges Getreide und glutenhaltige Getreideerzeugnisse. Kann enthalten: Soja und Sojaerzeugnisse.N\xc3\xa4hrwerteDurchschnittliche N\xc3\xa4hrwerteUnzubereitet pro 100 gEnergie1.521 kJEnergie359 kcalFett2 gFett, davon ges\xc3\xa4ttigte Fetts\xc3\xa4uren0,5 gKohlenhydrate71,2 gKohlenhydrate, davon Zucker3,5 gBallaststoffe3 gEiwei\xc3\x9f12,5 gSalz0,013 gHinweiseAufbewahrungs- und Verwendungshinweis: Trocken und vor W\xc3\xa4rme gesch\xc3\xbctzt lagern.ArtikeldetailsMarke: BarillaUrsprungsland: ItalienKontaktKontaktname: Barilla G. e R. Fratelli - Societ\xc3\xa0 per AzioniKontaktadresse: Via Mantova 166, Parma - ItalyF\xc3\xbcr die vorstehenden Angaben wird keine Haftung \xc3\xbcbernommen. Bitte pr\xc3\xbcfen Sie im Einzelfall die Angaben auf der jeweiligen Produktverpackung, nur diese sind verbindlich.Das Produktdesign kann von der Abbildung abweichen.'",Kurfürstenanlage 6,Rewe,Kochen & Backen,2023-07-09,"Gültig ab morgen bis Samstag, 15.07.2023"
Knorr Salat Krönung,https://img.rewe-static.de/KLEIN28_2023/7177137/27325102-22_digital-image.png?impolicy=s-offers&imwidth=200&output-format=image/webp,,https://shop.rewe.de/productList?search=2832136,,"versch. Sorten , je 5er-Pckg",Aktion,"0,69 €","b""ProduktbeschreibungArtikelnummer 7177137- Mit Knorr Salatkr\xc3\xb6nung Vinaigrette Dill-Kr\xc3\xa4uter einfach und schnell ein leckeres Salatdressing zaubern \n - Mit Kr\xc3\xa4utern aus nachhaltigem Anbau \n - Raffinierter und fein abgestimmmter Dill-Geschmack \n - Ohne Farbstoffe und geschmacksverst\xc3\xa4rkende Zusatzstoffe \n - Einfache Zubereitung: Etwas Wasser und \xc3\x96l mit Knorr Salatkr\xc3\xb6nung verr\xc3\xbchren, fertig! \n - Gelingt im Handumdrehen Knorr Salatkr\xc3\xb6nung Dill-Kr\xc3\xa4uter ist f\xc3\xbcr alle Fans des w\xc3\xbcrzigen Dill-Geschmacks die richtige Wahl. Die Mischung aus Dill und aromatischen Gew\xc3\xbcrzen eignet sich besonders gut f\xc3\xbcr jede Art von Gurkensalat. \n\nZubereitung \xe2\x80\x93 so einfach geht's: 3 EL Wasser und 3 EL Oliven\xc3\xb6l mit Knorr Salatkr\xc3\xb6nung verr\xc3\xbchren. Das Salatdressing zum Lieblingssalat geben. Fertig!\n\nMit den vielen Variationen der Knorr Salatkr\xc3\xb6nung das perfekte Zusammenspiel von Kr\xc3\xa4utern erleben. Die w\xc3\xbcrzigen Gartenkr\xc3\xa4uter verleihen Salaten mit wenigen Handgriffen einen feinen, aromatischen Geschmack. Knorr Salatdressings und Vinaigrettes bereitet man ganz einfach zu: Entweder selbst anr\xc3\xbchren oder \xe2\x80\x93 f\xc3\xbcr einen noch schnelleren Salatgenuss \xe2\x80\x93 zu servierfertigen Salatkr\xc3\xb6nungen in der Flasche greifen. Anschlie\xc3\x9fend nur noch das Dressing zum Lieblingssalat geben \xe2\x80\x93 und die Salatkr\xc3\xb6nung genie\xc3\x9fen!\n\nSind schon die vielen weiteren Produkte von Knorr bekannt? Dank der Fix-Produkte, So\xc3\x9fen, Fertiggerichten, Suppen, Salatdressings, Br\xc3\xbchen und Bouillons gelingt jedes Gericht garantiert mit wenigen Handgriffen. Schnell und einfach erhalten so authentische Mahlzeiten ihren typischen Geschmack \xe2\x80\x93 egal, ob abwechslungsreiche vegetarische oder vegane K\xc3\xbcche, herzhafte Fleischgerichte oder leckere Gem\xc3\xbcsevariationen. Dabei ist es die Komposition ausgew\xc3\xa4hlter hochwertiger Zutaten, die jedes Knorr Produkt besonders macht. Knorr verarbeitet nur sorgf\xc3\xa4ltig schonend getrocknete Zutaten, denn das Trocknen ist eine der \xc3\xa4ltesten Methoden, um Lebensmittel nat\xc3\xbcrlich haltbar zu machen. Da der Geschmack und die Hauptn\xc3\xa4hrstoffe der frischen Zutaten weitgehend erhalten bleiben, passen Lebensmittel aus getrockneten Zutaten perfekt in unseren stressigen Alltag. Essen mit Knorr ist unkompliziert und sorgt dar\xc3\xbcber hinaus f\xc3\xbcr ein gutes Gef\xc3\xbchl: 95 Prozent unserer Gem\xc3\xbcse und Kr\xc3\xa4uter stammen heute schon aus nachhaltigem Anbau. Denn wir bei Knorr glauben, dass die Verwendung nachhaltig angebauter und beschaffter Zutaten einen gro\xc3\x9fen Unterschied f\xc3\xbcr den Geschmack unserer Produkte, das Wohlbefinden der Landwirte und die Zukunft des Planeten macht. Knorr. Gutes, einfach lecker!\n\n*Nat\xc3\xbcrliche Zutaten sind mit einem Sternchen in der Zutatenliste gekennzeichnetZutaten & AllergeneZutaten: Zucker\xc2\xb9, jodiertes Speisesalz, St\xc3\xa4rke\xc2\xb9, 8,3% Kr\xc3\xa4uter (5% Dill\xc2\xb9\xc2\xb2, Petersilie\xc2\xb9\xc2\xb2, Schnittlauch\xc2\xb9\xc2\xb2), S\xc3\xa4ureregulator Natriumdiacetat3, S\xc3\xa4uerungsmittel Citronens\xc3\xa4ure, Zitrusfaser\xc2\xb9, MILCHZUCKER, Maiskeim\xc3\xb6l\xc2\xb9, 1,6% gemahlene SENFK\xc3\x96RNER\xc2\xb9, 0,9% Zwiebeln, Pfeffer\xc2\xb9, Zitronensaftpulver\xc2\xb9, Speisesalz, Aromen. Kann Ei, Sellerie, Soja, glutenhaltige Getreide enthalten. \xc2\xb9Nat\xc3\xbcrliche Zutaten sind mit einem Sternchen gekennzeichnet. \xc2\xb2aus nachhaltigem Anbau. 3Salz der Essigs\xc3\xa4ure.Allergenhinweise: Enth\xc3\xa4lt: Milchzucker (Laktose).N\xc3\xa4hrwerteDurchschnittliche N\xc3\xa4hrwerteZubereitet pro 100 mlEnergie1.775 kJEnergie424 kcalFett45 gFett, davon ges\xc3\xa4ttigte Fetts\xc3\xa4uren4,1 gKohlenhydrate4,9 gKohlenhydrate, davon Zucker3,7 gBallaststoffe0,7 gEiwei\xc3\x9f< 0,5 gSalz2,1 gArtikeldetailsMarke: KnorrUrsprungsland: DeutschlandKontaktKontaktname: Unilever DeutschlandKontaktadresse: Postfach 570 550, 22774 HamburgMaximale Bestellmenge: 15 St\xc3\xbcckF\xc3\xbcr die vorstehenden Angaben wird keine Haftung \xc3\xbcbernommen. Bitte pr\xc3\xbcfen Sie im Einzelfall die Angaben auf der jeweiligen Produktverpackung, nur diese sind verbindlich.Das Produktdesign kann von der Abbildung abweichen.""",Kurfürstenanlage 6,Rewe,Kochen & Backen,2023-07-09,"Gültig ab morgen bis Samstag, 15.07.2023"
Ben’s Original Express Reis,https://img.rewe-static.de/KLEIN28_2023/8922362/38852794-8_digital-image.png?impolicy=s-offers&imwidth=200&output-format=image/webp,,https://shop.rewe.de/productList?search=2832136,,"versch. Sorten , je 220-g-Pckg , (1 kg = 5.41)",Aktion,"1,19 €","b""ProduktbeschreibungArtikelnummer 8922362Schonend dampfgegarter Spitzen-Langkornreis mit Tomaten und Kr\xc3\xa4utern im 220g Beutel f\xc3\xbcr 1 bis 2 Personen. BEN'S ORIGINAL\xe2\x84\xa2 Reis kann im Frischebeutel, ohne weiteres Gef\xc3\xa4\xc3\x9f, einfach und bequem in 2 Minuten in der Mikrowelle erhitzt werden.Zutaten & AllergeneZutaten: dampfgegarter, parboiled Langkornreis (86%), doppelt konzentriertes Tomatenmark (5.9%), Sonnenblumen\xc3\xb6l, Tomatenpulver (2.5%), Basilikum, nat\xc3\xbcrliches Aroma, Salz, Zucker, Hefeextrakt, Zwiebelpulver, Kr\xc3\xa4uter, S\xc3\xa4uerungsmittel (Citronens\xc3\xa4ure), Knoblauchpulver, Gew\xc3\xbcrze.Allergenhinweise: Enth\xc3\xa4lt: Keine deklarationspflichtigen Allergene enthalten.N\xc3\xa4hrwerteDurchschnittliche N\xc3\xa4hrwerteUnzubereitet pro 100 gEnergie713 kJEnergie169 kcalFett3,3 gFett, davon ges\xc3\xa4ttigte Fetts\xc3\xa4uren0,2 gKohlenhydrate30 gKohlenhydrate, davon Zucker2,5 gBallaststoffe1,4 gEiwei\xc3\x9f3,8 gSalz0,55 gHinweiseAufbewahrungs- und Verwendungshinweis: Trocken und bei Zimmertemperatur lagern. Ge\xc3\xb6ffnet 3 Tage im K\xc3\xbchlschrank haltbar.Information: Unter Schutzatmosph\xc3\xa4re verpackt.ArtikeldetailsMarke: Ben's OriginalUrsprungsland: GrossbritannienKontaktKontaktname: Mars GmbHKontaktadresse: Postfach 1280, 27281 Verden (Aller)Maximale Bestellmenge: 15 St\xc3\xbcckF\xc3\xbcr die vorstehenden Angaben wird keine Haftung \xc3\xbcbernommen. Bitte pr\xc3\xbcfen Sie im Einzelfall die Angaben auf der jeweiligen Produktverpackung, nur diese sind verbindlich.Das Produktdesign kann von der Abbildung abweichen.""",Kurfürstenanlage 6,Rewe,Kochen & Backen,2023-07-09,"Gültig ab morgen bis Samstag, 15.07.2023"
Knorr Feinschmecker Suppe,https://img.rewe-static.de/KLEIN28_2023/8184772/28407667-16_digital-image.png?impolicy=s-offers&imwidth=200&output-format=image/webp,,https://shop.rewe.de/productList?search=2832136,,"versch. Sorten, ausreichend für 500 ml , je Btl",Aktion,"0,79 €","b'ProduktbeschreibungArtikelnummer 8184772- Knorr Feinschmecker Spargel Cremesuppe aus wei\xc3\x9fem Spargel - das schmeckt nach Fr\xc3\xbchling \n - Besonders cremig und mit vielen leckeren Spargelst\xc3\xbcckchen \n - Mit nachhaltig angebautem Spargel \n - Schnelle und einfache Zubereitung \n - Nat\xc3\xbcrlich ohne geschmacksverst\xc3\xa4rkende Zusatzstoffe, Konservierungsstoffe und Farbstoffe \n - Inhalt reicht f\xc3\xbcr 500 ml (2 Teller) Probieren Sie die Knorr Feinschmecker Spargel Cremesuppe: besonders cremige Spargelsuppe aus wei\xc3\x9fem Spargel - das schmeckt nach Fr\xc3\xbchling! Mit nachhaltig angebautem Spargel.\n\nZubereitung:\nBeutelinhalt mit einem Schneebesen in 0,5 l (500 ml) kochendes Wasser einr\xc3\xbchren. 5Minuten k\xc3\xb6cheln lassen. Ab und zu umr\xc3\xbchren.\n\nSuppen f\xc3\xbcr Feinschmecker: Die Knorr Feinschmecker Suppen bieten f\xc3\xbcr jeden Geschmack das passende Gericht und sind im Handumdrehen angerichtet. Sanft getrocknetes Gem\xc3\xbcse, Kr\xc3\xa4uter und Gew\xc3\xbcrze zeichnen die schnell zubereiteten Suppen aus. Die besonders cremigen Feinschmecker Suppen gelingen garantiert und begeistern die ganze Familie.\n\nKennen Sie schon die vielen weiteren Produkte von Knorr? Dank unserer Fix-Produkte, Br\xc3\xbchen, Saucen, Fertiggerichten, Suppen und Salatdressings gelingt jedes Gericht garantiert mit wenigen Handgriffen. Schnell und einfach erhalten so authentische Mahlzeiten ihren typischen Geschmack \xe2\x80\x93 egal, ob abwechslungsreiche vegetarische oder vegane K\xc3\xbcche, herzhafte Fleischgerichte oder leckere Gem\xc3\xbcsevariationen. Dabei ist es die Komposition ausgew\xc3\xa4hlter hochwertiger Zutaten, die jedes Knorr Produkt besonders macht. Knorr verarbeitet nur sorgf\xc3\xa4ltig schonend getrocknete Zutaten, denn das Trocknen ist eine der \xc3\xa4ltesten Methoden, um Lebensmittel nat\xc3\xbcrlich haltbar zu machen. Da der Geschmack und die N\xc3\xa4hrstoffe der frischen Zutaten weitgehend erhalten bleiben, passen Lebensmittel aus getrockneten Zutaten perfekt in unseren stressigen Alltag. Essen mit Knorr ist unkompliziert und sorgt dar\xc3\xbcber hinaus f\xc3\xbcr ein gutes Gef\xc3\xbchl: \xc3\x9cber 90 Prozent der Zutaten kommen heute schon aus nachhaltigem Anbau. Denn wir bei Knorr glauben, dass die Verwendung nachhaltig angebauter und beschaffter Zutaten einen gro\xc3\x9fen Unterschied f\xc3\xbcr den Geschmack unserer Produkte, das Wohlbefinden der Landwirte und die Zukunft des Planeten macht. Knorr \xe2\x80\x93 Geschmack mit gutem Gef\xc3\xbchl.Zutaten & AllergeneZutaten: Mehl (WEIZEN, Reis), Palm\xc3\xb6l, St\xc3\xa4rke, 10% wei\xc3\x9fer Spargel\xc2\xb2 (Pulver, St\xc3\xbccke), jodiertes Speisesalz, Hefeextrakt, Zucker, Speisesalz, Glukosesirup, MILCHEIWEISS, Zitronensaftpulver, Aromen, Kurkuma, Petersilienwurzel\xc2\xb2, Lorbeerbl\xc3\xa4tter. Kann Ei, Sellerie, Senf, Soja, andere glutenhaltige Getreide enthalten. \xc2\xb2 Aus nachhaltigem Anbau.Allergenhinweise: Enth\xc3\xa4lt: Weizen und Weizenerzeugnisse (glutenhaltiges Getreide).N\xc3\xa4hrwerteDurchschnittliche N\xc3\xa4hrwerteZubereitet pro 100 mlEnergie182 kJEnergie44 kcalFett2,2 gFett, davon ges\xc3\xa4ttigte Fetts\xc3\xa4uren1,4 gKohlenhydrate4,6 gKohlenhydrate, davon Zucker0,7 gBallaststoffe< 0,5 gEiwei\xc3\x9f1,1 gSalz0,81 gArtikeldetailsMarke: KnorrEigenschaften: VegetarischUrsprungsland: PolenKontaktKontaktname: Unilever DeutschlandKontaktadresse: Postfach 570 550, 22774 HamburgMaximale Bestellmenge: 15 St\xc3\xbcckF\xc3\xbcr die vorstehenden Angaben wird keine Haftung \xc3\xbcbernommen. Bitte pr\xc3\xbcfen Sie im Einzelfall die Angaben auf der jeweiligen Produktverpackung, nur diese sind verbindlich.Das Produktdesign kann von der Abbildung abweichen.'",Kurfürstenanlage 6,Rewe,Kochen & Backen,2023-07-09,"Gültig ab morgen bis Samstag, 15.07.2023"
Barilla Pesto Basilico Vegan,https://img.rewe-static.de/KLEIN28_2023/3263361/26586190-10_digital-image.png?impolicy=s-offers&imwidth=200&output-format=image/webp,,https://shop.rewe.de/productList?search=2832136,,"je 195-g-Glas , (1 kg = 10.21)",Aktion,"1,99 €","b'ProduktbeschreibungArtikelnummer 3263361Zutaten & AllergeneZutaten: Basilikum 35,6%, pflanzliche \xc3\x96le (Olive, Sonnenblume), CASHEWKERNE, Glukosesirup, Wasser, modifizierte Maisst\xc3\xa4rke, Salz, nat\xc3\xbcrliche Aromen, natives Oliven\xc3\xb6l extra, Zucker, S\xc3\xa4ureregulator Milchs\xc3\xa4ure. Kann Spuren von anderen Schalenfr\xc3\xbcchten (Hartschalenobst) enthalten.Allergenhinweise: Enth\xc3\xa4lt: Kaschunuss und Kaschunusserzeugnisse. Kann enthalten: N\xc3\xbcsse und Nusserzeugnisse.N\xc3\xa4hrwerteDurchschnittliche N\xc3\xa4hrwerteUnzubereitet pro 100 gEnergie1.780 kJEnergie431 kcalFett41 gFett, davon ges\xc3\xa4ttigte Fetts\xc3\xa4uren5,5 gKohlenhydrate12 gKohlenhydrate, davon Zucker3,3 gBallaststoffe2 gEiwei\xc3\x9f2,5 gSalz3 gHinweiseAufbewahrungs- und Verwendungshinweis: Nach dem \xc3\x96ffnen gek\xc3\xbchlt 5 Tage haltbar.ArtikeldetailsMarke: BarillaEigenschaften: Vegan, Vegetarisch, LaktosefreiUrsprungsland: ItalienKontaktKontaktname: Barilla G. e R. Fratelli - Societ\xc3\xa0 per AzioniKontaktadresse: Via Mantova 166, Parma - ItalyMaximale Bestellmenge: 15 St\xc3\xbcckF\xc3\xbcr die vorstehenden Angaben wird keine Haftung \xc3\xbcbernommen. Bitte pr\xc3\xbcfen Sie im Einzelfall die Angaben auf der jeweiligen Produktverpackung, nur diese sind verbindlich.Das Produktdesign kann von der Abbildung abweichen.'",Kurfürstenanlage 6,Rewe,Kochen & Backen,2023-07-09,"Gültig ab morgen bis Samstag, 15.07.2023"
Barilla Pesto alla Genovese,https://img.rewe-static.de/KLEIN28_2023/4840313/35802412-11_digital-image.png?impolicy=s-offers&imwidth=200&output-format=image/webp,,https://shop.rewe.de/productList?search=2832136,,"je 190-g-Glas , (1 kg = 10.47)",Aktion,"1,99 €","b'ProduktbeschreibungArtikelnummer 4840313Zutaten & AllergeneZutaten: pflanzliche \xc3\x96le (Olive, Sonnenblume), frisches Basilikum 30%, CASHEWKERNE, Parmigiano Reggiano g.U. K\xc3\xa4se 5% (MILCH), Maisfaser, Molkepulver (MILCH), Salz, MILCHeiweiss, natives Oliven\xc3\xb6l extra, Zucker, Basilikumextrakt, nat\xc3\xbcrliche Aromen (MILCH), S\xc3\xa4ureregulator: Milchs\xc3\xa4ure, Knoblauch. Kann Spuren von anderen Schalenfr\xc3\xbcchten (Hartschalenobst) enthalten.Allergenhinweise: Enth\xc3\xa4lt: Milch und Milcherzeugnisse (einschlie\xc3\x9flich Lactose). N\xc3\xbcsse und Nusserzeugnisse. Kaschunuss und Kaschunusserzeugnisse.N\xc3\xa4hrwerteDurchschnittliche N\xc3\xa4hrwerteUnzubereitet pro 100 gEnergie1.989 kJEnergie482 kcalFett46 gFett, davon ges\xc3\xa4ttigte Fetts\xc3\xa4uren7,1 gKohlenhydrate9,8 gKohlenhydrate, davon Zucker5,5 gBallaststoffe5 gEiwei\xc3\x9f4,7 gSalz3,25 gHinweiseAufbewahrungs- und Verwendungshinweis: Nach dem \xc3\x96ffnen gek\xc3\xbchlt 5 Tage haltbar.ArtikeldetailsMarke: BarillaUrsprungsland: ItalienKontaktKontaktname: Barilla G. e R. Fratelli S.p.A.Kontaktadresse: Via Mantova 166, Parma - ItalyMaximale Bestellmenge: 15 St\xc3\xbcckF\xc3\xbcr die vorstehenden Angaben wird keine Haftung \xc3\xbcbernommen. Bitte pr\xc3\xbcfen Sie im Einzelfall die Angaben auf der jeweiligen Produktverpackung, nur diese sind verbindlich.Das Produktdesign kann von der Abbildung abweichen.'",Kurfürstenanlage 6,Rewe,Kochen & Backen,2023-07-09,"Gültig ab morgen bis Samstag, 15.07.2023"
Knorr Feinschmecker Sauce Hollandaise Klassisch,https://img.rewe-static.de/KLEIN28_2023/4615263/14092570-53_digital-image.png?impolicy=s-offers&imwidth=200&output-format=image/webp,,https://shop.rewe.de/productList?search=2832136,,"je 35-g-Btl , (1 kg = 19.71)",Aktion,"0,69 €","b'ProduktbeschreibungArtikelnummer 4615263- wird mit feiner Butter zum besonderen Genuss f\xc3\xbcr jeden Feinschmecker \n - klassische Saucen-Rezeptur \n - nat\xc3\xbcrlich ohne geschmacksverst\xc3\xa4rkende Zusatzstoffe und Farbstoffe \n - ohne Konservierungsstoffe (lt. Gesetz) \n - schnelle und einfache Zubereitung Mit der Knorr Feinschmecker Sauce Hollandaise klassisch wird das Spargelessen zum unvergesslichen Erlebnis. Der beliebte Klassiker zur Spargelsaison ist ein zart-cremiger Saucengenuss mit feinem Geschmack und passt neben Spargel hervorragend zu Brokkoli und Fisch. Durch die Zugabe von Butter wird die helle Sauce zu einem besonderen Genuss f\xc3\xbcr jeden Feinschmecker. Die So\xc3\x9fe ist vegetarisch und nat\xc3\xbcrlich ohne geschmacksverst\xc3\xa4rkende Zusatzstoffe und ohne Farbstoffe.\n\nZubereitung:\n1) Beutelinhalt mit dem Schneebesen in 125 ml kaltes Wasser einr\xc3\xbchren. Unter R\xc3\xbchren aufkochen.\n2) Bei schwacher Hitze 125 g gew\xc3\xbcrfelte Butter darunter schlagen, bis sie geschmolzen ist.\nMit Sahne verfeinern f\xc3\xbcr einen noch cremigeren Geschmack - Genuss pur!\n\nSaucen f\xc3\xbcr Feinschmecker: Die Knorr Feinschmecker Saucen bieten f\xc3\xbcr jeden Geschmack die passende Variante: Sauce Hollandaise zu Spargel oder Gem\xc3\xbcse, Pfeffersauce zu Steak und Kurzgebratenem oder Dillsauce f\xc3\xbcr Fischgerichte. Im Handumdrehen zubereitet verfeinern die Saucen jedes Gericht und begeistern somit die ganze Familie. Mmmhh, lecker!\n\nSind schon die vielen weiteren Produkte von Knorr bekannt? Dank der Fix-Produkte, Saucen, Fertiggerichte, Suppen, Salatdressings, Br\xc3\xbchen und Bouillons gelingt jedes Gericht garantiert mit wenigen Handgriffen. Schnell und einfach erhalten authentische Mahlzeiten so ihren typischen Geschmack \xe2\x80\x93 egal, ob abwechslungsreiche vegetarische oder vegane K\xc3\xbcche, herzhafte Fleischgerichte oder leckere Gem\xc3\xbcsevariationen. Dabei ist es die Komposition ausgew\xc3\xa4hlter hochwertiger Zutaten, die jedes Knorr Produkt besonders macht. Knorr verarbeitet nur sorgf\xc3\xa4ltig schonend getrocknete Zutaten, denn das Trocknen ist eine der \xc3\xa4ltesten Methoden, um Lebensmittel nat\xc3\xbcrlich haltbar zu machen. Da der Geschmack und die Hauptn\xc3\xa4hrstoffe der frischen Zutaten weitgehend erhalten bleiben, passen Lebensmittel aus getrockneten Zutaten perfekt in unseren stressigen Alltag. Essen mit Knorr ist unkompliziert und sorgt dar\xc3\xbcber hinaus f\xc3\xbcr ein gutes Gef\xc3\xbchl: 95 Prozent unserer Gem\xc3\xbcse und Kr\xc3\xa4uter stammen heute schon aus nachhaltigem Anbau. Denn wir bei Knorr glauben, dass die Verwendung nachhaltig angebauter und beschaffter Zutaten einen gro\xc3\x9fen Unterschied f\xc3\xbcr den Geschmack unserer Produkte, das Wohlbefinden der Landwirte und die Zukunft des Planeten macht. \nKnorr. Gutes, einfach lecker.Zutaten & AllergeneZutaten: St\xc3\xa4rke, Palm\xc3\xb6l, Maltodextrin, 12% EIGELBPULVER, jodiertes Speisesalz, MILCHEIWEISS, Hefeextrakt, Glukosesirup, Zucker, Zitronensaftpulver, MILCHZUCKER, WEIZENMEHL, Kochsalzersatz\xc2\xb2, Speisesalz, Wei\xc3\x9fweinextrakt, nat\xc3\xbcrliches Aroma, Kurkuma. Kann Sellerie, Senf, andere glutenhaltige Getreide, Soja enthalten. \xc2\xb2gewonnen aus nat\xc3\xbcrlichen Kaliummineralien.Allergenhinweise: Enth\xc3\xa4lt: Milchzucker (Laktose). Weizen und Weizenerzeugnisse (glutenhaltiges Getreide).N\xc3\xa4hrwerteDurchschnittliche N\xc3\xa4hrwerteZubereitet pro 100 mlEnergie1.784 kJEnergie427 kcalFett44 gFett, davon ges\xc3\xa4ttigte Fetts\xc3\xa4uren28 gKohlenhydrate7 gKohlenhydrate, davon Zucker1,3 gBallaststoffe< 0,5 gEiwei\xc3\x9f1,6 gSalz0,95 gArtikeldetailsMarke: KnorrEigenschaften: VegetarischUrsprungsland: DeutschlandSorte: KlassischKontaktKontaktname: Unilever DeutschlandKontaktadresse: Postfach 570 550, 22774 HamburgMaximale Bestellmenge: 15 St\xc3\xbcckF\xc3\xbcr die vorstehenden Angaben wird keine Haftung \xc3\xbcbernommen. Bitte pr\xc3\xbcfen Sie im Einzelfall die Angaben auf der jeweiligen Produktverpackung, nur diese sind verbindlich.Das Produktdesign kann von der Abbildung abweichen.'",Kurfürstenanlage 6,Rewe,Kochen & Backen,2023-07-09,"Gültig ab morgen bis Samstag, 15.07.2023"
Knorr Feinschmecker 3 Pfeffer Sauce,https://img.rewe-static.de/KLEIN28_2023/3665399/1159810-80_digital-image.png?impolicy=s-offers&imwidth=200&output-format=image/webp,,https://shop.rewe.de/productList?search=2832136,,"je 40-g-Btl , (1 kg = 17.25)",Aktion,"0,69 €","b'ProduktbeschreibungArtikelnummer 3665399- wunderbar cremig mit feiner Pfeffernote \n - mit gr\xc3\xbcnen, schwarzen und wei\xc3\x9fen Pfefferk\xc3\xb6rnern \n - nat\xc3\xbcrlich ohne geschmacksverst\xc3\xa4rkende Zusatzstoffe und Farbstoffe \n - ohne Konservierungsstoffe (lt. Gesetz) \n - schnelle und einfache Zubereitung Knorr Feinschmecker 3 Pfeffer Sauce ist eine fein abgestimmte Saucenkomposition mit einem angenehm w\xc3\xbcrzigen Geschmack und gr\xc3\xbcnem, schwarzen und rosa Pfeffer. Diese w\xc3\xbcrzige Pfeffersauce passt ideal zu allem Kurzgebratenem und auch perfekt z.B. zu Gerichten mit Pilzen und Blumenkohl. Die Sauce ist nat\xc3\xbcrlich ohne geschmacksverst\xc3\xa4rkende Zusatzstoffe, ohne Farbstoffe und ohne Konservierungsstoffe lt. Gesetz. \n\nKnorr Feinschmecker 3 Pfeffer Sauce:\n1) Beutelinhalt mit dem Schneebesen in 250 ml kaltes Wasser einr\xc3\xbchren. Unter R\xc3\xbchren aufkochen.\n2) Bei schwacher Hitze 1 Minute kochen. Gelegentlich umr\xc3\xbchren.\nMit Sahne verfeinern f\xc3\xbcr einen noch cremigeren Geschmack - Genuss pur!\n\nSaucen f\xc3\xbcr Feinschmecker: Die Knorr Feinschmecker Saucen bieten f\xc3\xbcr jeden Geschmack die passende Variante: Sauce Hollandaise zu Spargel oder Gem\xc3\xbcse, Bratensauce f\xc3\xbcr Bratengerichte, 3 Pfeffer Sauce zu Steak und Kurzgebratenem, Pfefferso\xc3\x9fe oder Dillsauce f\xc3\xbcr Fischgerichte. Im Handumdrehen zubereitet verfeinern die Saucen jedes Gericht und begeistern somit die ganze Familie.\n\nSind schon die vielen weiteren Produkte von Knorr bekannt? Dank der Fix-Produkte, So\xc3\x9fen, Fertiggerichten, Suppen, Salatdressings, Br\xc3\xbchen und Bouillons gelingt jedes Gericht garantiert mit wenigen Handgriffen. Schnell und einfach erhalten so authentische Mahlzeiten ihren typischen Geschmack \xe2\x80\x93 egal, ob abwechslungsreiche vegetarische oder vegane K\xc3\xbcche, herzhafte Fleischgerichte oder leckere Gem\xc3\xbcsevariationen. Dabei ist es die Komposition ausgew\xc3\xa4hlter hochwertiger Zutaten, die jedes Knorr Produkt besonders macht. Knorr verarbeitet nur sorgf\xc3\xa4ltig schonend getrocknete Zutaten, denn das Trocknen ist eine der \xc3\xa4ltesten Methoden, um Lebensmittel nat\xc3\xbcrlich haltbar zu machen. Da der Geschmack und die Hauptn\xc3\xa4hrstoffe der frischen Zutaten weitgehend erhalten bleiben, passen Lebensmittel aus getrockneten Zutaten perfekt in unseren stressigen Alltag. Essen mit Knorr ist unkompliziert und sorgt dar\xc3\xbcber hinaus f\xc3\xbcr ein gutes Gef\xc3\xbchl: 95 Prozent unserer Gem\xc3\xbcse und Kr\xc3\xa4uter stammen heute schon aus nachhaltigem Anbau. Denn wir bei Knorr glauben, dass die Verwendung nachhaltig angebauter und beschaffter Zutaten einen gro\xc3\x9fen Unterschied f\xc3\xbcr den Geschmack unserer Produkte, das Wohlbefinden der Landwirte und die Zukunft des Planeten macht. Knorr. Gutes, nat\xc3\xbcrlich lecker.Zutaten & AllergeneZutaten: Palm\xc3\xb6l, St\xc3\xa4rke, WEIZENMEHL, Maltodextrin, Aromen, Glukosesirup, jodiertes Speisesalz, 3% Pfeffermischung (gr\xc3\xbcner Pfeffer, schwarzer Pfeffer, rosa Pfeffer) Kochsalzersatz3, MILCHEIWEISS, Zucker, Karamellzuckersirup, W\xc3\xbcrze, Hefeextrakt, Speisesalz, Schnittlauch2. Kann Sellerie, Ei, Senf, andere glutenhaltige Getreide, Soja enthalten. 2aus nachhaltigem Anbau. 3gewonnen aus nat\xc3\xbcrlichen Kaliummineralien.Allergenhinweise: Enth\xc3\xa4lt: Weizen und Weizenerzeugnisse (glutenhaltiges Getreide).N\xc3\xa4hrwerteDurchschnittliche N\xc3\xa4hrwerteZubereitet pro 100 mlEnergie325 kJEnergie78 kcalFett4,5 gFett, davon ges\xc3\xa4ttigte Fetts\xc3\xa4uren2,8 gKohlenhydrate8,3 gKohlenhydrate, davon Zucker0,6 gBallaststoffe< 0,5 gEiwei\xc3\x9f0,9 gSalz0,99 gArtikeldetailsMarke: KnorrUrsprungsland: DeutschlandKontaktKontaktname: Unilever DeutschlandKontaktadresse: Postfach 570 550, 22774 HamburgMaximale Bestellmenge: 15 St\xc3\xbcckF\xc3\xbcr die vorstehenden Angaben wird keine Haftung \xc3\xbcbernommen. Bitte pr\xc3\xbcfen Sie im Einzelfall die Angaben auf der jeweiligen Produktverpackung, nur diese sind verbindlich.Das Produktdesign kann von der Abbildung abweichen.'",Kurfürstenanlage 6,Rewe,Kochen & Backen,2023-07-09,"Gültig ab morgen bis Samstag, 15.07.2023"
Pfanni Kartoffel Püree,https://img.rewe-static.de/KLEIN28_2023/0184764/20324257-50_digital-image.png?impolicy=s-offers&imwidth=200&output-format=image/webp,,https://shop.rewe.de/productList?search=2832136,,"das Lockere , je 240-g-Pckg , (1 kg = 4.13)",Aktion,"0,99 €","b'ProduktbeschreibungArtikelnummer 184764- 3 x 3 Portionen Pfanni Kartoffelp\xc3\xbcree der Klassiker besonders locker im praktischen Portionsbeutel. \n - Besonders lockeres P\xc3\xbcree mit Vollmilch und Rama. \n - Schnelle und einfache Zubereitung. \n - Aus 100% deutschen, nachhaltig angebauten, Kartoffeln. \n - Ideal zu Fisch, Fleisch und Gem\xc3\xbcse. Ein P\xc3\xbcree, das auf der Zunge zergeht. So fein sind die Flocken, die f\xc3\xbcr dieses P\xc3\xbcree verwendet werden. Da ist schon die Zubereitung ein wahres Gedicht: Flocken in hei\xc3\x9fes Wasser rieseln lassen, Milch zugeben, umr\xc3\xbchren und ein St\xc3\xbcck Rama auf der cremig-lockeren Decke zerflie\xc3\x9fen lassen. Fast zu sch\xc3\xb6n, um wahr zu sein!\nDie Pfanni Kartoffelp\xc3\xbcrees gelingen immer ausgezeichnet und schmecken wie handgemacht. Dies liegt insbesondere an den deutschen Kartoffeln, die von unseren Vertragsbauern nachhaltig angebaut und schonend zu P\xc3\xbcree verarbeitet werden. Das ist Qualit\xc3\xa4t die man schmeckt!\nDas Kartoffelp\xc3\xbcree \xe2\x80\x9eDAS LOCKERE\xe2\x80\x9c zeichnet sich durch seine zarten Kartoffelflocken aus, die mit Hilfe von 150 ml Vollmilch und etwas Rama zu einem cremigen Kartoffelp\xc3\xbcree verschmelzen. Das lockere P\xc3\xbcree ist bei den Kleinen besonders beliebt, l\xc3\xa4sst aber auch die Gro\xc3\x9fen in Kindheitserinnerungen schwelgen. \nEinfache und schnelle Zubereitung: 1.Aufkochen: 350 ml Wasser mit einem halben Teel\xc3\xb6ffel Salz (2 g) und 10 g Rama aufkochen. 2. Abk\xc3\xbchlen: Topf vom Herd nehmen und 150 ml kalte Vollmilch dazugeben. 3.Anr\xc3\xbchren: Die P\xc3\xbcreeflocken mit einem Kochl\xc3\xb6ffel kurz einr\xc3\xbchren. 4.Anrichten: Das P\xc3\xbcree 1 \xe2\x80\x93 2 Minuten ruhen lassen und vor dem Servieren noch kurz umr\xc3\xbchren. Guten Appetit!\nUnser Beitrag f\xc3\xbcr Nachhaltigkeit: Pfanni Kartoffeln werden von unseren Vertragsbauern nachhaltig angebaut und f\xc3\xbcr den optimalen N\xc3\xa4hrstoffgehalt und Geschmack nur saisongerecht geerntet. 100% deutsche Kartoffeln aus nachhaltiger Landwirtschaft \xe2\x80\x93 f\xc3\xbcr den besonders leckeren Pfanni Geschmack.Zutaten & AllergeneZutaten: 99% Kartoffeln\xc2\xb2, Emulgator Mono- und Diglyceride von Speisefetts\xc3\xa4uren, Stabilisator Diphosphat, Aromen, Antioxidationsmittel NATRIUMMETABISULFIT. Kann Spuren von Milch enthalten. \xc2\xb2aus nachhaltigem AnbauN\xc3\xa4hrwerteDurchschnittliche N\xc3\xa4hrwerteZubereitet pro 100 gEnergie257 kJEnergie61 kcalFett1,2 gFett, davon ges\xc3\xa4ttigte Fetts\xc3\xa4uren0,6 gKohlenhydrate10 gKohlenhydrate, davon Zucker1,7 gBallaststoffe1,4 gEiwei\xc3\x9f2,1 gSalz0,4 gHinweiseAufbewahrungs- und Verwendungshinweis: Nach \xc3\x96ffnung ist der Packungsinhalt im wieder verschlossenen Beutel k\xc3\xbchl und trocken mindestens 3 Wochen haltbar.Information: Unter Schutzatmosph\xc3\xa4re verpackt.ArtikeldetailsMarke: PfanniUrsprungsland: DeutschlandKontaktKontaktname: Unilever DeutschlandKontaktadresse: Postfach 570 307, 22772 HamburgMaximale Bestellmenge: 15 St\xc3\xbcckF\xc3\xbcr die vorstehenden Angaben wird keine Haftung \xc3\xbcbernommen. Bitte pr\xc3\xbcfen Sie im Einzelfall die Angaben auf der jeweiligen Produktverpackung, nur diese sind verbindlich.Das Produktdesign kann von der Abbildung abweichen.'",Kurfürstenanlage 6,Rewe,Kochen & Backen,2023-07-09,"Gültig ab morgen bis Samstag, 15.07.2023"
Pfanni Kartoffel Püree,https://img.rewe-static.de/KLEIN28_2023/8004013/1775000-84_digital-image.png?impolicy=s-offers&imwidth=200&output-format=image/webp,,https://shop.rewe.de/productList?search=2832136,,"das Komplette , je 283,5-g-Pckg , (1 kg = 3.49)",Aktion,"0,99 €","b'ProduktbeschreibungArtikelnummer 8004013- 3 x 3 Portionen Pfanni Kartoffelp\xc3\xbcree mit entrahmter Milch Komplett im praktischen Portionsbeutel. \n - Kartoffelp\xc3\xbcree mit entrahmter Milch einfach mit Wasser mischen \xe2\x80\x93 fertig ist der Genuss! \n - Schnelle und einfache Zubereitung. \n - Aus 100% deutschen, nachhaltig angebauten, Kartoffeln. \n - Ideal zu Fisch, Fleisch und Gem\xc3\xbcse. Das Kartoffel P\xc3\xbcree Das Komplette mit entrahmter Milch zeichnet sich durch seine schnelle Zubereitung aus. Einfach T\xc3\xbcte aufrei\xc3\x9fen und die feinen Kartoffelflocken in hei\xc3\x9fes Wasser einr\xc3\xbchren. Die Milch ist da schon drin \xe2\x80\x93 und der gute Geschmack sowieso. Das Kartoffelp\xc3\xbcree mit entrahmter Milch ist bei den Kleinen besonders beliebt, l\xc3\xa4sst aber auch die Gro\xc3\x9fen in Kindheitserinnerungen schwelgen. Denn wer mag den allseits beliebten Kartoffelbrei nicht? Es ist ein zeitloses Kartoffelgericht, das einfach jedem schmeckt \xe2\x80\x93 egal wann.                                                     \n\nDie Pfanni Kartoffelp\xc3\xbcrees gelingen immer ausgezeichnet und schmecken wie handgemacht. Dies liegt insbesondere daran, dass jede einzelne Kartoffel f\xc3\xbcr dieses Kartoffelp\xc3\xbcree aus Deutschland kommt und nachhaltig angebaut ist. Das ist Qualit\xc3\xa4t, die man schmeckt!  \n                                                                                                                                                                                                                                                                                                             \nBesonders genial ist die einfache und schnelle Zubereitung, mit der man in Windeseile ein leckeres Kartoffelp\xc3\xbcree zaubern kann: 1. Aufkochen: 400 ml Wasser aufkochen. 2. Abk\xc3\xbchlen: Den Topf vom Herd nehmen und 100 ml kaltes Wasser einr\xc3\xbchren. 3. Anr\xc3\xbchren: Die P\xc3\xbcreeflocken mit einem Kochl\xc3\xb6ffel einr\xc3\xbchren. 4. Anrichten: Nach 1 - 2 Minuten noch mal durchr\xc3\xbchren und servieren. Guten Appetit!\n                                                                                                                                                                                                                                                                                                  Unser Beitrag f\xc3\xbcr Nachhaltigkeit: Pfanni Kartoffeln werden von unseren Vertragsbauern nachhaltig angebaut und f\xc3\xbcr den optimalen N\xc3\xa4hrstoffgehalt und Geschmack nur saisongerecht geerntet. 100% deutsche Kartoffeln aus nachhaltiger Landwirtschaft \xe2\x80\x93 f\xc3\xbcr den besonders leckeren Pfanni Geschmack.Zutaten & AllergeneZutaten: 85% Kartoffeln\xc2\xb2, Palm\xc3\xb6l, 4,3% MAGERMILCHPULVER, Speisesalz, Glukosesirup, Emulgator Mono- und Diglyceride von Speisefetts\xc3\xa4uren, MILCHEIWEISS, Aromen. \xc2\xb2aus nachhaltigem AnbauN\xc3\xa4hrwerteDurchschnittliche N\xc3\xa4hrwerteZubereitet pro 100 gEnergie238 kJEnergie57 kcalFett1 gFett, davon ges\xc3\xa4ttigte Fetts\xc3\xa4uren0,6 gKohlenhydrate11 gKohlenhydrate, davon Zucker0,8 gBallaststoffe1,4 gEiwei\xc3\x9f1,5 gSalz0,53 gHinweiseAufbewahrungs- und Verwendungshinweis: Nach \xc3\x96ffnung ist der Packungsinhalt im wieder verschlossenen Beutel k\xc3\xbchl und trocken mindestens 3 Wochen haltbar.Information: Unter Schutzatmosph\xc3\xa4re verpackt.ArtikeldetailsMarke: PfanniEigenschaften: VegetarischUrsprungsland: DeutschlandKontaktKontaktname: Unilever DeutschlandKontaktadresse: Postfach 570 307, 22772 HamburgMaximale Bestellmenge: 15 St\xc3\xbcckF\xc3\xbcr die vorstehenden Angaben wird keine Haftung \xc3\xbcbernommen. Bitte pr\xc3\xbcfen Sie im Einzelfall die Angaben auf der jeweiligen Produktverpackung, nur diese sind verbindlich.Das Produktdesign kann von der Abbildung abweichen.'",Kurfürstenanlage 6,Rewe,Kochen & Backen,2023-07-09,"Gültig ab morgen bis Samstag, 15.07.2023"
Knorr Tomaten Ketchup,https://img.rewe-static.de/KLEIN28_2023/2360602/23631618-17_digital-image.png?impolicy=s-offers&imwidth=200&output-format=image/webp,,https://shop.rewe.de/productList?search=2832136,,"je 430-ml-Fl , (1 l = 3.47)",Aktion,"1,49 €","b'ProduktbeschreibungArtikelnummer 2360602\xe2\x80\xa2 Knorr Tomaten Ketchup mit 100% nat\xc3\xbcrlichen Zutaten \n\xe2\x80\xa2 Ketchup aus nachhaltig angebauten Tomaten \n\xe2\x80\xa2 Ketchup ohne Konservierungsstoffe und ohne Geschmacksverst\xc3\xa4rker \n\xe2\x80\xa2 Das Knorr Tomaten Ketchup ist f\xc3\xbcr Veganer geeignet \n\xe2\x80\xa2 Tomaten-Ketchup ohne Farbstoffe (lt. Gesetz) \n\xe2\x80\xa2 Grillsauce in der praktischen 430 ml Squeeze-Flasche von Knorr f\xc3\xbcr besonders einfaches Dosieren Der Knorr Tomaten Ketchup mit 100% nat\xc3\xbcrlichen Zutaten erh\xc3\xa4lt seinen besonderen fruchtigen Geschmack von sonnengereiften Tomaten und schmeckt als Grillsauce einfach lecker zu Fleisch, W\xc3\xbcrstchen, Pommes Frites, Hotdogs, Reis-, Nudel- sowie Eiergerichten und ist auch f\xc3\xbcr die vegane oder vegetarische Ern\xc3\xa4hrung geeignet. In der praktischen Squeezer-Flasche l\xc3\xa4sst sich der Tomatenketchup auch besonders einfach dosieren und ist besonders lecker. \n\nDank unserer Fix-Produkte, Br\xc3\xbchen, So\xc3\x9fen, Fertiggerichten, Suppen und Salatdressings gelingt jedes Gericht garantiert mit wenigen Handgriffen. Schnell und einfach erhalten so authentische Mahlzeiten ihren typischen Geschmack \xe2\x80\x93 egal, ob abwechslungsreiche vegetarische oder vegane K\xc3\xbcche, herzhafte Fleischgerichte oder leckere Gem\xc3\xbcsevariationen. Dabei ist es die Komposition ausgew\xc3\xa4hlter hochwertiger Zutaten, die jedes Knorr Produkt besonders macht. \n\nKnorr verarbeitet nur sorgf\xc3\xa4ltig schonend getrocknete Zutaten, denn das Trocknen ist eine der \xc3\xa4ltesten Methoden, um Lebensmittel nat\xc3\xbcrlich haltbar zu machen. Da der Geschmack und die N\xc3\xa4hrstoffe der frischen Zutaten weitgehend erhalten bleiben, passen Lebensmittel aus getrockneten Zutaten perfekt in unseren stressigen Alltag. Essen mit Knorr ist unkompliziert und sorgt dar\xc3\xbcber hinaus f\xc3\xbcr ein gutes Gef\xc3\xbchl: \xc3\x9cber 90 Prozent der Zutaten kommen heute schon aus nachhaltigem Anbau. Denn wir bei Knorr glauben, dass die Verwendung nachhaltig angebauter und beschaffter Zutaten einen gro\xc3\x9fen Unterschied f\xc3\xbcr den Geschmack unserer Produkte, das Wohlbefinden der Landwirte und die Zukunft des Planeten macht. Knorr \xe2\x80\x93 Geschmack mit gutem Gef\xc3\xbchl.Zutaten & AllergeneZutaten: 72% Tomatenmark1, Zucker, Branntweinessig, Speisesalz, nat\xc3\xbcrliche Aromen. 1 aus nachhaltig angebauten TomatenN\xc3\xa4hrwerteDurchschnittliche N\xc3\xa4hrwerteUnzubereitet pro 100 mlEnergie399 kJEnergie94 kcalFett0,5 gFett, davon ges\xc3\xa4ttigte Fetts\xc3\xa4uren< 0,1 gKohlenhydrate21 gKohlenhydrate, davon Zucker20 gBallaststoffe0,7 gEiwei\xc3\x9f1,4 gSalz1,9 gHinweiseAufbewahrungs- und Verwendungshinweis: Nach dem \xc3\x96ffnen im K\xc3\xbchlschrank aufbewahren.ArtikeldetailsMarke: KnorrUrsprungsland: PolenSorte: Tomaten-KetchupKontaktKontaktname: Unilever DeutschlandKontaktadresse: Postfach 570 550, 22774 HamburgMaximale Bestellmenge: 15 St\xc3\xbcckF\xc3\xbcr die vorstehenden Angaben wird keine Haftung \xc3\xbcbernommen. Bitte pr\xc3\xbcfen Sie im Einzelfall die Angaben auf der jeweiligen Produktverpackung, nur diese sind verbindlich.Das Produktdesign kann von der Abbildung abweichen.'",Kurfürstenanlage 6,Rewe,Kochen & Backen,2023-07-09,"Gültig ab morgen bis Samstag, 15.07.2023"
Barilla Collezione Farfalle,https://img.rewe-static.de/KLEIN28_2023/7905005/32879874-15_digital-image.png?impolicy=s-offers&imwidth=200&output-format=image/webp,,https://shop.rewe.de/productList?search=2832136,,"je 500-g-Pckg , (1 kg = 3.58)",Aktion,"1,79 €","b'ProduktbeschreibungArtikelnummer 7905005Zutaten & AllergeneZutaten: HARTWEIZENGRIESS, Wasser. Kann Spuren von Sojabohnen enthalten.Allergenhinweise: Enth\xc3\xa4lt: Weizen und Weizenerzeugnisse (glutenhaltiges Getreide). Glutenhaltiges Getreide und glutenhaltige Getreideerzeugnisse. Kann enthalten: Soja und Sojaerzeugnisse.N\xc3\xa4hrwerteDurchschnittliche N\xc3\xa4hrwerteUnzubereitet pro 100 gEnergie1.521 kJEnergie359 kcalFett2 gFett, davon ges\xc3\xa4ttigte Fetts\xc3\xa4uren0,5 gKohlenhydrate71,2 gKohlenhydrate, davon Zucker3,5 gBallaststoffe3 gEiwei\xc3\x9f12,5 gSalz0,013 gHinweiseAufbewahrungs- und Verwendungshinweis: Trocken, vor Licht und W\xc3\xa4rme gesch\xc3\xbctzt lagern.ArtikeldetailsMarke: BarillaUrsprungsland: ItalienKontaktKontaktname: Barilla G. e R. Fratelli S.p.A.Kontaktadresse: Via Mantova 166, Parma - ItalyMaximale Bestellmenge: 15 St\xc3\xbcckF\xc3\xbcr die vorstehenden Angaben wird keine Haftung \xc3\xbcbernommen. Bitte pr\xc3\xbcfen Sie im Einzelfall die Angaben auf der jeweiligen Produktverpackung, nur diese sind verbindlich.Das Produktdesign kann von der Abbildung abweichen.'",Kurfürstenanlage 6,Rewe,Kochen & Backen,2023-07-09,"Gültig ab morgen bis Samstag, 15.07.2023"
Ben’s Original Süß-Sauer Sauce,https://img.rewe-static.de/KLEIN28_2023/2675781/2505550-79_digital-image.png?impolicy=s-offers&imwidth=200&output-format=image/webp,,https://shop.rewe.de/productList?search=2832136,,"versch. Sorten , je 400-g-Glas , (1 kg = 3.73)",Aktion,"1,49 €","b""ProduktbeschreibungArtikelnummer 2675781BEN'S ORIGINAL\xe2\x84\xa2 S\xc3\xbc\xc3\x9f-Sauer: Eine Sauce, die nur sorgf\xc3\xa4ltig ausgew\xc3\xa4hlte Zutaten und keine k\xc3\xbcnstlichen Farb-, Konservierungs- und Aromastoffe enth\xc3\xa4lt.Zutaten & AllergeneZutaten: Wasser, Tomaten (13%), Zucker, Zwiebeln (10%), Ananas (9.3%), Karotten (8.2%), Branntweinessig, Modifizierte Maisst\xc3\xa4rke, Gr\xc3\xbcner Paprika (2.6%), Roter Paprika (2.6%), Salz, Farbstoff (Paprikaextrakt), Gew\xc3\xbcrze.Allergenhinweise: Enth\xc3\xa4lt: Keine deklarationspflichtigen Allergene enthalten.N\xc3\xa4hrwerteDurchschnittliche N\xc3\xa4hrwerteUnzubereitet pro 100 gEnergie310 kJEnergie73 kcalFett< 0,5 gFett, davon ges\xc3\xa4ttigte Fetts\xc3\xa4uren< 0,1 gKohlenhydrate17 gKohlenhydrate, davon Zucker13 gBallaststoffe0,8 gEiwei\xc3\x9f< 0,5 gSalz0,42 gHinweiseAufbewahrungs- und Verwendungshinweis: Nach dem \xc3\x96ffnen im K\xc3\xbchlschrank 3 Tage haltbar.ArtikeldetailsMarke: Ben's OriginalUrsprungsland: NiederlandeSorte: Extra AnanasKontaktKontaktname: Mars GmbHKontaktadresse: Postfach 1280, 27281 Verden (Aller)Maximale Bestellmenge: 15 St\xc3\xbcckF\xc3\xbcr die vorstehenden Angaben wird keine Haftung \xc3\xbcbernommen. Bitte pr\xc3\xbcfen Sie im Einzelfall die Angaben auf der jeweiligen Produktverpackung, nur diese sind verbindlich.Das Produktdesign kann von der Abbildung abweichen.""",Kurfürstenanlage 6,Rewe,Kochen & Backen,2023-07-09,"Gültig ab morgen bis Samstag, 15.07.2023"
REWE Beste Wahl Balsamico Creme,https://img.rewe-static.de/KLEIN28_2023/0888363/23928271-32_digital-image.png?impolicy=s-offers&imwidth=200&output-format=image/webp,,https://shop.rewe.de/productList?search=2832136,,"je 250-ml-Fl , (1 l = 7.16)",Aktion,"1,79 €","b'ProduktbeschreibungArtikelnummer 888363Ihr au\xc3\x9fergew\xc3\xb6hnlicher Geschmack ist ideal zur Verfeinerung von Salaten, Gem\xc3\xbcse und Fleisch geeinigt.\n\nHergestellt f\xc3\xbcr: REWE Markt GmbH, D-50603 K\xc3\xb6ln. Zutaten & AllergeneZutaten: Traubenmostkonzentrat, Aceto Balsamico di Modena IGP 39% (Traubenmostkonzentrat, Weinessig, Farbstoff Ammonsulfit-Zuckerkul\xc3\xb6r, Antioxidationsmittel KALIUMMETABISULFIT), Weinessig, Verdickungsmittel (Guarkernmehl, Xanthan). Zusatzstoffe: E 150d, E 224, E 412, E 415Allergenhinweise: Schwefeldioxid und Sulfite in einer Konzentration von mehr als 10 mg/kg oder 10 mg/l, als SO2 angegebenN\xc3\xa4hrwerteDurchschnittliche N\xc3\xa4hrwertepro 100 mlEnergie938 kJEnergie220 kcalFett0 gFett, davon ges\xc3\xa4ttigte Fetts\xc3\xa4uren0 gKohlenhydrate52,5 gKohlenhydrate, davon Zucker43,5 gEiwei\xc3\x9f0,5 gSalz1,14 gHinweiseAufbewahrungshinweise: Nach dem \xc3\x96ffnen im K\xc3\xbchlschrank aufbewahren.Verwendungshinweise: Trocken lagern. Vor W\xc3\xa4rme sch\xc3\xbctzen.ArtikeldetailsMarke: REWE Beste WahlUrsprungsland: ItalienKontaktKontaktname: Drogheria e Alimentari Deutschland GmbHKontaktadresse: H\xc3\xbcttenstrasse 87, 87600 Kaufbeuren, DeutschlandMaximale Bestellmenge: 15 St\xc3\xbcckF\xc3\xbcr die vorstehenden Angaben wird keine Haftung \xc3\xbcbernommen. Bitte pr\xc3\xbcfen Sie im Einzelfall die Angaben auf der jeweiligen Produktverpackung, nur diese sind verbindlich.Das Produktdesign kann von der Abbildung abweichen.'",Kurfürstenanlage 6,Rewe,Kochen & Backen,2023-07-09,"Gültig ab morgen bis Samstag, 15.07.2023"
Knorr Schlemmersauce,https://img.rewe-static.de/KLEIN28_2023/4584171/9206200-73_digital-image.png?impolicy=s-offers&imwidth=200&output-format=image/webp,,https://shop.rewe.de/productList?search=2832136,,"versch. Sorten , je 250-ml-Fl , (1 l = 3.96)",Aktion,"0,99 €","b'ProduktbeschreibungArtikelnummer 4584171- feine Knoblauchsauce \n - mit Zwiebelst\xc3\xbcckchen und Joghurt verfeinert \n - ideale Erg\xc3\xa4nzung zu Scampi, Salaten und verschiedenen Grillgerichten \n - ohne k\xc3\xbcnstliche Farbstoffe \n - ohne Geschmacksverst\xc3\xa4rker und Konservierungsstoffe \n \n Die herrlich cremige Knorr Knoblauch Sauce ist mit Zwiebelst\xc3\xbcckchen und Joghurt verfeinert und geh\xc3\xb6rt f\xc3\xbcr Liebhaber der herzhaften Knolle zu einem geselligen Grillabend dazu. Diese Sauce ist die ideale Erg\xc3\xa4nzung zu Scampi, Salaten, Folienkartoffeln, Maiskolben und verschiedenen Grillgerichten. Die Knorr Grillsauce in der Glasflasche passt au\xc3\x9ferdem als Dip hervorragend zu Fondue oder Raclette. Zubereitung: Vor Gebrauch sch\xc3\xbctteln. Knorr Grillsaucen sind Deutschlands beliebteste Grillsaucen (auf Basis verkaufter Saucen): Ganz gleich, ob zu saftigen Steaks, W\xc3\xbcrstchen, Fisch oder Gem\xc3\xbcse \xe2\x80\x93 mit den unterschiedlichsten Varianten von Knoblauch bis Curry hat Knorr die passende Grillsauce immer servierfertig und griffbereit. Die abwechslungsreichen Grillsaucen in der charakteristischen Knorr-Glasflasche schmecken der ganzen Familie. Auch die Knorr Grillsaucen im praktischen Squeezer bieten au\xc3\x9fergew\xc3\xb6hnliche Geschmacksrichtungen und sind ein besonderer Genuss bei jeder Grillparty. In der praktischen und leichten Kopfsteherflasche aus Kunststoff sind die Grillsaucen besonders gut und sauber zu dosieren und somit ideal f\xc3\xbcr unterwegs und sofort einsetzbar. So einfach bringt man Abwechslung auf\xe2\x80\x98s Grillgut! Kennen Sie schon die vielen weiteren Produkte von Knorr? Dank unserer Fix-Produkte, Br\xc3\xbchen, Saucen, Fertiggerichten, Suppen und Salatdressings gelingt jedes Gericht garantiert mit wenigen Handgriffen. Schnell und einfach erhalten so authentische Mahlzeiten ihren typischen Geschmack \xe2\x80\x93 egal, ob abwechslungsreiche vegetarische oder vegane K\xc3\xbcche, herzhafte Fleischgerichte oder leckere Gem\xc3\xbcsevariationen. Dabei ist es die Komposition ausgew\xc3\xa4hlter hochwertiger Zutaten, die jedes Knorr Produkt besonders macht. Knorr verarbeitet nur sorgf\xc3\xa4ltig schonend getrocknete Zutaten, denn das Trocknen ist eine der \xc3\xa4ltesten Methoden, um Lebensmittel nat\xc3\xbcrlich haltbar zu machen. Da der Geschmack und die N\xc3\xa4hrstoffe der frischen Zutaten weitgehend erhalten bleiben, passen Lebensmittel aus getrockneten Zutaten perfekt in unseren stressigen Alltag. Essen mit Knorr ist unkompliziert und sorgt dar\xc3\xbcber hinaus f\xc3\xbcr ein gutes Gef\xc3\xbchl: \xc3\x9cber 90 Prozent der Zutaten kommen heute schon aus nachhaltigem Anbau. Denn wir bei Knorr glauben, dass die Verwendung nachhaltig angebauter und beschaffter Zutaten einen gro\xc3\x9fen Unterschied f\xc3\xbcr den Geschmack unserer Produkte, das WohlbeFinden der Landwirte und die Zukunft des Planeten macht. Knorr \xe2\x80\x93 Geschmack mit gutem Gef\xc3\xbchl.... mehr anzeigenDie cremige Knorr Knoblauch Sauce mit mildem Geschmack schmeckt ausgezeichnet zu Scampi, Salaten und verschiedenen Grillgerichten. Eine herrlich cremige Knoblauch Sauce von Knorr, verfeinert mit Zwiebelst\xc3\xbcckchen und Joghurt. Mit dieser leckeren W\xc3\xbcrzsauce kann die Grillparty beginnen. Der Knorr Grillsaucen-Klassiker in der Glasflasche ist ein unverzichtbarer Begleiter in der Grillsaison. \n\nKnorr Saucen inspirieren sowohl Kochk\xc3\xbcnstler als auch alle, die gerne Neues entdecken und in die Welt der exotischen Gen\xc3\xbcsse eintauchen m\xc3\xb6chten. Das Sortiment an Knorr Grillsaucen bietet etwas f\xc3\xbcr jeden Geschmack und jede Gelegenheit. Etwa eine Grillparty mit Familie und Freuden \xe2\x80\x93 doch ohne Grillsaucen keine richtige Grillparty. \n\nDie Knorr Saucen sind ideal f\xc3\xbcr allerlei gebratene oder gegrillte Fleischsorten, verschiedene Fische oder diverse Meeresfr\xc3\xbcchte. Die Devise lautet: selbst ausprobieren und jedes Gericht zu einem kulinarischen Fest mit guter Stimmung verwandeln. Millionen zufriedener Verbraucher vertrauen bereits auf Knorr und greifen immer \xc3\xb6fter nach dem Produkt. Die handliche Flasche der Grillsauce ist leicht dosierbar und daher perfekt f\xc3\xbcr unterwegs. Dank gesunder Zutaten und einer hohen Qualit\xc3\xa4t werden Knorr Saucen zunehmend auch f\xc3\xbcr die abwechslungsreiche vegetarische und vegane K\xc3\xbcche empfohlen. \n\nAufbewahrungs- und Verwendungshinweise: Vor Gebrauch sch\xc3\xbctteln. Nach dem \xc3\x96ffnen im K\xc3\xbchlschrank aufbewahren. \n\nSind schon die vielen weiteren Produkte von Knorr bekannt? Dank der Fix-Produkte, So\xc3\x9fen, Fertiggerichte, Suppen, Salatdressings, Br\xc3\xbchen und Bouillons gelingt jedes Gericht garantiert mit wenigen Handgriffen. Schnell und einfach erhalten authentische Mahlzeiten so ihren typischen Geschmack \xe2\x80\x93 egal, ob abwechslungsreiche vegetarische oder vegane K\xc3\xbcche, herzhafte Fleischgerichte oder leckere Gem\xc3\xbcsevariationen. Dabei ist es die Komposition ausgew\xc3\xa4hlter hochwertiger Zutaten, die jedes Knorr Produkt besonders macht. Knorr verarbeitet nur sorgf\xc3\xa4ltig schonend getrocknete Zutaten, denn das Trocknen ist eine der \xc3\xa4ltesten Methoden, um Lebensmittel nat\xc3\xbcrlich haltbar zu machen. Da der Geschmack und die Hauptn\xc3\xa4hrstoffe der frischen Zutaten weitgehend erhalten bleiben, passen Lebensmittel aus getrockneten Zutaten perfekt in unseren stressigen Alltag. Essen mit Knorr ist unkompliziert und sorgt dar\xc3\xbcber hinaus f\xc3\xbcr ein gutes Gef\xc3\xbchl: 95 Prozent unserer Gem\xc3\xbcse und Kr\xc3\xa4uter stammen heute schon aus nachhaltigem Anbau. Denn wir bei Knorr glauben, dass die Verwendung nachhaltig angebauter und beschaffter Zutaten einen gro\xc3\x9fen Unterschied f\xc3\xbcr den Geschmack unserer Produkte, das Wohlbefinden der Landwirte und die Zukunft des Planeten macht. Knorr. Gutes, nat\xc3\xbcrlich lecker!Zutaten & AllergeneZutaten: Trinkwasser, Raps\xc3\xb6l, MAGERMILCHJOGHURT, Zucker, modifizierte St\xc3\xa4rke, Branntweinessig, Zwiebeln, SELLERIE, EIGELB, Speisesalz, 1,2 % Knoblauch, Gew\xc3\xbcrze (mit SENFSAAT), Zitronensaftkonzentrat, Aromen, Petersilie.N\xc3\xa4hrwerteDurchschnittliche N\xc3\xa4hrwerteUnzubereitet pro 100 mlEnergie1.044 kJEnergie249 kcalFett21 gFett, davon ges\xc3\xa4ttigte Fetts\xc3\xa4uren1,9 gKohlenhydrate12 gKohlenhydrate, davon Zucker9,1 gBallaststoffe< 0,5 gEiwei\xc3\x9f1 gSalz1,6 gHinweiseAufbewahrungs- und Verwendungshinweis: Nach dem \xc3\x96ffnen im K\xc3\xbchlschrank aufbewahren.ArtikeldetailsMarke: KnorrUrsprungsland: DeutschlandKontaktKontaktname: Unilever DeutschlandKontaktadresse: Postfach 570 550, 22774 HamburgMaximale Bestellmenge: 15 St\xc3\xbcckF\xc3\xbcr die vorstehenden Angaben wird keine Haftung \xc3\xbcbernommen. Bitte pr\xc3\xbcfen Sie im Einzelfall die Angaben auf der jeweiligen Produktverpackung, nur diese sind verbindlich.Das Produktdesign kann von der Abbildung abweichen.'",Kurfürstenanlage 6,Rewe,Kochen & Backen,2023-07-09,"Gültig ab morgen bis Samstag, 15.07.2023"
Hela Gewürzketchup Curry,https://img.rewe-static.de/KLEIN28_2023/4908848/630290-90_digital-image.png?impolicy=s-offers&imwidth=200&output-format=image/webp,,https://shop.rewe.de/productList?search=2832136,,"versch. Sorten , je 800-ml-Fl , (1 l = 2.86)",Aktion,"2,29 €","b'ProduktbeschreibungArtikelnummer 4908848Mit der originalen Hela W\xc3\xbcrzung\r\nUnser scharf-s\xc3\xbc\xc3\x9flicher Gew\xc3\xbcrz Ketchup Curry scharf ist die ideale Erg\xc3\xa4nzung f\xc3\xbcr all unsere Fans, die es gern etwas pikanter m\xc3\xb6gen.Zutaten & AllergeneZutaten: Tomatensaft, Zucker, Dextrose, Kochsalz, Curry (SENFMEHL, Pfeffer, Paprika, Chili, Nelken, Gew\xc3\xbcrze), Branntweinessig, modifizierte Maisst\xc3\xa4rke, S\xc3\xa4uerungsmittel: Citronens\xc3\xa4ure, Verdickungsmittel: (Guarkernmehl, Johannisbrotkernmehl), Kr\xc3\xa4uter (enth\xc3\xa4lt SELLERIE), S\xc3\xa4ureregulator: Natriumlactat, Geschmacksverst\xc3\xa4rker: Mononatriumglutamat.Allergenhinweise: Enth\xc3\xa4lt: Senf- und Senferzeugnisse. Sellerie und Sellerieerzeugnisse.N\xc3\xa4hrwerteDurchschnittliche N\xc3\xa4hrwerteUnzubereitet pro 100 gEnergie573 kJEnergie137 kcalFett0,3 gFett, davon ges\xc3\xa4ttigte Fetts\xc3\xa4uren0,1 gKohlenhydrate30,8 gKohlenhydrate, davon Zucker29,4 gEiwei\xc3\x9f0,8 gSalz2,2 gHinweiseAufbewahrungs- und Verwendungshinweis: Nach erster \xc3\x96ffnung bitte im K\xc3\xbchlschrank lagern und kurzfristig verzehren!ArtikeldetailsMarke: HelaUrsprungsland: DeutschlandPackungsgr\xc3\xb6\xc3\x9fe: 800mlKontaktKontaktname: Hela Gew\xc3\xbcrzwerk Hermann Laue GmbHKontaktadresse: D-22923 AhrensburgMaximale Bestellmenge: 15 St\xc3\xbcckF\xc3\xbcr die vorstehenden Angaben wird keine Haftung \xc3\xbcbernommen. Bitte pr\xc3\xbcfen Sie im Einzelfall die Angaben auf der jeweiligen Produktverpackung, nur diese sind verbindlich.Das Produktdesign kann von der Abbildung abweichen.'",Kurfürstenanlage 6,Rewe,Kochen & Backen,2023-07-09,"Gültig ab morgen bis Samstag, 15.07.2023"
Barilla Spaghetti Al Bronzo,https://img.rewe-static.de/KLEIN28_2023/8745035/37803714-8_digital-image.png?impolicy=s-offers&imwidth=200&output-format=image/webp,,https://shop.rewe.de/productList?search=2832136,,"je 400-g-Pckg , (1 kg = 4.48)",Aktion,"1,79 €","b'ProduktbeschreibungArtikelnummer 8745035Zutaten & AllergeneZutaten: HARTWEIZENGRIESS, Wasser. Kann Spuren von Sojabohnen und Senf enthalten.Allergenhinweise: Enth\xc3\xa4lt: Weizen und Weizenerzeugnisse (glutenhaltiges Getreide). Glutenhaltiges Getreide und glutenhaltige Getreideerzeugnisse. Kann enthalten: Soja und Sojaerzeugnisse. Senf- und Senferzeugnisse.N\xc3\xa4hrwerteDurchschnittliche N\xc3\xa4hrwerteUnzubereitet pro 100 gEnergie1.521 kJEnergie359 kcalFett2 gFett, davon ges\xc3\xa4ttigte Fetts\xc3\xa4uren0,4 gKohlenhydrate69,7 gKohlenhydrate, davon Zucker3,5 gBallaststoffe3 gEiwei\xc3\x9f14 gSalz0,013 gHinweiseAufbewahrungs- und Verwendungshinweis: Trocken, vor Licht und W\xc3\xa4rme gesch\xc3\xbctzt lagern.ArtikeldetailsMarke: BarillaUrsprungsland: ItalienKontaktKontaktname: Barilla G. e R. Fratelli S.p.A.Kontaktadresse: Via Mantova 166, Parma - ItalyMaximale Bestellmenge: 15 St\xc3\xbcckF\xc3\xbcr die vorstehenden Angaben wird keine Haftung \xc3\xbcbernommen. Bitte pr\xc3\xbcfen Sie im Einzelfall die Angaben auf der jeweiligen Produktverpackung, nur diese sind verbindlich.Das Produktdesign kann von der Abbildung abweichen.'",Kurfürstenanlage 6,Rewe,Kochen & Backen,2023-07-09,"Gültig ab morgen bis Samstag, 15.07.2023"
Fabbri Amarenakirschen,https://img.rewe-static.de/KLEIN28_2023/3797015/1603730-43_digital-image.png?impolicy=s-offers&imwidth=200&output-format=image/webp,,https://shop.rewe.de/productList?search=2832136,,"Frucht in Sirup , je 230-g-Glas , (1 kg = 39.90) , 100-g-Abtropfgew.",Aktion,"3,99 €","b'ProduktbeschreibungArtikelnummer 3797015Zutaten & AllergeneZutaten: Zucker, Sauerkirschen (43%), Glukose Sirup, Wasser, Sauerkirschen saft (4%), S\xc3\xa4uerungsmittel Zitronens\xc3\xa4ure, Aromen, Farbstoff Anthocyane aus Pflanzenextrakt.N\xc3\xa4hrwerteDurchschnittliche N\xc3\xa4hrwerteUnzubereitet pro 100 gEnergie1.160 kJEnergie273 kcalFett0 gFett, davon ges\xc3\xa4ttigte Fetts\xc3\xa4uren0 gKohlenhydrate67 gKohlenhydrate, davon Zucker61 gEiwei\xc3\x9f0 gSalz0,03 gArtikeldetailsMarke: FabbriNettof\xc3\xbcllmenge: 230 GUrsprungsland: ItalienAbtropfgewicht: 100 gKontaktKontaktname: G. Fabbri Deutschland GmbHKontaktadresse: Witneystr. 1 - 82008 UnterhachingMaximale Bestellmenge: 15 St\xc3\xbcckF\xc3\xbcr die vorstehenden Angaben wird keine Haftung \xc3\xbcbernommen. Bitte pr\xc3\xbcfen Sie im Einzelfall die Angaben auf der jeweiligen Produktverpackung, nur diese sind verbindlich.Das Produktdesign kann von der Abbildung abweichen.'",Kurfürstenanlage 6,Rewe,Kochen & Backen,2023-07-09,"Gültig ab morgen bis Samstag, 15.07.2023"
REWE Beste Wahl Bolognese Pasta Sauce,https://img.rewe-static.de/KLEIN28_2023/7123786/27851232-24_digital-image.png?impolicy=s-offers&imwidth=200&output-format=image/webp,,https://shop.rewe.de/productList?search=2832136,,"je 380-ml-Glas , (1 l = 4.18)",Aktion,"1,59 €","b'ProduktbeschreibungArtikelnummer 7123786Zutaten & AllergeneZutaten: Passierte Tomaten 61%, Rindfleisch 28%, Gem\xc3\xbcse 6% (Karotten, Zwiebeln, Knoblauch), Zucker, Salz, S\xc3\xa4uerungsmittel Milchs\xc3\xa4ure, Sonnenblumen\xc3\xb6l, Kr\xc3\xa4uter, Gew\xc3\xbcrze.    Zusatzstoffe: E 270N\xc3\xa4hrwerteDurchschnittliche N\xc3\xa4hrwertepro 100 mlEnergie392 kJEnergie94 kcalFett4,6 gFett, davon ges\xc3\xa4ttigte Fetts\xc3\xa4uren2,3 gKohlenhydrate6,1 gKohlenhydrate, davon Zucker5 gEiwei\xc3\x9f5,9 gSalz1,4 gHinweiseAufbewahrungshinweise: Nach dem \xc3\x96ffnen im K\xc3\xbchlschrank aufbewahren und innerhalb von 3-4 Tagen verbrauchen.Verwendungshinweise: Trocken lagern. Vor W\xc3\xa4rme sch\xc3\xbctzen.ArtikeldetailsMarke: REWE Beste WahlUrsprungsland: ItalienKontaktKontaktname: LA DORIA S.P.A.Kontaktadresse: Via Nazionale, 320, Angri, 84012, ItalienMaximale Bestellmenge: 15 St\xc3\xbcckF\xc3\xbcr die vorstehenden Angaben wird keine Haftung \xc3\xbcbernommen. Bitte pr\xc3\xbcfen Sie im Einzelfall die Angaben auf der jeweiligen Produktverpackung, nur diese sind verbindlich.Das Produktdesign kann von der Abbildung abweichen.'",Kurfürstenanlage 6,Rewe,Kochen & Backen,2023-07-09,"Gültig ab morgen bis Samstag, 15.07.2023"
Saupiquet Thunfisch,https://img.rewe-static.de/KLEIN28_2023/2071371/2519210-44_digital-image.png?impolicy=s-offers&imwidth=200&output-format=image/webp,,https://shop.rewe.de/productList?search=2832136,,"Naturale ohne Öl oder in Sonnenblumenöl , je 185-g-Dose , (1 kg = 17.79) , 140-g-Abtropfgew.",Aktion,"2,49 €","b'ProduktbeschreibungArtikelnummer 2071371Zutaten & AllergeneZutaten: THUNFISCH (Skipjack, Katsuwonus pelamis), Wasser, Salz.Allergenhinweise: Enth\xc3\xa4lt: Fisch und Fischerzeugnisse.N\xc3\xa4hrwerteDurchschnittliche N\xc3\xa4hrwerteUnzubereitet pro 100 gEnergie410 kJEnergie97 kcalFett0,5 gFett, davon ges\xc3\xa4ttigte Fetts\xc3\xa4uren0,2 gKohlenhydrate0 gKohlenhydrate, davon Zucker0 gBallaststoffe0 gEiwei\xc3\x9f23 gSalz1,3 gHinweiseAufbewahrungs- und Verwendungshinweis: Mindestens haltbar bis: siehe VerpackungsaufdruckArtikeldetailsMarke: SaupiquetNettof\xc3\xbcllmenge: 185 GUrsprungsland: EcuadorAbtropfgewicht: 140 gSorte: Naturale ohne \xc3\x96lKontaktKontaktname: Saupiquet D GmbHKontaktadresse: Postfach 9307, 47750 KrefeldMaximale Bestellmenge: 15 St\xc3\xbcckF\xc3\xbcr die vorstehenden Angaben wird keine Haftung \xc3\xbcbernommen. Bitte pr\xc3\xbcfen Sie im Einzelfall die Angaben auf der jeweiligen Produktverpackung, nur diese sind verbindlich.Das Produktdesign kann von der Abbildung abweichen.'",Kurfürstenanlage 6,Rewe,Kochen & Backen,2023-07-09,"Gültig ab morgen bis Samstag, 15.07.2023"
Oryza Reisspezialität,https://img.rewe-static.de/KLEIN28_2023/2600315/1231150-46_digital-image.png?impolicy=s-offers&imwidth=200&output-format=image/webp,,https://shop.rewe.de/productList?search=2832136,,"Himalaya Basmati , je 500-g-Btl , (1 kg = 3.58)",Aktion,"1,79 €","b'ProduktbeschreibungArtikelnummer 2600315Zutaten & AllergeneZutaten: Basmati ReisAllergenhinweise: Enth\xc3\xa4lt: Keine deklarationspflichtigen Allergene enthalten.N\xc3\xa4hrwerteDurchschnittliche N\xc3\xa4hrwerteUnzubereitet pro 100 gEnergie1.469 kJEnergie351 kcalFett1 gFett, davon ges\xc3\xa4ttigte Fetts\xc3\xa4uren0,3 gKohlenhydrate75 gKohlenhydrate, davon Zucker0,5 gBallaststoffe3,6 gEiwei\xc3\x9f8,8 gSalz0,01 gHinweiseAufbewahrungs- und Verwendungshinweis: Produkt vor W\xc3\xa4rme sch\xc3\xbctzen und trocken lagern.ArtikeldetailsMarke: OryzaUrsprungsland: BelgienKontaktKontaktname: Euryza GmbHKontaktadresse: Paul-Dessau-Str. 5, 22761 HamburgMaximale Bestellmenge: 15 St\xc3\xbcckF\xc3\xbcr die vorstehenden Angaben wird keine Haftung \xc3\xbcbernommen. Bitte pr\xc3\xbcfen Sie im Einzelfall die Angaben auf der jeweiligen Produktverpackung, nur diese sind verbindlich.Das Produktdesign kann von der Abbildung abweichen.'",Kurfürstenanlage 6,Rewe,Kochen & Backen,2023-07-09,"Gültig ab morgen bis Samstag, 15.07.2023"
Milka Schokolade,https://img.rewe-static.de/KLEIN28_2023/0196479/3851190-69_digital-image.png?impolicy=s-offers&imwidth=200&output-format=image/webp,,https://shop.rewe.de/productList?search=2832136,,"Alpenmilch oder Noisette , je 100-g-Tafel , (1 kg = 7.90)",Knaller,"0,79 €","b'ProduktbeschreibungArtikelnummer 196479Milkas Alpenmilch Schokoladentafel ist der Klassiker f\xc3\xbcr alle Schokoladen-Fans. Der leckere, zartschmelzende Schokoladengenuss aus 100% Alpenmilch darf in keinem Haushalt fehlen. Zutaten & AllergeneZutaten: Zucker, Kakaobutter, Kakaomasse, MAGERMILCHPULVER, S\xc3\xbcssmolkenpulver (aus MILCH), BUTTERREINFETT, Emulgator (SOJALECITHINE), HASELNUSSMASSE, Aroma. KANN ANDERE N\xc3\x9cSSE UND WEIZEN ENTHALTEN.Allergenhinweise: MAGERMILCHPULVER, MILCH, BUTTERREINFETT, SOJALECITHINE, HASELNUSSMASSEEnth\xc3\xa4lt: Soja und Sojaerzeugnisse. Haselnuss und Haselnusserzeugnisse. Milch und Milcherzeugnisse (einschlie\xc3\x9flich Lactose). N\xc3\xbcsse und Nusserzeugnisse. Kann enthalten: Weizen und Weizenerzeugnisse (glutenhaltiges Getreide). Glutenhaltiges Getreide und glutenhaltige Getreideerzeugnisse.N\xc3\xa4hrwerteDurchschnittliche N\xc3\xa4hrwerteUnzubereitet pro 100 gEnergie2.251 kJEnergie539 kcalFett31 gFett, davon ges\xc3\xa4ttigte Fetts\xc3\xa4uren19 gKohlenhydrate57 gKohlenhydrate, davon Zucker55 gBallaststoffe2,3 gEiwei\xc3\x9f6,5 gSalz0,28 gHinweiseAufbewahrungs- und Verwendungshinweis: Trocken lagern und vor W\xc3\xa4rme sch\xc3\xbctzen.Information: Kakao: 33% mindestens.ArtikeldetailsMarke: MilkaUrsprungsland: DeutschlandSorte: AlpenmilchKontaktKontaktname: Mondelez Deutschland GmbHKontaktadresse: D-28078 BremenMaximale Bestellmenge: 15 St\xc3\xbcckF\xc3\xbcr die vorstehenden Angaben wird keine Haftung \xc3\xbcbernommen. Bitte pr\xc3\xbcfen Sie im Einzelfall die Angaben auf der jeweiligen Produktverpackung, nur diese sind verbindlich.Das Produktdesign kann von der Abbildung abweichen.'",Kurfürstenanlage 6,Rewe,Süßes & Salziges,2023-07-09,"Gültig ab morgen bis Samstag, 15.07.2023"
Storck Toffifee,https://img.rewe-static.de/KLEIN28_2023/0205605/21816375-32_digital-image.png?impolicy=s-offers&imwidth=200&output-format=image/webp,,https://shop.rewe.de/productList?search=2832136,,"je 125-g-Pckg , (1 kg = 7.92)",Aktion,"0,99 €","b'ProduktbeschreibungArtikelnummer 205605So viel Gutes steckt in Toffifee: Eine knackige Haselnuss in Karamell mit Nougatcreme und einem Klecks kr\xc3\xa4ftiger Schokolade - eine Kombination, die f\xc3\xbcr jeden Geschmack genau das Richtige bietet. Es steckt viel Spa\xc3\x9f in Toffifee! Egal ob jung oder \xc3\xa4lter, gro\xc3\x9f oder klein, Mama oder Papa, gro\xc3\x9fer Bruder, kleine Schwester - in Toffifee steckt, was allen schmeckt: Leckeres Karamell, knackig ger\xc3\xb6stete Haselnuss, zarte Nougatcreme sowie eine kr\xc3\xa4ftige Schokoladenschicht als T\xc3\xbcpfelchen auf dem \xe2\x80\x9eMmhh\xe2\x80\x9c.  Mit Toffifee kommt der Spa\xc3\x9f in jedes zu Hause.Zutaten & AllergeneZutaten: Zucker, pflanzliche Fette (Palm, Shea), HASELN\xc3\x9cSSE, Glukosesirup, MAGERMILCHPULVER, Feuchthaltemittel Sorbitsirup, Kakaomasse, kondensierte MAGERMILCH, kondensierte S\xc3\x9cSSMOLKE, MILCHZUCKER, magerer Kakao, Kakaobutter, BUTTERREINFETT, Rohrzuckersirup, MOLKENERZEUGNIS, Emulgator Lecithine (SOJA), Salz, Aromen. KANN AUCH MANDEL, ERDNUSS UND ANDERE N\xc3\x9cSSE ENTHALTEN.Allergenhinweise: Enth\xc3\xa4lt: Milch und Milcherzeugnisse (einschlie\xc3\x9flich Lactose). N\xc3\xbcsse und Nusserzeugnisse. Soja und Sojaerzeugnisse. Haselnuss und Haselnusserzeugnisse. Kann enthalten: Erdn\xc3\xbcsse und Erdnusserzeugnisse. Mandeln und Mandelerzeugnisse. Kaschunuss und Kaschunusserzeugnisse. Pecannuss und Pecannusserzeugnisse. Macadamianuss und Macadamianusserzeugnisse. Paranuss und Paranusserzeugnisse. Pistazie und Pistazienerzeugnisse. Walnuss und Walnusserzeugnisse.N\xc3\xa4hrwerteDurchschnittliche N\xc3\xa4hrwerteUnzubereitet pro 100 gEnergie2.177 kJEnergie521 kcalFett29 gFett, davon ges\xc3\xa4ttigte Fetts\xc3\xa4uren12,7 gKohlenhydrate58,9 gKohlenhydrate, davon Zucker48,8 gEiwei\xc3\x9f6 gSalz0,27 gHinweiseAufbewahrungs- und Verwendungshinweis: Vor W\xc3\xa4rme sch\xc3\xbctzen!ArtikeldetailsMarke: ToffifeeUrsprungsland: DeutschlandPackungsgr\xc3\xb6\xc3\x9fe: 125gKontaktKontaktname: AUGUST STORCK KGKontaktadresse: Waldstr. 27, D-13403 BerlinMaximale Bestellmenge: 15 St\xc3\xbcckF\xc3\xbcr die vorstehenden Angaben wird keine Haftung \xc3\xbcbernommen. Bitte pr\xc3\xbcfen Sie im Einzelfall die Angaben auf der jeweiligen Produktverpackung, nur diese sind verbindlich.Das Produktdesign kann von der Abbildung abweichen.'",Kurfürstenanlage 6,Rewe,Süßes & Salziges,2023-07-09,"Gültig ab morgen bis Samstag, 15.07.2023"
Belli Cantuccini,https://img.rewe-static.de/KLEIN28_2023/0218662/22322908-38_digital-image.png?impolicy=s-offers&imwidth=200&output-format=image/webp,,https://shop.rewe.de/productList?search=2832136,,"je 250-g-Btl , (1 kg = 10.36)",Aktion,"2,59 €","b""ProduktbeschreibungArtikelnummer 218662Mit 25% Mandelanteil. Zutaten & AllergeneZutaten: WEIZENMEHL, Zucker, MANDELN (25%), pasteurisierte VOLLEIER, pasteurisiertes H\xc3\x9cHNEREIGELB, BUTTER, Bl\xc3\xbctenhonig, Salz. Backtriebmittel: Ammoniumhydrogencarbonat, Dinatriumdiphosphat, Natriumhydrogencarbonat, Aromen. Kann Spuren von anderen SCHALENFR\xc3\x9cCHTEN und SOJA enthalten.Allergenhinweise: Enth\xc3\xa4lt: Weizen und Weizenerzeugnisse (glutenhaltiges Getreide). Mandeln und Mandelerzeugnisse. Eier und Eierzeugnisse. Milch und Milcherzeugnisse (einschlie\xc3\x9flich Lactose). Kann enthalten: Soja und Sojaerzeugnisse. N\xc3\xbcsse und Nusserzeugnisse.N\xc3\xa4hrwerteDurchschnittliche N\xc3\xa4hrwerteUnzubereitet pro 100 gEnergie1.774 kJEnergie424 kcalFett16 gFett, davon ges\xc3\xa4ttigte Fetts\xc3\xa4uren3 gKohlenhydrate60 gKohlenhydrate, davon Zucker32 gEiwei\xc3\x9f10 gSalz0,06 gHinweiseAufbewahrungs- und Verwendungshinweis: K\xc3\xbchl und trocken lagern.ArtikeldetailsUrsprungsland: ItalienKontaktKontaktname: Biscottificio Belli srlKontaktadresse: Via dell'Albereto, 26/28/30, I-50041 Calenzano - FirenzeMaximale Bestellmenge: 15 St\xc3\xbcckF\xc3\xbcr die vorstehenden Angaben wird keine Haftung \xc3\xbcbernommen. Bitte pr\xc3\xbcfen Sie im Einzelfall die Angaben auf der jeweiligen Produktverpackung, nur diese sind verbindlich.Das Produktdesign kann von der Abbildung abweichen.""",Kurfürstenanlage 6,Rewe,Süßes & Salziges,2023-07-09,"Gültig ab morgen bis Samstag, 15.07.2023"
Mitsuba Japanese Peanut Crunch & Crispies,https://img.rewe-static.de/KLEIN28_2023/8348948/31504369-13_digital-image.png?impolicy=s-offers&imwidth=200&output-format=image/webp,,https://shop.rewe.de/productList?search=2832136,,"je 100-g-Btl , (1 kg = 14.90)",Aktion,"1,49 €","b'ProduktbeschreibungArtikelnummer 8348948Zutaten & AllergeneZutaten: 53% Reis, WEIZENMEHL, Zucker, 8% ERDN\xc3\x9cSSE, modifizierte Maisst\xc3\xa4rke, 5% Sojaso\xc3\x9fe (Wasser, SOJABOHNEN, WEIZEN, Salz), SESAM, Glukosesirup, 0,7% Meeresalgen, Maltodextrin, Hefeextrakt, Salz, St\xc3\xa4rke (Tapioka, Kartoffel), Farbstoff (Zuckerkul\xc3\xb6r, Paprikaextrakt, E141).Allergenhinweise: Enth\xc3\xa4lt: Weizen und Weizenerzeugnisse (glutenhaltiges Getreide). Erdn\xc3\xbcsse und Erdnusserzeugnisse. Soja und Sojaerzeugnisse.N\xc3\xa4hrwerteDurchschnittliche N\xc3\xa4hrwerteUnzubereitet pro 100 gEnergie1.661 kJEnergie393 kcalFett5,2 gFett, davon ges\xc3\xa4ttigte Fetts\xc3\xa4uren1,1 gKohlenhydrate76 gKohlenhydrate, davon Zucker13,2 gBallaststoffe4,1 gEiwei\xc3\x9f8,6 gSalz1,3 gHinweiseAufbewahrungs- und Verwendungshinweis: Mindestens haltbar bis Ende: siehe VerpackungsaufdruckArtikeldetailsMarke: MitsubaEigenschaften: *Neu*KontaktKontaktname: Menken Orlando B.V.,Kontaktadresse: Kerketuinenweg 35, NL-2544 CV, Den Haag, The NetherlandsMaximale Bestellmenge: 15 St\xc3\xbcckF\xc3\xbcr die vorstehenden Angaben wird keine Haftung \xc3\xbcbernommen. Bitte pr\xc3\xbcfen Sie im Einzelfall die Angaben auf der jeweiligen Produktverpackung, nur diese sind verbindlich.Das Produktdesign kann von der Abbildung abweichen.'",Kurfürstenanlage 6,Rewe,Süßes & Salziges,2023-07-09,"Gültig ab morgen bis Samstag, 15.07.2023"
Mitsuba Thai Chilli Crispies,https://img.rewe-static.de/KLEIN28_2023/8349986/30311577-9_digital-image.png?impolicy=s-offers&imwidth=200&output-format=image/webp,,https://shop.rewe.de/productList?search=2832136,,"je 85-g-Pckg , (1 kg = 17.53)",Aktion,"1,49 €","b""ProduktbeschreibungArtikelnummer 8349986You've found the real Asian flavour experience with Mitsuba! Our range of extraordinary savoury snacks inspired by the spices & herbs you can discover across Asia. Each pack is full of flavours and satisfying crunchy textures. Discover real Asian flavours. With a Crunch! Inspired by Kyoto Wasabi flavoured. MSG free. Palm oil free. Inspired by Phuket. Sweet chilli flavoured.Zutaten & AllergeneZutaten: 45% Jasminreis, Sonnenblumenol, Zucker, Tapiokast\xc3\xa4rke,Sojaso\xc3\x9fe (Wasser, SOJABOHNEN, WEIZEN, Salz,) Salz, Knoblauchpulver, 0,3% Chillipulver, Farbstoff(Paprikaextrakt), S\xc3\xbc\xc3\x9fholzpulver, S\xc3\xa4ureregulator(Citronens\xc3\xa4ure). Kann ERDN\xc3\x9cSSEN, SCHALENFR\xc3\x9cCHTE & SESAM enthalten.Allergenhinweise: Enth\xc3\xa4lt: Soja und Sojaerzeugnisse. Weizen und Weizenerzeugnisse (glutenhaltiges Getreide). Glutenhaltiges Getreide und glutenhaltige Getreideerzeugnisse. Kann enthalten: Erdn\xc3\xbcsse und Erdnusserzeugnisse. N\xc3\xbcsse und Nusserzeugnisse. Sesamsamen und Sesamsamenerzeugnisse.N\xc3\xa4hrwerteDurchschnittliche N\xc3\xa4hrwerteUnzubereitet pro 100 gEnergie2.254 kJEnergie540 kcalFett32,3 gFett, davon ges\xc3\xa4ttigte Fetts\xc3\xa4uren2,8 gKohlenhydrate58,1 gKohlenhydrate, davon Zucker14,5 gBallaststoffe1,3 gEiwei\xc3\x9f3,6 gSalz2,4 gHinweiseAufbewahrungs- und Verwendungshinweis: K\xc3\xbchl, trocken und lichtgesch\xc3\xbctzt lagern.Information: Unter Schutzatmosph\xc3\xa4re verpackt.ArtikeldetailsMarke: MitsubaUrsprungsland: NiederlandeKontaktKontaktname: MitsubaKontaktadresse: P.O. Box 43464, 2504 AL The Hague, NLF\xc3\xbcr die vorstehenden Angaben wird keine Haftung \xc3\xbcbernommen. Bitte pr\xc3\xbcfen Sie im Einzelfall die Angaben auf der jeweiligen Produktverpackung, nur diese sind verbindlich.Das Produktdesign kann von der Abbildung abweichen.""",Kurfürstenanlage 6,Rewe,Süßes & Salziges,2023-07-09,"Gültig ab morgen bis Samstag, 15.07.2023"
Pepsi,https://img.rewe-static.de/KLEIN28_2023/8541362/32711974-34_digital-image.png?impolicy=s-offers&imwidth=200&output-format=image/webp,,https://shop.rewe.de/productList?search=2832136,,"versch. Sorten, koffeinhaltig , je 1,5-l-Fl , (1 l = 0.66) , zzgl. 0.25 Pfand",Knaller,"0,99 €","b'ProduktbeschreibungArtikelnummer 8541362Zutaten & AllergeneZutaten: Wasser, Zucker, Kohlens\xc3\xa4ure, Farbstoff E 150d, S\xc3\xa4uerungsmittel Phosphors\xc3\xa4ure, Aroma, S\xc3\xbc\xc3\x9fungsmittel (Acesulfam K, Sucralose), Aroma Koffein.N\xc3\xa4hrwerteDurchschnittliche N\xc3\xa4hrwerteUnzubereitet pro 100 mlEnergie120 kJEnergie28 kcalFett0 gFett, davon ges\xc3\xa4ttigte Fetts\xc3\xa4uren0 gKohlenhydrate7 gKohlenhydrate, davon Zucker7 gEiwei\xc3\x9f0 gSalz< 0,01 gHinweiseAufbewahrungs- und Verwendungshinweis: Mindestens haltbar bis: Siehe Flaschenhals.ArtikeldetailsMarke: PepsiNettof\xc3\xbcllmenge: 1,5 LUrsprungsland: DeutschlandKontaktKontaktname: PepsiCo Deutschland GmbHKontaktadresse: D-63263 Neu-IsenburgMaximale Bestellmenge: 15 St\xc3\xbcckF\xc3\xbcr die vorstehenden Angaben wird keine Haftung \xc3\xbcbernommen. Bitte pr\xc3\xbcfen Sie im Einzelfall die Angaben auf der jeweiligen Produktverpackung, nur diese sind verbindlich.Das Produktdesign kann von der Abbildung abweichen.'",Kurfürstenanlage 6,Rewe,Alkoholfreie Getränke,2023-07-09,"Gültig ab morgen bis Samstag, 15.07.2023"
Rockstar Energy Drink,https://img.rewe-static.de/KLEIN28_2023/7861466/33881992-10_digital-image.png?impolicy=s-offers&imwidth=200&output-format=image/webp,,https://shop.rewe.de/productList?search=2832136,,"versch. Sorten, koffeinhaltig , je 0,5-l-Dose , (1 l = 1.76) , zzgl. 0.25 Pfand",Aktion,"0,88 €","b'ProduktbeschreibungArtikelnummer 7861466Zutaten & AllergeneZutaten: Wasser, Zucker, S\xc3\xa4uerungsmittel Citronens\xc3\xa4ure, Kohlens\xc3\xa4ure, S\xc3\xa4ureregulator Natriumcitrate, Aroma, Koffein (0,03%), Vitamine (Vitamin C, Nicotins\xc3\xa4ureamid, Vitamin B6), Farbstoffe (Ammoniak-Zuckerkul\xc3\xb6r, Riboflavine), Taurin (0,02%), Inosit (0,01%), Ginseng-Aromaextrakt (0,0004%).N\xc3\xa4hrwerteDurchschnittliche N\xc3\xa4hrwerteUnzubereitet pro 100 mlEnergie221 kJEnergie52 kcalFett0 gFett, davon ges\xc3\xa4ttigte Fetts\xc3\xa4uren0 gKohlenhydrate13 gKohlenhydrate, davon Zucker12 gEiwei\xc3\x9f0 gSalz0,17 gVitamin C16 mgNiacin3,2 mgVitamin B60,28 mgHinweiseAufbewahrungs- und Verwendungshinweis: K\xc3\xbchl und trocken aufbewahren.Information: Erh\xc3\xb6hter Koffeingehalt. F\xc3\xbcr Kinder und schwangere oder stillende Frauen nicht empfohlen (Koffeingehalt:31mg/100ml). Nicht empfohlen f\xc3\xbcr Personen, die empfindlich auf Koffein reagieren. In moderaten Mengen konsumieren. Nicht empfohlen mit Alkohol zu mischen.ArtikeldetailsMarke: RockstarNettof\xc3\xbcllmenge: 0,5 LUrsprungsland: DeutschlandKontaktKontaktname: PepsiCo Deutschland GmbHKontaktadresse: D-63263 Neu-IsenburgMaximale Bestellmenge: 15 St\xc3\xbcckF\xc3\xbcr die vorstehenden Angaben wird keine Haftung \xc3\xbcbernommen. Bitte pr\xc3\xbcfen Sie im Einzelfall die Angaben auf der jeweiligen Produktverpackung, nur diese sind verbindlich.Das Produktdesign kann von der Abbildung abweichen.'",Kurfürstenanlage 6,Rewe,Alkoholfreie Getränke,2023-07-09,"Gültig ab morgen bis Samstag, 15.07.2023"
Lipton Ice Tea oder Sparkling,https://img.rewe-static.de/KLEIN28_2023/8553666/32715823-10_digital-image.png?impolicy=s-offers&imwidth=200&output-format=image/webp,,https://shop.rewe.de/productList?search=2832136,,"versch. Sorten , je 1,5-l-Fl , (1 l = 0.66) , zzgl. 0.25 Pfand",Aktion,"0,99 €","b'ProduktbeschreibungArtikelnummer 8553666Zutaten & AllergeneZutaten: Wasser, Zucker, Fruktose, S\xc3\xa4uerungsmittel (Citronens\xc3\xa4ure), Schwarztee-Extrakt\xe2\x81\xbd\xc2\xb9\xe2\x81\xbe (0,12%), Zitronensaft aus Zitronensaftkonzentrat (0,1%), Aromen, S\xc3\xa4ureregulator Trinatriumcitrat, Antioxidationsmittel Ascorbins\xc3\xa4ure, S\xc3\xbc\xc3\x9fungsmittel Steviolglycoside.\xe2\x81\xbd\xc2\xb9\xe2\x81\xbe Rainforest Alliance Certified.Mehr Informationen unter ra.org.N\xc3\xa4hrwerteDurchschnittliche N\xc3\xa4hrwerteUnzubereitet pro 100 mlEnergie81 kJEnergie19 kcalFett< 0,5 gFett, davon ges\xc3\xa4ttigte Fetts\xc3\xa4uren< 0,1 gKohlenhydrate4,6 gKohlenhydrate, davon Zucker4,5 gEiwei\xc3\x9f< 0,5 gSalz0,03 gHinweiseAufbewahrungs- und Verwendungshinweis: Nach dem \xc3\x96ffnen im K\xc3\xbchlschrank aufbewahren und bald konsumieren.ArtikeldetailsMarke: LiptonNettof\xc3\xbcllmenge: 1,5 LUrsprungsland: DeutschlandKontaktKontaktname: PepsiCo Deutschland GmbHKontaktadresse: D-63263 Neu-IsenburgMaximale Bestellmenge: 15 St\xc3\xbcckF\xc3\xbcr die vorstehenden Angaben wird keine Haftung \xc3\xbcbernommen. Bitte pr\xc3\xbcfen Sie im Einzelfall die Angaben auf der jeweiligen Produktverpackung, nur diese sind verbindlich.Das Produktdesign kann von der Abbildung abweichen.'",Kurfürstenanlage 6,Rewe,Alkoholfreie Getränke,2023-07-09,"Gültig ab morgen bis Samstag, 15.07.2023"
S. Pellegrino Mineralwasser,https://img.rewe-static.de/KLEIN28_2023/0106565/9482880-6_digital-image.png?impolicy=s-offers&imwidth=200&output-format=image/webp,,https://shop.rewe.de/productList?search=2832136,,"je 1-l-Fl , zzgl. 0.25 Pfand",Aktion,"0,79 €","b'ProduktbeschreibungArtikelnummer 106565S.Pellegrino bringt echtes italienisches Lebensgef\xc3\xbchl direkt zu Ihnen nach Hause. Ein feinperliges nat\xc3\xbcrliches Mineralwasser f\xc3\xbcr Genie\xc3\x9fer, das stilvoll erfrischt.\n\nUnnachahmlich prickelnd und frisch, so schmeckt S.Pellegrino. Das liegt an der einzigartigen Balance, die das Mineralwasser besonders feinperlig sprudeln l\xc3\xa4sst. Ausgewogen mineralisiert, ist S.Pellegrino ein ebenso spritziger wie authentischer Genuss.\n\nEin Wasser mit Tradition\n\nS.Pellegrino, das bereits seit 1899 Genie\xc3\x9fer begeistert, entspringt in der nahezu unber\xc3\xbchrten Natur der lombardischen Alpen. Auf seiner langen Reise durch breite Schichten Dolomit- und Gipsgestein erh\xc3\xa4lt das Wasser seine ausgewogene Mineralisierung und seine besondere Reinheit. \n\nImmer ein Genuss\n\nMit seinem nat\xc3\xbcrlichen und lebendigen Temperament ist S.Pellegrino ein Wasser, das einfach \xc3\xbcberall genossen werden kann. Darum gibt es den italienischen Klassiker auch in handlichen 1,0L Pet-Flaschen \xe2\x80\x93 Wie geschaffen f\xc3\xbcr geselliges Beisammensein und genussvolles Miteinander. Besonders praktisch: Im Sixpack haben Sie immer eine Flasche in Reserve.\n\nS.Pellegrino\n- Nat\xc3\xbcrliches feinperliges Mineralwasser\n- Erfrischt einfach herrlich italienisch\n- Ein Wasser f\xc3\xbcr anspruchsvolle Genie\xc3\x9fer\n- Ausgewogen mineralisiert und besonders prickelnd\n- Wassergenuss f\xc3\xbcr jede Gelegenheit in handlichen Pet-Flaschen... mehr anzeigenSeit 1899 ist S.Pellegrino eine Ikone italienischen Stils und eines der bekanntesten nat\xc3\xbcrlichen Mineralwasser der Welt. Dank seiner perfekten Balance aus feinperliger Kohlens\xc3\xa4ure, Mineralisierung und einzigartigem Geschmack \xc3\xbcberzeugt es Sommeliers und Spitzenk\xc3\xb6che. \nSo inspiriert S.Pellegrino dazu, genussvolle Momente auszukosten und sie zu teilen.N\xc3\xa4hrwerteDurchschnittliche N\xc3\xa4hrwerteUnzubereitet pro 1 lChlorid49,4 mgCalcium166 mgMagnesium49,5 mgBikarbonat244 mgNatrium30 mgSulfat 4+401 mgHinweiseAufbewahrungs- und Verwendungshinweis: Vor Sonne und Frost sch\xc3\xbctzen und an einem sauberen, trockenen, k\xc3\xbchlen und geruchlosen Ort lagern.Information: Abdampfr\xc3\xbcckstand bei 180 Grad: 853 mg/LpH-Wert an der Quelle: 7,7Aus der S.PELLEGRINO Quelle in SAN PELLEGRINO TERME (BERGAMO) ITALIENArtikeldetailsMarke: San PellegrinoNettof\xc3\xbcllmenge: 1 LUrsprungsland: ItalienPackungsgr\xc3\xb6\xc3\x9fe: 1,0lKontaktKontaktname: SANPELLEGRINO S.P.A.Kontaktadresse: 24016 SAN PELLEGRINO TERME (BG)LOCALIT\xc3\x80 RUSPINO - ITALIENMaximale Bestellmenge: 15 St\xc3\xbcckF\xc3\xbcr die vorstehenden Angaben wird keine Haftung \xc3\xbcbernommen. Bitte pr\xc3\xbcfen Sie im Einzelfall die Angaben auf der jeweiligen Produktverpackung, nur diese sind verbindlich.Das Produktdesign kann von der Abbildung abweichen.'",Kurfürstenanlage 6,Rewe,Alkoholfreie Getränke,2023-07-09,"Gültig ab morgen bis Samstag, 15.07.2023"
Leffe Blonde oder Brune,https://img.rewe-static.de/KLEIN28_2023/7225629/28252993-14_digital-image.png?impolicy=s-offers&imwidth=200&output-format=image/webp,,https://shop.rewe.de/productList?search=2832136,,"je 4 x 0,33-l-Fl.-Pckg , (1 l = 4.16) , zzgl. 0.32 Pfand",Aktion,"5,49 €","b""Bestellung ab 18 Jahren.F\xc3\xbcr dieses Produkt gilt das Jugendschutzgesetz.ProduktbeschreibungArtikelnummer 7225629Zutaten & AllergeneZutaten: Wasser, GERSTENMALZ, Mais, Zucker, Hopfen und HopfenextraktN\xc3\xa4hrwerteDurchschnittliche N\xc3\xa4hrwerteUnzubereitet pro 100 mlEnergie243 kJEnergie58 kcalFett0,01 gFett, davon ges\xc3\xa4ttigte Fetts\xc3\xa4uren0 gKohlenhydrate5,4 gKohlenhydrate, davon Zucker0,7 gBallaststoffe0,4 gEiwei\xc3\x9f0,4 gSalz0,1 gHinweiseInformation: Kein Verzehr in Zusammenhang mita)dem F\xc3\xbchren von Fahrzeugen,b)einer Schwangerschaft,c)Medikamenten-EinnahmeArtikeldetailsMarke: LeffeAlkoholgehalt: 6,6 % Vol.KontaktKontaktname: Br.Abbaye de Leffe s.a./n.v.,Place de l'Abbaye 1Kontaktadresse: B-5500 Dinant,BelgienMaximale Bestellmenge: 15 St\xc3\xbcckF\xc3\xbcr die vorstehenden Angaben wird keine Haftung \xc3\xbcbernommen. Bitte pr\xc3\xbcfen Sie im Einzelfall die Angaben auf der jeweiligen Produktverpackung, nur diese sind verbindlich.Das Produktdesign kann von der Abbildung abweichen.""",Kurfürstenanlage 6,Rewe,Bier,2023-07-09,"Gültig ab morgen bis Samstag, 15.07.2023"
CyberZ Beer Mix,https://img.rewe-static.de/KLEIN28_2023/8897146/39521337-9_digital-image.png?impolicy=s-offers&imwidth=200&output-format=image/webp,,https://shop.rewe.de/productList?search=2832136,,"versch. Sorten , je 4 x 0,33-l-Fl.-Pckg , (1 l = 3.78) , zzgl. 0.32 Pfand",Aktion,"4,99 €","b'Bestellung ab 18 Jahren.F\xc3\xbcr dieses Produkt gilt das Jugendschutzgesetz.ProduktbeschreibungArtikelnummer 8897146Times for Limez. CYBERZ vereint Bier mit s\xc3\xbc\xc3\x9f-sauren Caipi-Limetten-\nFlavour. Ein neuer frischer Mix ohne\xc2\xa0Kompromisse.\nTurn up your Flavour \xe2\x80\x93 und starte mit aufregenden 5,9% vol. in Deine\nPartymood und einen Abend ganz nach deinem Geschmack.Zutaten & AllergeneZutaten: 85% Bier (Wasser, GERSTENmalz, Hopfen, Hopfenextrakt), 15% Erfrischungsgetr\xc3\xa4nk mit Caipirinha-Geschmack (Wasser, Zucker, Limettensaft* (1,5%), Orangensaft* (1,5%), Zitronensaft* (1,0%), S\xc3\xa4uerungsmittel Citronens\xc3\xa4ure, nat\xc3\xbcrliches Limettenaroma mit anderen nat\xc3\xbcrlichen Aromen, Kohlens\xc3\xa4ure, Stabilisator Johannisbrotkernmehl). *aus FruchtsaftkonzentratenN\xc3\xa4hrwerteDurchschnittliche N\xc3\xa4hrwerteUnzubereitet pro 100 mlEnergie267 kJEnergie64 kcalFett0 gFett, davon ges\xc3\xa4ttigte Fetts\xc3\xa4uren0 gKohlenhydrate7,1 gKohlenhydrate, davon Zucker5,3 gEiwei\xc3\x9f< 0,5 gSalz< 0,01 gArtikeldetailsEigenschaften: *Neu*Alkoholgehalt: 5,9 % Vol.KontaktKontaktname: Gesellschaft f. Importbiere u. Bierspezialit\xc3\xa4ten mbHKontaktadresse: Darmst\xc3\xa4dter Landstr. 185 60598 Frankfurt am MainMaximale Bestellmenge: 15 St\xc3\xbcckF\xc3\xbcr die vorstehenden Angaben wird keine Haftung \xc3\xbcbernommen. Bitte pr\xc3\xbcfen Sie im Einzelfall die Angaben auf der jeweiligen Produktverpackung, nur diese sind verbindlich.Das Produktdesign kann von der Abbildung abweichen.'",Kurfürstenanlage 6,Rewe,Bier,2023-07-09,"Gültig ab morgen bis Samstag, 15.07.2023"
Veltins Pilsener,https://img.rewe-static.de/KLEIN28_2023/0017005/2245920-31_digital-image.png?impolicy=s-offers&imwidth=200&output-format=image/webp,,https://shop.rewe.de/productList?search=2832136,,"je 0,5-l-Dose , (1 l = 1.58) , zzgl. 0.25 Pfand",Aktion,"0,79 €","b'Bestellung ab 18 Jahren.F\xc3\xbcr dieses Produkt gilt das Jugendschutzgesetz.ProduktbeschreibungArtikelnummer 17005Zutaten & AllergeneZutaten: Wasser, GERSTENMALZ, HopfenAllergenhinweise: Enth\xc3\xa4lt: Gerste und Gerstenerzeugnisse (glutenhaltiges Getreide).N\xc3\xa4hrwerteDurchschnittliche N\xc3\xa4hrwerteUnzubereitet pro 100 mlEnergie167 kJEnergie40 kcalFett< 0,1 gFett, davon ges\xc3\xa4ttigte Fetts\xc3\xa4uren< 0,1 gKohlenhydrate2,9 gKohlenhydrate, davon Zucker1,4 gEiwei\xc3\x9f0,63 gSalz< 0,01 gArtikeldetailsMarke: VeltinsUrsprungsland: DeutschlandAlkoholgehalt: 4,8 % Vol.Packungsgr\xc3\xb6\xc3\x9fe: 0,5lKontaktKontaktname: Brauerei C.&A. Veltins GmbH & Co. KGKontaktadresse: D-59872 Meschede-GrevensteinMaximale Bestellmenge: 15 St\xc3\xbcckF\xc3\xbcr die vorstehenden Angaben wird keine Haftung \xc3\xbcbernommen. Bitte pr\xc3\xbcfen Sie im Einzelfall die Angaben auf der jeweiligen Produktverpackung, nur diese sind verbindlich.Das Produktdesign kann von der Abbildung abweichen.'",Kurfürstenanlage 6,Rewe,Bier,2023-07-09,"Gültig ab morgen bis Samstag, 15.07.2023"
Corona Mexican Beer,https://img.rewe-static.de/KLEIN28_2023/1306571/19881660-30_digital-image.png?impolicy=s-offers&imwidth=200&output-format=image/webp,,https://shop.rewe.de/productList?search=2832136,,"je 6 x 0,355-l-Fl.-Sixpack , (1 l = 3.05) , zzgl. 0.48 Pfand",Aktion,"6,49 €","b'Bestellung ab 18 Jahren.F\xc3\xbcr dieses Produkt gilt das Jugendschutzgesetz.ProduktbeschreibungArtikelnummer 1306571Zutaten & AllergeneZutaten: Wasser, Gerstenmalz, Mais, HopfenN\xc3\xa4hrwerteDurchschnittliche N\xc3\xa4hrwerteUnzubereitet pro 100 mlEnergie176 kJEnergie42 kcalFett0 gFett, davon ges\xc3\xa4ttigte Fetts\xc3\xa4uren0 gKohlenhydrate4 gKohlenhydrate, davon Zucker0,15 gBallaststoffe0,3 gEiwei\xc3\x9f0,3 gSalz0,005 gHinweiseInformation: Kein Verzehr in Zusammenhang mita)dem F\xc3\xbchren von Fahrzeugen,b)einer Schwangerschaft,c)Medikamenten-EinnahmeArtikeldetailsMarke: CoronaAlkoholgehalt: 4,5 % Vol.Packungsgr\xc3\xb6\xc3\x9fe: 0,35lx6KontaktKontaktname: Anheuser-Busch !nBev Deutschland GmbH & Co.KGKontaktadresse: Am Deich 18/19, 28199 BremenMaximale Bestellmenge: 15 St\xc3\xbcckF\xc3\xbcr die vorstehenden Angaben wird keine Haftung \xc3\xbcbernommen. Bitte pr\xc3\xbcfen Sie im Einzelfall die Angaben auf der jeweiligen Produktverpackung, nur diese sind verbindlich.Das Produktdesign kann von der Abbildung abweichen.'",Kurfürstenanlage 6,Rewe,Bier,2023-07-09,"Gültig ab morgen bis Samstag, 15.07.2023"
Jack Daniel's Tennessee Whiskey,https://img.rewe-static.de/KLEIN28_2023/4676050/3229750-32_digital-image.png?impolicy=s-offers&imwidth=200&output-format=image/webp,,https://shop.rewe.de/productList?search=2832136,,"40% Vol. oder Honey 35% Vol. , je 0,7-l-Fl , (1 l = 22.84)",Knaller,"15,99 €","b""Bestellung ab 18 Jahren.F\xc3\xbcr dieses Produkt gilt das Jugendschutzgesetz.ProduktbeschreibungArtikelnummer 4676050Tropfen f\xc3\xbcr Tropfen \xe2\x80\x93 eindeutig Jack!\nEs gibt \xc3\xbcber ein Dutzend Theorien, warum Jack Daniel seinen Whiskey \xe2\x80\x9eOld No.7\xe2\x80\x9c genannt hat. Eine davon besagt, dass er den sieben wichtigsten Frauen in seinem Leben ein Denkmal setzen wollte. Den wahren Grund kennt aber nur Jack \xe2\x80\x93 und der l\xc3\xa4sst seine Biografen weiter r\xc3\xa4tseln. \nSeit 1866 wird Old No.7 nach dem unver\xc3\xa4nderten Originalrezept von Jack Daniel hergestellt. Sein rauchigmildes Aroma hat ihn zu einem der bekanntesten Whiskey-Klassiker gemacht. \nOb pur, mit Wasser, mit Cola, mit Ginger oder im Cocktail: Jack ist aus den Bars der Welt nicht mehr wegzudenken. Wer nicht selbst mixen m\xc3\xb6chte, der bedient sich mit Jack Daniel\xe2\x80\x98s Premix Longdrinks: klassisch mit Cola oder erfrischend herb mit Ginger. Jack Daniel\xe2\x80\x98s Old No.7 \xe2\x80\x93 auch in den kleinsten \xe2\x80\x9eWhiskeyf\xc3\xa4ssern der Welt\xe2\x80\x9c immer der perfekte Genuss.... mehr anzeigenSeit 1866 wird Old No. 7 nach unver\xc3\xa4ndertem Originalrezept von Jack Daniel hergestellt. Rauchig mildes Aroma mit einem Mix aus Karamell, Vanille und Holznoten.ArtikeldetailsMarke: Jack Daniel'sUrsprungsland: Vereinigte StaatenAlkoholgehalt: 40 % Vol.KontaktKontaktname: BROWN-FORMAN DEUTSCHLAND GMBHKontaktadresse: Dammtorwall 7, 20354 Hamburg, DeutschlandMaximale Bestellmenge: 15 St\xc3\xbcckF\xc3\xbcr die vorstehenden Angaben wird keine Haftung \xc3\xbcbernommen. Bitte pr\xc3\xbcfen Sie im Einzelfall die Angaben auf der jeweiligen Produktverpackung, nur diese sind verbindlich.Das Produktdesign kann von der Abbildung abweichen.""",Kurfürstenanlage 6,Rewe,Wein & Spirituosen,2023-07-09,"Gültig ab morgen bis Samstag, 15.07.2023"
Faber Sekt oder Light Live alkoholfrei,https://img.rewe-static.de/KLEIN28_2023/0315192/34673571-3_digital-image.png?impolicy=s-offers&imwidth=200&output-format=image/webp,,https://shop.rewe.de/productList?search=2832136,,"versch. Sorten , je 0,75-l-Fl , (1 l = 3.32)",Aktion,"2,49 €","b'Bestellung ab 18 Jahren.F\xc3\xbcr dieses Produkt gilt das Jugendschutzgesetz.ProduktbeschreibungArtikelnummer 315192Bring Faber in dein Leben!Zutaten & AllergeneZutaten: Enth\xc3\xa4lt SULFITEAllergenhinweise: Enth\xc3\xa4lt: Schwefeldioxid und Sulfite.HinweiseAufbewahrungs- und Verwendungshinweis: Stets k\xc3\xbchl und dunkel lagern.ArtikeldetailsMarke: FaberUrsprungsland: DeutschlandAlkoholgehalt: 11 % Vol.Packungsgr\xc3\xb6\xc3\x9fe: 0,75lKontaktKontaktname: Sektkellerei Faber GmbHKontaktadresse: Niederkircher Str. 27, 54294 Trier/DeutschlandMaximale Bestellmenge: 15 St\xc3\xbcckF\xc3\xbcr die vorstehenden Angaben wird keine Haftung \xc3\xbcbernommen. Bitte pr\xc3\xbcfen Sie im Einzelfall die Angaben auf der jeweiligen Produktverpackung, nur diese sind verbindlich.Das Produktdesign kann von der Abbildung abweichen.'",Kurfürstenanlage 6,Rewe,Wein & Spirituosen,2023-07-09,"Gültig ab morgen bis Samstag, 15.07.2023"
Mionetto Prosecco Spumante DOC,https://img.rewe-static.de/KLEIN28_2023/2104631/22280027-24_digital-image.png?impolicy=s-offers&imwidth=200&output-format=image/webp,,https://shop.rewe.de/productList?search=2832136,,"versch. Sorten , je 0,75-l-Fl , (1 l = 9.32)",Aktion,"6,99 €","b""Bestellung ab 18 Jahren.F\xc3\xbcr dieses Produkt gilt das Jugendschutzgesetz.ProduktbeschreibungArtikelnummer 2104631Der Prosecco D.O.C. Treviso Brut der Prestige-Linie \xc3\xbcberrascht selbst ausgesprochene Kenner. \nDieser hochwertige Spumante interpretiert die Kategorie 'Brut' v\xc3\xb6llig neu und z\xc3\xa4hlt geschmacklich zu den modernsten seiner Klasse. \nDer Prosecco D.O.C. Treviso Brut besticht durch seine leuchtend strohgelbe Farbe, intensive Perlage, ein fruchtiges Bukett nach Golden Delicious \xc3\x84pfeln und Birnen \nsowie durch feine Aromen nach Akazienhonig. Mionetto Prosecco D.O.C. Treviso Brut zeichnet sich durch sein elegantes Design aus. Das raffiniert moderne Etikett im 27-Grad-Winkel spiegelt sich in der Halsschleife wider.\n\nAlkoholgehalt: 11% Vol.... mehr anzeigenZutaten & AllergeneZutaten:  Enth\xc3\xa4lt Sulfite Zusatzstoffe: E 220Allergenhinweise: Schwefeldioxid und Sulfite in einer Konzentration von mehr als 10 mg/kg oder 10 mg/l, als SO2 angegebenArtikeldetailsMarke: MionettoUrsprungsland: ItalienKontaktKontaktname: Mionetto SPAKontaktadresse: Valdobbiadene, ItalienMaximale Bestellmenge: 15 St\xc3\xbcckF\xc3\xbcr die vorstehenden Angaben wird keine Haftung \xc3\xbcbernommen. Bitte pr\xc3\xbcfen Sie im Einzelfall die Angaben auf der jeweiligen Produktverpackung, nur diese sind verbindlich.Das Produktdesign kann von der Abbildung abweichen.""",Kurfürstenanlage 6,Rewe,Wein & Spirituosen,2023-07-09,"Gültig ab morgen bis Samstag, 15.07.2023"
Cellini Grappa Oro,https://img.rewe-static.de/KLEIN28_2023/9687947/3673940-23_digital-image.png?impolicy=s-offers&imwidth=200&output-format=image/webp,,https://shop.rewe.de/productList?search=2832136,,"38% Vol. , je 0,7-l-Fl , (1 l = 12.84)",Aktion,"8,99 €","b'Bestellung ab 18 Jahren.F\xc3\xbcr dieses Produkt gilt das Jugendschutzgesetz.ProduktbeschreibungArtikelnummer 9687947Zutaten & AllergeneAllergenhinweise: Enth\xc3\xa4lt: Keine deklarationspflichtigen Allergene enthalten.HinweiseAufbewahrungs- und Verwendungshinweis: Lagerf\xc3\xa4higkeit 2-3 Jahre, bei Zimmertemperatur servierenArtikeldetailsMarke: CelliniUrsprungsland: ItalienAlkoholgehalt: 38 % Vol.KontaktKontaktname: Rolf Herzberger GmbH & Co. KGKontaktadresse: Am Felsbrunnen 8, 66119 Saarbr\xc3\xbcckenMaximale Bestellmenge: 15 St\xc3\xbcckF\xc3\xbcr die vorstehenden Angaben wird keine Haftung \xc3\xbcbernommen. Bitte pr\xc3\xbcfen Sie im Einzelfall die Angaben auf der jeweiligen Produktverpackung, nur diese sind verbindlich.Das Produktdesign kann von der Abbildung abweichen.'",Kurfürstenanlage 6,Rewe,Wein & Spirituosen,2023-07-09,"Gültig ab morgen bis Samstag, 15.07.2023"
La Gioiosa Prosecco Frizzante Treviso DOC,https://img.rewe-static.de/KLEIN28_2023/0321558/7433190-34_digital-image.png?impolicy=s-offers&imwidth=200&output-format=image/webp,,https://shop.rewe.de/productList?search=2832136,,"je 0,75-l-Fl , (1 l = 7.99)",Aktion,"5,99 €","b'Bestellung ab 18 Jahren.F\xc3\xbcr dieses Produkt gilt das Jugendschutzgesetz.ProduktbeschreibungArtikelnummer 321558Alkoholgehalt: 10 % Vol. Zutaten & AllergeneZutaten: Nicht deklariert:Perlwein, Antioxidationsmittel (Ascorbins\xc3\xa4ure, Schwefeldioxid). Zusatzstoffe: E 220Allergenhinweise: Schwefeldioxid und Sulfite in einer Konzentration von mehr als 10 mg/kg oder 10 mg/l, als SO2 angegebenN\xc3\xa4hrwerteDurchschnittliche N\xc3\xa4hrwertepro 100 mlEnergie292 kJEnergie70 kcalFett0 gFett, davon ges\xc3\xa4ttigte Fetts\xc3\xa4uren0 gKohlenhydrate2,9 gKohlenhydrate, davon Zucker1,1 gEiwei\xc3\x9f< 0,1 gSalz< 0,02 gHinweiseVerwendungshinweise: Trocken und k\xc3\xbchl lagern. Vor Licht sch\xc3\xbctzen.ArtikeldetailsMarke: La GioiosaUrsprungsland: ItalienKontaktKontaktname: La Gioiosa S.p.A.Kontaktadresse: Crocetta del Montello, 31035, ItalienMaximale Bestellmenge: 15 St\xc3\xbcckF\xc3\xbcr die vorstehenden Angaben wird keine Haftung \xc3\xbcbernommen. Bitte pr\xc3\xbcfen Sie im Einzelfall die Angaben auf der jeweiligen Produktverpackung, nur diese sind verbindlich.Das Produktdesign kann von der Abbildung abweichen.'",Kurfürstenanlage 6,Rewe,Wein & Spirituosen,2023-07-09,"Gültig ab morgen bis Samstag, 15.07.2023"
Ariel Allin1 Pods Universal,https://img.rewe-static.de/KLEIN28_2023/8899882/38159502-11_digital-image.png?impolicy=s-offers&imwidth=200&output-format=image/webp,,https://shop.rewe.de/productList?search=2832136,,"je 15-WL-Pckg , (1 WL = 0.30)",Knaller,"4,49 €","b'Gefahren- / WarnhinweiseGefahrVerursacht Hautreizungen. Verursacht schwere Augensch\xc3\xa4den. Sch\xc3\xa4dlich f\xc3\xbcr Wasserorganismen, mit langfristiger Wirkung. Enth\xc3\xa4lt Methyl 2-[[[4-(4-hydroxy-4-methylpentyl)-3-cyclohexenyl]methylene]amino]Benzoate Kann allergische Reaktionen hervorrufen. BEI KONTAKT MIT DEN AUGEN: Einige Minuten lang behutsam mit Wasser sp\xc3\xbclen. BEI BER\xc3\x9cHRUNG MIT DER HAUT: Mit viel Wasser waschen. Sofort GIFTINFORMATIONSZENTRUM/Arzt anrufen. Beh\xc3\xa4lter nur v\xc3\xb6llig restentleert gem\xc3\xa4\xc3\x9f den jeweiligen \xc3\xb6rtlichen Regelungen der Wertstoffsammlung / Entsorgung zuf\xc3\xbchren. Darf nicht in die H\xc3\xa4nde von Kindern gelangen. BEI VERSCHLUCKEN: Mund aussp\xc3\xbclen. KEIN Erbrechen herbeif\xc3\xbchren. ProduktbeschreibungArtikelnummer 8899882Entdecke Ariel, die Nr. 1 meist empfohlene Waschmittelmarke von f\xc3\xbchrenden Waschmaschinenmarken in Deutschland, wie: Bauknecht, Siemens, Bosch, AEG. Die Ariel All-in-1 PODS Universal+ haben eine zus\xc3\xa4tzliche rote Kammer und bieten ausgezeichnete Fleckentfernung selbst in kaltem Wasser beim 1. Waschen. Sie wirken selbst bei 7 Tage alten, eingetrockneten Flecken. Die Ariel All-in-1 PODS Waschkapseln wurden f\xc3\xbcr die Kaltw\xc3\xa4sche entwickelt und l\xc3\xb6sen sich selbst in kaltem Wasser schnell auf. Wasche k\xc3\xa4lter mit den Ariel All-in-1 PODS Universal+: Spare Energie bei jedem Waschgang und reduziere Deine CO\xe2\x82\x82-Emissionen. Zudem tragen die Ariel All-in-1 PODS auch zum Reduzieren von Plastik bei dank der recycelbaren ECOCLIC Kartonbox, die in der Altpapiertonne recycelbar ist. Zu 70 % aus recycelten Fasern hergestellt, enth\xc3\xa4lt sie nur maximal 5 % Plastik und wurde entwickelt, um Deine PODS zu sch\xc3\xbctzen. Die zu 100 % wasserl\xc3\xb6sliche Folie der Ariel All-in-1 PODS-Waschkapseln l\xc3\xb6st sich schnell bei Kontakt mit dem Wasser auf und setzt die kraftvolle Formel zur Fleckenentfernung frei. Achtung: Darf nicht in die H\xc3\xa4nde von Kindern gelangen. Verursacht schwere Augensch\xc3\xa4den und Hautreizungen. Bewahre die Ariel All-in-1 PODS Waschkapseln stets au\xc3\x9fer Reichweite von Kindern auf. Mehr unter keepcapsfromkids.eu.HinweiseInformation: Verursacht schwere Augensch\xc3\xa4den. Verursacht Hautreizungen. Sch\xc3\xa4dlich f\xc3\xbcr Wasserorganismen, mit langfristiger Wirkung. Darf nicht in die H\xc3\xa4nde von Kindern gelangen. BEI KONTAKT MIT DEN AUGEN: Einige Minuten lang behutsam mit Wasser sp\xc3\xbclen. BEI BER\xc3\x9cHRUNG MIT DER HAUT: Mit viel Wasser waschen. BEI VERSCHLUCKEN: Mund aussp\xc3\xbclen. KEIN Erbrechen herbeif\xc3\xbchren. Sofort GIFTINFORMATIONSZENTRUM/Arzt anrufen. Enth\xc3\xa4lt MEA-C10-13 Alkyl Benzenesulfonate, MEA-Laureth Sulfate, C12-14 Pareth-n. Enth\xc3\xa4lt Tetramethyl Acetyloctahydronaphthalenes, Methyl Hydroxy-Methylpentylcyclohexenyl-Methyleneaminobenzoate. Kann allergische Reaktionen hervorrufen. Mit trockenen H\xc3\xa4nden verwenden. Nicht einstechen, aufrei\xc3\x9fen oder zerschneiden.ArtikeldetailsMarke: ArielUrsprungsland: FrankreichKontaktKontaktname: Procter & Gamble International Operations SAKontaktadresse: 47 route de Saint-Georges, 1213 Petit-Lancy, Switzerland.F\xc3\xbcr die vorstehenden Angaben wird keine Haftung \xc3\xbcbernommen. Bitte pr\xc3\xbcfen Sie im Einzelfall die Angaben auf der jeweiligen Produktverpackung, nur diese sind verbindlich.Das Produktdesign kann von der Abbildung abweichen.'",Kurfürstenanlage 6,Rewe,Haushalt,2023-07-09,"Gültig ab morgen bis Samstag, 15.07.2023"
Ariel Colorwaschmittel flüssig,https://img.rewe-static.de/KLEIN28_2023/7706043/38159482-5_digital-image.png?impolicy=s-offers&imwidth=200&output-format=image/webp,,https://shop.rewe.de/productList?search=2832136,,"je 20-WL-Fl , (1 WL = 0.24)",Knaller,"4,49 €","b'Gefahren- / WarnhinweiseAchtungVerursacht schwere Augenreizung. Enth\xc3\xa4lt Benzisothiazolinone, Isoeugenol, Delta-Damascone, Tetrahydrolinalool Kann allergische Reaktionen\nBEI VERSCHLUCKEN: Bei Unwohlsein GIFTINFORMATIONSZENTRUM oder Arzt anrufen. Darf nicht in die H\xc3\xa4nde von Kindern gelangen. BEI KONTAKT MIT DEN AUGEN: Einige Minuten lang behutsam mit Wasser sp\xc3\xbclen. ProduktbeschreibungArtikelnummer 7706043Entdecke Ariel, die Nr.1 meist empfohlene Waschmittelmarke von f\xc3\xbchrenden Waschmaschinenmarken in Deutschland, wie: Bauknecht Siemens Bosch AEG. Ariel pr\xc3\xa4sentiert das Fl\xc3\xbcssigwaschmittel Color+ f\xc3\xbcr ausgezeichnete Fleckentfernung beim 1. Waschen selbst in k\xc3\xa4lteren Temperaturen. Die Formel mit der einzigartigen COOL CLEAN Technologie wurde speziell f\xc3\xbcr die Kaltw\xc3\xa4sche entwickelt. Wasche k\xc3\xa4lter mit Ariel Fl\xc3\xbcssigwaschmittel: Spare bei jedem Waschgang Energie und reduziere die CO\xe2\x82\x82-Emissionen deiner W\xc3\xa4sche. Der Flaschenk\xc3\xb6rper von Ariel Fl\xc3\xbcssigwaschmittel ist zu 100 % recyclebar (Dosierkappe und Etikett ausgenommen). Du kannst Ariel Fl\xc3\xbcssigwaschmittel Farbschutz mit der gr\xc3\xbcnen Dosierkappe au\xc3\x9ferdem zur Vorbehandlung von Flecken verwenden, bevor du deine Kleidung in die Waschmaschine gibst. F\xc3\xbcr beste Ergebnisse, gebe eine mit Ariel Waschmittel gef\xc3\xbcllte Dosierkappe in die Waschmaschinentrommel. Aus Umweltgr\xc3\xbcnden verf\xc3\xbcgen nicht alle Flaschen \xc3\xbcber eine Dosierhilfe. Diese ist kostenlos \xc3\xbcber die Webseite ariel.info erh\xc3\xa4ltlich.HinweiseInformation: Verursacht schwere Augenreizung. Darf nicht in die H\xc3\xa4nde von Kindern gelangen. BEI KONTAKT MIT DEN AUGEN: Einige Minuten lang behutsam mit Wasser sp\xc3\xbclen. BEI VERSCHLUCKEN: Bei Unwohlsein GIFTINFORMATIONSZENTRUM/Arzt anrufen. Enth\xc3\xa4lt Benzisothiazolinone, Delta-Damascone, Tetrahydrolinalool, Isoeugenol. Kann allergische Reaktionen hervorrufen.ArtikeldetailsMarke: ArielUrsprungsland: FrankreichKontaktKontaktname: Procter & Gamble International Operations SAKontaktadresse: 47 route de Saint-Georges, 1213 Petit-Lancy, Switzerland.F\xc3\xbcr die vorstehenden Angaben wird keine Haftung \xc3\xbcbernommen. Bitte pr\xc3\xbcfen Sie im Einzelfall die Angaben auf der jeweiligen Produktverpackung, nur diese sind verbindlich.Das Produktdesign kann von der Abbildung abweichen.'",Kurfürstenanlage 6,Rewe,Haushalt,2023-07-09,"Gültig ab morgen bis Samstag, 15.07.2023"
Febreze 3 Volution Duftstecker,https://img.rewe-static.de/KLEIN28_2023/7715733/37775440-3_digital-image.png?impolicy=s-offers&imwidth=200&output-format=image/webp,,https://shop.rewe.de/productList?search=2832136,,"Vanille , je 20-ml-Pckg , (1 l = 249.50)",Aktion,"4,99 €",nan,Kurfürstenanlage 6,Rewe,Haushalt,2023-07-09,"Gültig ab morgen bis Samstag, 15.07.2023"
Spee Aktiv Gel Waschmittel,https://img.rewe-static.de/KLEIN28_2023/8907195/38626507-8_digital-image.png?impolicy=s-offers&imwidth=200&output-format=image/webp,,https://shop.rewe.de/productList?search=2832136,,"je 22-WL-Fl , (1 WL = 0.18)",Aktion,"3,99 €","b'Gefahren- / WarnhinweiseAchtungKann allergische Hautreaktionen verursachen. Verursacht schwere Augenreizung. Ist \xc3\xa4rztlicher Rat erforderlich, Verpackung oder Kennzeichnungsetikett bereithalten. Darf nicht in die H\xc3\xa4nde von Kindern gelangen. Schutzhandschuhe/Schutzkleidung/Augenschutz/Gesichtsschutz tragen. BEI BER\xc3\x9cHRUNG MIT DER HAUT: Mit viel Wasser waschen. BEI KONTAKT MIT DEN AUGEN: Einige Minuten lang behutsam mit Wasser sp\xc3\xbclen. Eventuell vorhandene Kontaktlinsen nach M\xc3\xb6glichkeit entfernen. Weiter sp\xc3\xbclen. Bei anhaltender Augenreizung: \xc3\x84rztlichen Rat einholen/\xc3\xa4rztliche Hilfe hinzuziehen. Inhalt/Beh\xc3\xa4lter gem\xc3\xa4\xc3\x9f nationalen Vorschriften der Entsorgung zuf\xc3\xbchren. ProduktbeschreibungArtikelnummer 8907195ArtikeldetailsMarke: SpeeUrsprungsland: DeutschlandKontaktKontaktname: Henkel AG & Co. KGaAKontaktadresse: D-40191 D\xc3\xbcsseldorfMaximale Bestellmenge: 15 St\xc3\xbcckF\xc3\xbcr die vorstehenden Angaben wird keine Haftung \xc3\xbcbernommen. Bitte pr\xc3\xbcfen Sie im Einzelfall die Angaben auf der jeweiligen Produktverpackung, nur diese sind verbindlich.Das Produktdesign kann von der Abbildung abweichen.'",Kurfürstenanlage 6,Rewe,Haushalt,2023-07-09,"Gültig ab morgen bis Samstag, 15.07.2023"
Febreze Bad Lufterfrischer,https://img.rewe-static.de/KLEIN28_2023/7667920/37775438-3_digital-image.png?impolicy=s-offers&imwidth=200&output-format=image/webp,,https://shop.rewe.de/productList?search=2832136,,"Vanille , je 15-ml-Pckg , (1 l = 332.67)",Aktion,"4,99 €",nan,Kurfürstenanlage 6,Rewe,Haushalt,2023-07-09,"Gültig ab morgen bis Samstag, 15.07.2023"
Somat Allin1 Geschirrreingertabs,https://img.rewe-static.de/KLEIN28_2023/8866769/38621807-5_digital-image.png?impolicy=s-offers&imwidth=200&output-format=image/webp,,https://shop.rewe.de/productList?search=2832136,,"je 25-Tab-Pckg , (1 Tab = 0.18)",Aktion,"4,49 €","b'Gefahren- / WarnhinweiseAchtungVerursacht schwere Augenreizung. Ist \xc3\xa4rztlicher Rat erforderlich, Verpackung oder Kennzeichnungsetikett bereithalten. Darf nicht in die H\xc3\xa4nde von Kindern gelangen. Schutzhandschuhe/Schutzkleidung/Augenschutz/Gesichtsschutz tragen. BEI KONTAKT MIT DEN AUGEN: Einige Minuten lang behutsam mit Wasser sp\xc3\xbclen. Eventuell vorhandene Kontaktlinsen nach M\xc3\xb6glichkeit entfernen. Weiter sp\xc3\xbclen. Bei anhaltender Augenreizung: \xc3\x84rztlichen Rat einholen/\xc3\xa4rztliche Hilfe hinzuziehen. ProduktbeschreibungArtikelnummer 8866769ArtikeldetailsMarke: SomatUrsprungsland: DeutschlandKontaktKontaktname: Henkel Wasch- und Reinigungsmittel GmbHKontaktadresse: D-40191 D\xc3\xbcsseldorfMaximale Bestellmenge: 15 St\xc3\xbcckF\xc3\xbcr die vorstehenden Angaben wird keine Haftung \xc3\xbcbernommen. Bitte pr\xc3\xbcfen Sie im Einzelfall die Angaben auf der jeweiligen Produktverpackung, nur diese sind verbindlich.Das Produktdesign kann von der Abbildung abweichen.'",Kurfürstenanlage 6,Rewe,Haushalt,2023-07-09,"Gültig ab morgen bis Samstag, 15.07.2023"
Somat Classic Geschirrreinigertabs,https://img.rewe-static.de/KLEIN28_2023/8867064/38620868-4_digital-image.png?impolicy=s-offers&imwidth=200&output-format=image/webp,,https://shop.rewe.de/productList?search=2832136,,"je 36-Tab-Pckg , (1 Tab = 0.12)",Aktion,"4,49 €","b'Gefahren- / WarnhinweiseAchtungVerursacht schwere Augenreizung. Ist \xc3\xa4rztlicher Rat erforderlich, Verpackung oder Kennzeichnungsetikett bereithalten. Darf nicht in die H\xc3\xa4nde von Kindern gelangen. Schutzhandschuhe/Schutzkleidung/Augenschutz/Gesichtsschutz tragen. BEI KONTAKT MIT DEN AUGEN: Einige Minuten lang behutsam mit Wasser sp\xc3\xbclen. Eventuell vorhandene Kontaktlinsen nach M\xc3\xb6glichkeit entfernen. Weiter sp\xc3\xbclen. Bei anhaltender Augenreizung: \xc3\x84rztlichen Rat einholen/\xc3\xa4rztliche Hilfe hinzuziehen. ProduktbeschreibungArtikelnummer 8867064ArtikeldetailsMarke: SomatUrsprungsland: DeutschlandKontaktKontaktname: Henkel Wasch- und Reinigungsmittel GmbHKontaktadresse: D-40191 D\xc3\xbcsseldorfMaximale Bestellmenge: 15 St\xc3\xbcckF\xc3\xbcr die vorstehenden Angaben wird keine Haftung \xc3\xbcbernommen. Bitte pr\xc3\xbcfen Sie im Einzelfall die Angaben auf der jeweiligen Produktverpackung, nur diese sind verbindlich.Das Produktdesign kann von der Abbildung abweichen.'",Kurfürstenanlage 6,Rewe,Haushalt,2023-07-09,"Gültig ab morgen bis Samstag, 15.07.2023"
Toppits Zipper Allzweck-Beutel,https://img.rewe-static.de/KLEIN28_2023/2383028/23889292-18_digital-image.png?impolicy=s-offers&imwidth=200&output-format=image/webp,,https://shop.rewe.de/productList?search=2832136,,"3 Liter , je 8-St.-Pckg",Aktion,"1,79 €","b'ProduktbeschreibungArtikelnummer 2383028Der Zipper von Toppits ist die Allzweckl\xc3\xb6sung im Haushalt. Egal ob zum Frischhalten und Einfrieren von Lebensmitteln oder zum bequemen Transport - der Zipper ist der vielseitige K\xc3\xbcchenhelfer schlechthin. Der patentierte Zipper Rei\xc3\x9fverschluss und der praktische Standboden machen den Zipper zu etwas ganz besonderem. \n\nInhalt: 8 Beutel. Ma\xc3\x9fe: 25,4cm L\xc3\xa4nge / 27cm Breite. Die Toppits\xc2\xae Zipper\xc2\xae Beutel sind die Allrounder f\xc3\xbcr zuhause und unterwegs. Dank ihres Rei\xc3\x9fverschlusses halten sie absolut dicht und schlie\xc3\x9fen mit dem typischen ZZZiip Ger\xc3\xa4usch. Ihre hochwertige Spezialfolie ist besonders rei\xc3\x9ffest und wasserdicht. Die wiederverschlie\xc3\x9fbaren Zipper\xc2\xae  Beutel sind mehrfach und universell einsetzbar - ob zum Einfrieren und Frischhalten von Lebensmitteln oder zum sicheren und bequemen Aufbewahren, Sortieren und Transportieren kleinerer Gegenst\xc3\xa4nde aller Art und d\xc3\xbcrfen sogar in der Sp\xc3\xbclmaschine gereinigt werden.HinweiseInformation: Kein Spielzeug! Von Kindern fernhalten - ErstickungsgefahrArtikeldetailsMarke: ToppitsUrsprungsland: PolenKontaktKontaktname: Cofresco Frischhalteprodukte GmbH & Co. KGKontaktadresse: Ringstrasse 99, 32427 MindenMaximale Bestellmenge: 15 St\xc3\xbcckF\xc3\xbcr die vorstehenden Angaben wird keine Haftung \xc3\xbcbernommen. Bitte pr\xc3\xbcfen Sie im Einzelfall die Angaben auf der jeweiligen Produktverpackung, nur diese sind verbindlich.Das Produktdesign kann von der Abbildung abweichen.'",Kurfürstenanlage 6,Rewe,Haushalt,2023-07-09,"Gültig ab morgen bis Samstag, 15.07.2023"
Toppits Zipper Allzweck-Beutel,https://img.rewe-static.de/KLEIN28_2023/2383024/23889433-20_digital-image.png?impolicy=s-offers&imwidth=200&output-format=image/webp,,https://shop.rewe.de/productList?search=2832136,,"1 Liter , je 12-St.-Pckg",Aktion,"1,79 €","b'ProduktbeschreibungArtikelnummer 2383024Der Zipper von Toppits ist die Allzweckl\xc3\xb6sung im Haushalt. Egal ob zum Frischhalten und Einfrieren von Lebensmitteln oder zum bequemen Transport - der Zipper ist der vielseitige K\xc3\xbcchenhelfer schlechthin. Der patentierte Zipper Rei\xc3\x9fverschluss und der praktische Standboden machen den Zipper zu etwas ganz besonderem. \nInhalt: 12 Beutel. Ma\xc3\x9fe: 20,5cm Breite / 16,2cm L\xc3\xa4nge. Die Toppits\xc2\xae Zipper\xc2\xae Beutel sind die Allrounder f\xc3\xbcr zuhause und unterwegs. Dank ihres Rei\xc3\x9fverschlusses halten sie absolut dicht und schlie\xc3\x9fen mit dem typischen ZZZiip Ger\xc3\xa4usch. Ihre hochwertige Spezialfolie ist besonders rei\xc3\x9ffest und wasserdicht. Die wiederverschlie\xc3\x9fbaren Zipper\xc2\xae  Beutel sind mehrfach und universell einsetzbar - ob zum Einfrieren und Frischhalten von Lebensmitteln oder zum sicheren und bequemen Aufbewahren, Sortieren und Transportieren kleinerer Gegenst\xc3\xa4nde aller Art und d\xc3\xbcrfen sogar in der Sp\xc3\xbclmaschine gereinigt werden.HinweiseInformation: Kein Spielzeug! Von Kindern fernhalten \xe2\x80\x93 Erstickungsgefahr!ArtikeldetailsMarke: ToppitsUrsprungsland: PolenKontaktKontaktname: Cofresco Frischhalteprodukte GmbH & Co. KGKontaktadresse: Ringstrasse 99, 32427 MindenMaximale Bestellmenge: 15 St\xc3\xbcckF\xc3\xbcr die vorstehenden Angaben wird keine Haftung \xc3\xbcbernommen. Bitte pr\xc3\xbcfen Sie im Einzelfall die Angaben auf der jeweiligen Produktverpackung, nur diese sind verbindlich.Das Produktdesign kann von der Abbildung abweichen.'",Kurfürstenanlage 6,Rewe,Haushalt,2023-07-09,"Gültig ab morgen bis Samstag, 15.07.2023"
Der General Allzweckreiniger,https://img.rewe-static.de/KLEIN28_2023/2440649/32569301-7_digital-image.png?impolicy=s-offers&imwidth=200&output-format=image/webp,,https://shop.rewe.de/productList?search=2832136,,"Bergfrühling , je 750-ml-Fl , (1 l = 2.12)",Aktion,"1,59 €","b'Gefahren- / WarnhinweiseEnth\xc3\xa4lt POLYETHERPOLYPHOSPHAT. Kann allergische Reaktionen\r\nhervorrufen.ProduktbeschreibungArtikelnummer 2440649\xe2\x80\xa2Repair und Refresh Effekt \xe2\x80\x93 DER GENERAL f\xc3\xbcllt wirksam kleinste Kratzer und Besch\xc3\xa4digungen auf und sorgt f\xc3\xbcr langanhaltenden Glanz und Frische auf den behandelten Oberfl\xc3\xa4chen \n \n\xe2\x80\xa2Ideale Reinigung \xe2\x80\x93 DER GENERAL Universalreiniger beseitigt hartn\xc3\xa4ckigen Schmutz und Fett wie bew\xc3\xa4hrt leicht und gr\xc3\xbcndlich \n \n\xe2\x80\xa2Langanhaltende Frische - Der typisch frische Duft des Bergfr\xc3\xbchlings sorgt f\xc3\xbcr ein langanhaltendes Dufterlebnis, auch noch lange nach dem Putzen \n \n\xe2\x80\xa2Schnelle Trocknung und Strahlender Glanz \xe2\x80\x93 DER GENERAL Universalreiniger trocknet schnell und sorgt f\xc3\xbcr ein streifenfreies Ergebnis ohne R\xc3\xbcckst\xc3\xa4nde, damit kein Nachwischen erforderlich ist. \n \n \nDER GENERAL Universalreiniger Bergfr\xc3\xbchling beseitigt sowohl hartn\xc3\xa4ckigen Schmutz als auch Fett bew\xc3\xa4hrt leicht und gr\xc3\xbcndlich und sorgt f\xc3\xbcr strahlenden Glanz auf allen Oberfl\xc3\xa4chen. Gl\xc3\xa4nzendes Ergebnis auf allen feucht abwischbaren Oberfl\xc3\xa4chen schon nach dem ersten Wisch.Der typisch frische Fr\xc3\xbchlingsduft wie in den Bergen bereitet ein lang anhaltendes Dufterlebnis noch lange nach dem Putzen.... mehr anzeigenArtikeldetailsMarke: Der GeneralUrsprungsland: DeutschlandKontaktKontaktname: Henkel Wasch- und Reinigungsmittel GmbHKontaktadresse: D-40191 D\xc3\xbcsseldorfMaximale Bestellmenge: 15 St\xc3\xbcckF\xc3\xbcr die vorstehenden Angaben wird keine Haftung \xc3\xbcbernommen. Bitte pr\xc3\xbcfen Sie im Einzelfall die Angaben auf der jeweiligen Produktverpackung, nur diese sind verbindlich.Das Produktdesign kann von der Abbildung abweichen.'",Kurfürstenanlage 6,Rewe,Haushalt,2023-07-09,"Gültig ab morgen bis Samstag, 15.07.2023"
Perwoll Renew Schwarz Waschmittel,https://img.rewe-static.de/KLEIN28_2023/7725449/38485168-5_digital-image.png?impolicy=s-offers&imwidth=200&output-format=image/webp,,https://shop.rewe.de/productList?search=2832136,,"je 25-WL-Fl , (1 WL = 0.17)",Aktion,"4,29 €","b'Gefahren- / WarnhinweiseAchtungVerursacht schwere Augenreizung. Kann allergische Hautreaktionen verursachen. Ist \xc3\xa4rztlicher Rat erforderlich, Verpackung oder Kennzeichnungsetikett bereithalten. Darf nicht in die H\xc3\xa4nde von Kindern gelangen. Schutzhandschuhe/Schutzkleidung/Augenschutz/Gesichtsschutz tragen. BEI BER\xc3\x9cHRUNG MIT DER HAUT: Mit viel Wasser waschen. BEI KONTAKT MIT DEN AUGEN: Einige Minuten lang behutsam mit Wasser sp\xc3\xbclen. Eventuell vorhandene Kontaktlinsen nach M\xc3\xb6glichkeit entfernen. Weiter sp\xc3\xbclen. Bei anhaltender Augenreizung: \xc3\x84rztlichen Rat einholen/\xc3\xa4rztliche Hilfe hinzuziehen. Inhalt/Beh\xc3\xa4lter gem\xc3\xa4\xc3\x9f nationalen Vorschriften der Entsorgung zuf\xc3\xbchren.ProduktbeschreibungArtikelnummer 7725449ArtikeldetailsMarke: PerwollUrsprungsland: DeutschlandKontaktKontaktname: Henkel Wasch- und Reinigungsmittel GmbHKontaktadresse: D-40191 D\xc3\xbcsseldorfMaximale Bestellmenge: 15 St\xc3\xbcckF\xc3\xbcr die vorstehenden Angaben wird keine Haftung \xc3\xbcbernommen. Bitte pr\xc3\xbcfen Sie im Einzelfall die Angaben auf der jeweiligen Produktverpackung, nur diese sind verbindlich.Das Produktdesign kann von der Abbildung abweichen.'",Kurfürstenanlage 6,Rewe,Haushalt,2023-07-09,"Gültig ab morgen bis Samstag, 15.07.2023"
Perwoll Renew Wolle & Feines Waschmittel,https://img.rewe-static.de/KLEIN28_2023/8867091/38485180-5_digital-image.png?impolicy=s-offers&imwidth=200&output-format=image/webp,,https://shop.rewe.de/productList?search=2832136,,"je 21-WL-Fl , (1 WL = 0.20)",Aktion,"4,29 €","b'Gefahren- / WarnhinweiseAchtungVerursacht schwere Augenreizung. Kann allergische Hautreaktionen verursachen.  Ist \xc3\xa4rztlicher Rat erforderlich, Verpackung oder Kennzeichnungsetikett bereithalten. Darf nicht in die H\xc3\xa4nde von Kindern gelangen. Schutzhandschuhe/Schutzkleidung/Augenschutz/Gesichtsschutz tragen. BEI BER\xc3\x9cHRUNG MIT DER HAUT: Mit viel Wasser waschen. BEI KONTAKT MIT DEN AUGEN: Einige Minuten lang behutsam mit Wasser sp\xc3\xbclen. Eventuell vorhandene Kontaktlinsen nach M\xc3\xb6glichkeit entfernen. Weiter sp\xc3\xbclen. Bei anhaltender Augenreizung: \xc3\x84rztlichen Rat einholen/\xc3\xa4rztliche Hilfe hinzuziehen. Inhalt/Beh\xc3\xa4lter gem\xc3\xa4\xc3\x9f nationalen Vorschriften der Entsorgung zuf\xc3\xbchren.ProduktbeschreibungArtikelnummer 8867091ArtikeldetailsMarke: PerwollUrsprungsland: DeutschlandKontaktKontaktname: Henkel Wasch- und Reinigungsmittel GmbHKontaktadresse: D-40191 D\xc3\xbcsseldorfMaximale Bestellmenge: 15 St\xc3\xbcckF\xc3\xbcr die vorstehenden Angaben wird keine Haftung \xc3\xbcbernommen. Bitte pr\xc3\xbcfen Sie im Einzelfall die Angaben auf der jeweiligen Produktverpackung, nur diese sind verbindlich.Das Produktdesign kann von der Abbildung abweichen.'",Kurfürstenanlage 6,Rewe,Haushalt,2023-07-09,"Gültig ab morgen bis Samstag, 15.07.2023"
Love Nature Colorwaschmittel flüssig,https://img.rewe-static.de/KLEIN28_2023/7778383/36786099-8_digital-image.png?impolicy=s-offers&imwidth=200&output-format=image/webp,,https://shop.rewe.de/productList?search=2832136,,"je 20-WL-Fl , (1 WL = 0.21)",Aktion,"4,29 €","b'Gefahren- / WarnhinweiseGefahrVerursacht Hautreizungen. Verursacht schwere Augensch\xc3\xa4den. Ist \xc3\xa4rztlicher Rat erforderlich, Verpackung oder Kennzeichnungsetikett bereithalten. Darf nicht in die H\xc3\xa4nde von Kindern gelangen. Schutzhandschuhe/Schutzkleidung/Augenschutz/Gesichtsschutz tragen. BEI BER\xc3\x9cHRUNG MIT DER HAUT: Mit viel Wasser waschen. BEI KONTAKT MIT DEN AUGEN: Einige Minuten lang behutsam mit Wasser sp\xc3\xbclen. Eventuell vorhandene Kontaktlinsen nach M\xc3\xb6glichkeit entfernen. Weiter sp\xc3\xbclen. Sofort GIFTINFORMATIONSZENTRUM oder Arzt anrufen. ProduktbeschreibungArtikelnummer 7778383Inhaltsstoffe: 5-15%: anionische Tenside, nichtionische Tenside, Seife. Weitere Inhaltsstoffe: Duftstoffe, Konservierungsmittel (Benzisothiazolinone, Phenoxyethanol), Enzyme (Amylase, Subtilisin, Lipase, Cellulase, Mannanase). ArtikeldetailsMarke: Love NatureUrsprungsland: DeutschlandKontaktKontaktname: Love Nature GmbHKontaktadresse: Niederheider Stra\xc3\x9fe 22. 40589 D\xc3\xbcsseldorfMaximale Bestellmenge: 15 St\xc3\xbcckF\xc3\xbcr die vorstehenden Angaben wird keine Haftung \xc3\xbcbernommen. Bitte pr\xc3\xbcfen Sie im Einzelfall die Angaben auf der jeweiligen Produktverpackung, nur diese sind verbindlich.Das Produktdesign kann von der Abbildung abweichen.'",Kurfürstenanlage 6,Rewe,Haushalt,2023-07-09,"Gültig ab morgen bis Samstag, 15.07.2023"
Pril Geschirrspülmittel,https://img.rewe-static.de/KLEIN28_2023/7984180/32682384-2_digital-image.png?impolicy=s-offers&imwidth=200&output-format=image/webp,,https://shop.rewe.de/productList?search=2832136,,"Original , je 675-ml-Fl , (1 l = 2.21)",Aktion,"1,49 €","b'Gefahren- / WarnhinweiseAchtungKann allergische Hautreaktionen verursachen. Verursacht schwere Augenreizung. Sch\xc3\xa4dlich f\xc3\xbcr Wasserorganismen, mit langfristiger Wirkung.Ist \xc3\xa4rztlicher Rat erforderlich, Verpackung oder Kennzeichnungsetikett bereithalten. Darf nicht in die H\xc3\xa4nde von Kindern gelangen. BEI KONTAKT MIT DEN AUGEN: Einige Minuten lang behutsam mit Wasser sp\xc3\xbclen. Eventuell vorhandene Kontaktlinsen nach M\xc3\xb6glichkeit entfernen. Weiter sp\xc3\xbclen. Bei anhaltender Augenreizung: \xc3\x84rztlichen Rat einholen/\xc3\xa4rztliche Hilfe hinzuziehen. Inhalt/Beh\xc3\xa4lter gem\xc3\xa4\xc3\x9f nationalen Vorschriften der Entsorgung zuf\xc3\xbchren.ProduktbeschreibungArtikelnummer 7984180Inhaltsstoffe: 5-15%: anionische Tenside, <5%: nichtionische Tenside. Weitere Inhaltsstoffe: Konservierungsmittel (Methylisothiazolinone, Benzisothiazolinone), Duftstoffe (Limonene), Enzyme. ArtikeldetailsMarke: PrilUrsprungsland: DeutschlandKontaktKontaktname: Henkel Wasch- und Reinigungsmittel GmbHKontaktadresse: D-40191 D\xc3\xbcsseldorfMaximale Bestellmenge: 15 St\xc3\xbcckF\xc3\xbcr die vorstehenden Angaben wird keine Haftung \xc3\xbcbernommen. Bitte pr\xc3\xbcfen Sie im Einzelfall die Angaben auf der jeweiligen Produktverpackung, nur diese sind verbindlich.Das Produktdesign kann von der Abbildung abweichen.'",Kurfürstenanlage 6,Rewe,Haushalt,2023-07-09,"Gültig ab morgen bis Samstag, 15.07.2023"
Spee Power Caps Colorwaschmittel,https://img.rewe-static.de/KLEIN28_2023/8904688/38802581-5_digital-image.png?impolicy=s-offers&imwidth=200&output-format=image/webp,,https://shop.rewe.de/productList?search=2832136,,"je 18-WL-Pckg , (1 WL = 0.22)",Aktion,"3,99 €","b'Gefahren- / WarnhinweiseAchtungVerursacht Hautreizungen. Verursacht schwere Augenreizung. Sch\xc3\xa4dlich f\xc3\xbcr Wasserorganismen, mit langfristiger Wirkung. Enth\xc3\xa4lt Subtilisin. Kann allergische Reaktionen hervorrufen. Ist \xc3\xa4rztlicher Rat erforderlich, Verpackung oder Kennzeichnungsetikett bereithalten. Darf nicht in die H\xc3\xa4nde von Kindern gelangen. BEI BER\xc3\x9cHRUNG MIT DER HAUT: Mit viel Wasser waschen. BEI KONTAKT MIT DEN AUGEN: Einige Minuten lang behutsam mit Wasser sp\xc3\xbclen. Eventuell vorhandene Kontaktlinsen nach M\xc3\xb6glichkeit entfernen. Weiter sp\xc3\xbclen. Bei anhaltender Augenreizung: \xc3\x84rztlichen Rat einholen/\xc3\xa4rztliche Hilfe hinzuziehen. BEI VERSCHLUCKEN: Mund aussp\xc3\xbclen. KEIN Erbrechen herbeif\xc3\xbchren. Sofort GIFTINFORMATIONSZENTRUM/Arzt anrufen. Inhalt/Beh\xc3\xa4lter gem\xc3\xa4\xc3\x9f nationalen Vorschriften der Entsorgung zuf\xc3\xbchren.ProduktbeschreibungArtikelnummer 8904688ArtikeldetailsMarke: SpeeUrsprungsland: UngarnKontaktKontaktname: Henkel AG & Co. KGaAKontaktadresse: D-40191 D\xc3\xbcsseldorfMaximale Bestellmenge: 15 St\xc3\xbcckF\xc3\xbcr die vorstehenden Angaben wird keine Haftung \xc3\xbcbernommen. Bitte pr\xc3\xbcfen Sie im Einzelfall die Angaben auf der jeweiligen Produktverpackung, nur diese sind verbindlich.Das Produktdesign kann von der Abbildung abweichen.'",Kurfürstenanlage 6,Rewe,Haushalt,2023-07-09,"Gültig ab morgen bis Samstag, 15.07.2023"
Pril Geschirrspülmittel,https://img.rewe-static.de/KLEIN28_2023/8430871/30955216-20_digital-image.png?impolicy=s-offers&imwidth=200&output-format=image/webp,,https://shop.rewe.de/productList?search=2832136,,"Sensitive Aloe Vera , je 450-ml-Fl , (1 l = 3.31)",Aktion,"1,49 €","b'Gefahren- / WarnhinweiseAchtungVerursacht schwere Augenreizung.Ist \xc3\xa4rztlicher Rat erforderlich, Verpackung oder Kennzeichnungsetikett bereithalten. Darf nicht in die H\xc3\xa4nde von Kindern gelangen. BEI KONTAKT MIT DEN AUGEN: Einige Minuten lang behutsam mit Wasser sp\xc3\xbclen. Eventuell vorhandene Kontaktlinsen nach M\xc3\xb6glichkeit entfernen. Weiter sp\xc3\xbclen. Bei anhaltender Augenreizung: \xc3\x84rztlichen Rat einholen/\xc3\xa4rztliche Hilfe hinzuziehenProduktbeschreibungArtikelnummer 8430871Inhaltsstoffe: 5-15%: anionische Tenside, <5%: amphotere Tenside. Weitere Inhaltsstoffe: Konservierungsmittel (Benzisothiazolinone, Phenoxyethanol), Duftstoffe. ArtikeldetailsMarke: PrilUrsprungsland: DeutschlandKontaktKontaktname: Henkel Wasch- und Reinigungsmittel GmbHKontaktadresse: D-40191 D\xc3\xbcsseldorfMaximale Bestellmenge: 15 St\xc3\xbcckF\xc3\xbcr die vorstehenden Angaben wird keine Haftung \xc3\xbcbernommen. Bitte pr\xc3\xbcfen Sie im Einzelfall die Angaben auf der jeweiligen Produktverpackung, nur diese sind verbindlich.Das Produktdesign kann von der Abbildung abweichen.'",Kurfürstenanlage 6,Rewe,Haushalt,2023-07-09,"Gültig ab morgen bis Samstag, 15.07.2023"
WC Frisch Kraft-Aktiv,https://img.rewe-static.de/KLEIN28_2023/8033644/30582431-9_digital-image.png?impolicy=s-offers&imwidth=200&output-format=image/webp,,https://shop.rewe.de/productList?search=2832136,,"versch. Sorten , je 50-g-Pckg , (1 kg = 33.80)",Aktion,"1,69 €","b'Gefahren- / WarnhinweiseAchtungVerursacht schwere Augenreizung. Verursacht Hautreizungen. Enth\xc3\xa4lt Cineol. Kann allergische Reaktionen hervorrufen. Ist \xc3\xa4rztlicher Rat erforderlich, Verpackung oder Kennzeichnungsetikett bereithalten. Darf nicht in die H\xc3\xa4nde von Kindern gelangen. Schutzhandschuhe/Schutzkleidung/Augenschutz/Gesichtsschutz tragen. BEI BER\xc3\x9cHRUNG MIT DER MAUT: Mit viel Wasser waschen. BEI KONTAKT MIT DEN AUGEN: Einige Minuten lang behutsam mit Wasser sp\xc3\xbclen. Eventuell vorhandene Kontaktlinsen nach M\xc3\xb6glichkeit entfernen. Weiter sp\xc3\xbclen. Bei anhaltender Augenreizung: \xc3\x84rztlichen Rat einholen/\xc3\xa4rztliche Hilfe hinzuziehen. Inhalt/Beh\xc3\xa4lter gem\xc3\xa4\xc3\x9f nationalen Vorschriften der Entsorgung zuf\xc3\xbchren.ProduktbeschreibungArtikelnummer 8033644ArtikeldetailsMarke: WC FrischUrsprungsland: DeutschlandKontaktKontaktname: Henkel Wasch- und Reinigungsmittel GmbHKontaktadresse: D-40191 D\xc3\xbcsseldorfMaximale Bestellmenge: 15 St\xc3\xbcckF\xc3\xbcr die vorstehenden Angaben wird keine Haftung \xc3\xbcbernommen. Bitte pr\xc3\xbcfen Sie im Einzelfall die Angaben auf der jeweiligen Produktverpackung, nur diese sind verbindlich.Das Produktdesign kann von der Abbildung abweichen.'",Kurfürstenanlage 6,Rewe,Haushalt,2023-07-09,"Gültig ab morgen bis Samstag, 15.07.2023"
Sil Fleckenspray,https://img.rewe-static.de/KLEIN28_2023/8522595/32524924-7_digital-image.png?impolicy=s-offers&imwidth=200&output-format=image/webp,,https://shop.rewe.de/productList?search=2832136,,"je 500-ml-Fl , (1 l = 5.18)",Aktion,"2,59 €","b'Gefahren- / WarnhinweiseGefahrVerursacht schwere Augensch\xc3\xa4den.Ist \xc3\xa4rztlicher Rat erforderlich, Verpackung oder Kennzeichnungsetikett bereithalten. Darf nicht in die H\xc3\xa4nde von Kindern gelangen. Schutzhandschuhe/Schutzkleidung/Augenschutz/Gesichtsschutz tragen. Nur im Freien oder in gut bel\xc3\xbcfteten R\xc3\xa4umen verwenden. Einatmen von Staub/Rauch/Gas/Nebel/Dampf/Aerosol vermeiden. BEI KONTAKT MIT DEN AUGEN: Einige Minuten lang behutsam mit Wasser sp\xc3\xbclen. Eventuell vorhandene Kontaktlinsen nach M\xc3\xb6glichkeit entfernen. Weiter sp\xc3\xbclen. Sofort GIFTINFORMATIONSZENTRUM/Arzt anrufen. ProduktbeschreibungArtikelnummer 8522595Inhaltsstoffe: 5-15%: anionische Tenside, <5%: nichtionische Tenside.\nWeitere Inhaltsstoffe: Duftstoffe. ArtikeldetailsMarke: SilUrsprungsland: DeutschlandKontaktKontaktname: Henkel Wasch- und Reinigungsmittel GmbHKontaktadresse: D-40191 D\xc3\xbcsseldorfMaximale Bestellmenge: 15 St\xc3\xbcckF\xc3\xbcr die vorstehenden Angaben wird keine Haftung \xc3\xbcbernommen. Bitte pr\xc3\xbcfen Sie im Einzelfall die Angaben auf der jeweiligen Produktverpackung, nur diese sind verbindlich.Das Produktdesign kann von der Abbildung abweichen.'",Kurfürstenanlage 6,Rewe,Haushalt,2023-07-09,"Gültig ab morgen bis Samstag, 15.07.2023"
Palmolive Flüssigseife,https://img.rewe-static.de/KLEIN28_2023/1227889/27384433-26_digital-image.png?impolicy=s-offers&imwidth=200&output-format=image/webp,,https://shop.rewe.de/productList?search=2832136,,"versch. Sorten , je 300-ml-Spender , (1 l = 3.30)",Aktion,"0,99 €","b'ProduktbeschreibungArtikelnummer 1227889Palmolive Hygiene-Plus Sensitive Fl\xc3\xbcssigseife enth\xc3\xa4lt Aloe-Vera-Extrakt und einen nat\xc3\xbcrlichen, antibakteriellen Wirkstoff. Die milde Formel, auch f\xc3\xbcr sensible Haut geeignet, reinigt Ihre H\xc3\xa4nde sanft und hygienisch. Hautvertr\xc3\xa4glichkeit dermatologisch getestet. ArtikeldetailsMarke: PalmoliveUrsprungsland: FrankreichKontaktKontaktname: Colgate Palmolive GABA GmbHKontaktadresse: Beim Strohhause 17 Hamburg 20097Maximale Bestellmenge: 15 St\xc3\xbcckF\xc3\xbcr die vorstehenden Angaben wird keine Haftung \xc3\xbcbernommen. Bitte pr\xc3\xbcfen Sie im Einzelfall die Angaben auf der jeweiligen Produktverpackung, nur diese sind verbindlich.Das Produktdesign kann von der Abbildung abweichen.'",Kurfürstenanlage 6,Rewe,Drogerie,2023-07-09,"Gültig ab morgen bis Samstag, 15.07.2023"
Elvital Spülung,https://img.rewe-static.de/KLEIN28_2023/3233160/26208077-16_digital-image.png?impolicy=s-offers&imwidth=200&output-format=image/webp,,https://shop.rewe.de/productList?search=2832136,,"Color , je 250-ml-Fl , (1 l = 11.96)",Aktion,"2,99 €","b""Gefahren- / WarnhinweiseBei Kontakt mit den Augen diese gr\xc3\xbcndlich aussp\xc3\xbclen.ProduktbeschreibungArtikelnummer 3233160Die Sp\xc3\xbclung ist die ideale Erg\xc3\xa4nzung zum Color-Glanz Shampoo von Elvital. Die Haarfarbe wird gesch\xc3\xbctzt und ihr wird zu l\xc3\xa4ngerer Leuchtkraft verholfen. F\xc3\xbcr mehr Farbintensit\xc3\xa4t und Farbtreue bis zu zehn Wochen.Inhaltsstoffe1217072 B - INGREDIENTS:  AQUA / WATER \xe2\x80\xa2 CETEARYL ALCOHOL \xe2\x80\xa2 BEHENTRIMONIUM CHLORIDE \xe2\x80\xa2 CETYL ESTERS \xe2\x80\xa2 COCOS NUCIFERA OIL / COCONUT OIL \xe2\x80\xa2 SODIUM BENZOATE \xe2\x80\xa2 PHENOXYETHANOL \xe2\x80\xa2 PAEONIA OFFICINALIS FLOWER EXTRACT \xe2\x80\xa2 ETHYLHEXYL SALICYLATE \xe2\x80\xa2 TRIDECETH-6 \xe2\x80\xa2 CHLORHEXIDINE DIGLUCONATE \xe2\x80\xa2 BENZYL ALCOHOL \xe2\x80\xa2 BENZYL SALICYLATE \xe2\x80\xa2 LINALOOL \xe2\x80\xa2 AMODIMETHICONE \xe2\x80\xa2 ISOPROPYL ALCOHOL \xe2\x80\xa2 ALPHA-ISOMETHYL IONONE \xe2\x80\xa2 GERANIOL \xe2\x80\xa2 CITRIC ACID \xe2\x80\xa2 POTASSIUM HYDROXIDE \xe2\x80\xa2 CITRONELLOL \xe2\x80\xa2 CETRIMONIUM CHLORIDE \xe2\x80\xa2 POTASSIUM SORBATE \xe2\x80\xa2 HEXYL CINNAMAL \xe2\x80\xa2 GLYCERIN \xe2\x80\xa2 PARFUM / FRAGRANCE (F.I.L. C259456/1).HinweiseInformation: Bei Kontakt mit den Augen diese gr\xc3\xbcndlich aussp\xc3\xbclen.ArtikeldetailsMarke: L'Or\xc3\xa9al ParisUrsprungsland: Elfenbeink\xc3\xbcsteSorte: Color GlanzLaufzeit nach \xc3\x96ffnen: 12 MonateKontaktKontaktname: L'Or\xc3\xa9al Deutschland GmbHKontaktadresse: TSA 75000 93684 ST OUEN CEDEX FRMaximale Bestellmenge: 15 St\xc3\xbcckF\xc3\xbcr die vorstehenden Angaben wird keine Haftung \xc3\xbcbernommen. Bitte pr\xc3\xbcfen Sie im Einzelfall die Angaben auf der jeweiligen Produktverpackung, nur diese sind verbindlich.Das Produktdesign kann von der Abbildung abweichen.""",Kurfürstenanlage 6,Rewe,Drogerie,2023-07-09,"Gültig ab morgen bis Samstag, 15.07.2023"
Elvital Shampoo,https://img.rewe-static.de/KLEIN28_2023/2789935/25113040-23_digital-image.png?impolicy=s-offers&imwidth=200&output-format=image/webp,,https://shop.rewe.de/productList?search=2832136,,"Color , je 300-ml-Fl , (1 l = 9.97)",Aktion,"2,99 €","b""Gefahren- / WarnhinweiseBei Kontakt mit den Augen diese gr\xc3\xbcndlich aussp\xc3\xbclen.ProduktbeschreibungArtikelnummer 2789935L'Or\xc3\xa9al Paris Elvital Color-Glanz Pflege-Shampoo pflegt coloriertes Haar und erh\xc3\xa4lt die Leuchtkraft der Farbe. Coloriertes, get\xc3\xb6ntes oder gestr\xc3\xa4hntes\xc2\xa0 Haar ist besonders sensibel gegen\xc3\xbcber \xc3\xa4u\xc3\x9feren Einfl\xc3\xbcssen. So f\xc3\xbchren z. B. regelm\xc3\xa4\xc3\x9figes Haare-Waschen oder UV-Strahlen dazu, dass die Farbe verblasst, sich ver\xc3\xa4ndert und schnell an Leuchtkraft und Farbintensit\xc3\xa4t verliert. Das L'Oreal Paris Elvital Color-Glanz Pflege-Shampoo sch\xc3\xbctzt die Sch\xc3\xb6nheit der Haarfarbe mit einer besonderen 3-fach-Wirkung: Intensiver Farbschutz\nSchutz vor UV-bedingtem Ausbleichen\nVerl\xc3\xa4ngerte LeuchtkraftInhaltsstoffe1199588 C - INGREDIENTS:  AQUA / WATER \xe2\x80\xa2 SODIUM LAURETH SULFATE \xe2\x80\xa2 DIMETHICONE \xe2\x80\xa2 COCO-BETAINE \xe2\x80\xa2 SODIUM CHLORIDE \xe2\x80\xa2 GLYCOL DISTEARATE \xe2\x80\xa2 GUAR HYDROXYPROPYLTRIMONIUM CHLORIDE \xe2\x80\xa2 COCAMIDE MIPA \xe2\x80\xa2 COCOS NUCIFERA OIL / COCONUT OIL \xe2\x80\xa2 SODIUM BENZOATE \xe2\x80\xa2 SODIUM HYDROXIDE \xe2\x80\xa2 PAEONIA OFFICINALIS FLOWER EXTRACT \xe2\x80\xa2 ETHYLHEXYL SALICYLATE \xe2\x80\xa2 SALICYLIC ACID \xe2\x80\xa2 FUMARIC ACID \xe2\x80\xa2 BENZYL ALCOHOL \xe2\x80\xa2 BENZYL SALICYLATE \xe2\x80\xa2 LINALOOL \xe2\x80\xa2 ALPHA-ISOMETHYL IONONE \xe2\x80\xa2 CARBOMER \xe2\x80\xa2 GERANIOL \xe2\x80\xa2 CITRIC ACID \xe2\x80\xa2 CITRONELLOL \xe2\x80\xa2 POTASSIUM SORBATE \xe2\x80\xa2 HEXYLENE GLYCOL \xe2\x80\xa2 HEXYL CINNAMAL \xe2\x80\xa2 GLYCERIN \xe2\x80\xa2 PARFUM / FRAGRANCE (F.I.L. C259250/1).HinweiseInformation: Bei Kontakt mit den Augen diese sofort gr\xc3\xbcndlich aussp\xc3\xbclen.ArtikeldetailsMarke: L'Or\xc3\xa9al ParisUrsprungsland: GeorgienSorte: Color GlanzLaufzeit nach \xc3\x96ffnen: 12 MonateKontaktKontaktname: L'Or\xc3\xa9al Deutschland GmbHKontaktadresse: TSA 75000 93684 ST OUEN CEDEX FRMaximale Bestellmenge: 15 St\xc3\xbcckF\xc3\xbcr die vorstehenden Angaben wird keine Haftung \xc3\xbcbernommen. Bitte pr\xc3\xbcfen Sie im Einzelfall die Angaben auf der jeweiligen Produktverpackung, nur diese sind verbindlich.Das Produktdesign kann von der Abbildung abweichen.""",Kurfürstenanlage 6,Rewe,Drogerie,2023-07-09,"Gültig ab morgen bis Samstag, 15.07.2023"
Axe Duschgel,https://img.rewe-static.de/KLEIN28_2023/9157379/27629412-14_digital-image.png?impolicy=s-offers&imwidth=200&output-format=image/webp,,https://shop.rewe.de/productList?search=2832136,,"versch. Sorten , je 250-ml-Fl , (1 l = 8.76)",Aktion,"2,19 €","b'ProduktbeschreibungArtikelnummer 9157379\xe2\x80\xa2 AXE Duschgel Alaska f\xc3\xbcr M\xc3\xa4nner sorgt f\xc3\xbcr eine intensive Pflege \n\xe2\x80\xa2 Verbesserte Formulierung dank 12h Long-Lasting Fragrance f\xc3\xbcr ein langanhaltendes Duft- und Frischegef\xc3\xbchl auf der Haut \n\xe2\x80\xa2 Ein w\xc3\xbcrzig-maskuliner Duft nach Sandelholz und Amber, kombiniert mit fruchtigen Akkorden. \n\xe2\x80\xa2 Duschgel mit Skin Active Technology: Pflanzenbasierte Pr\xc3\xa4biotika, die gute Hautbakterien f\xc3\xb6rdern und geruchsbildende Hautbakterien reduzieren, sorgen f\xc3\xbcr weniger K\xc3\xb6rpergeruch und mehr AXE-Duft \n\xe2\x80\xa2 Das Duschgel ist pH-hautneutral, dermatologisch getestet und enth\xc3\xa4lt 5x mehr Feuchtigkeitsspender \xe2\x80\x93 f\xc3\xbcr die beste AXE-Pflege \n\xe2\x80\xa2 Dieses M\xc3\xa4nnerduschgel kombiniert Nat\xc3\xbcrlichkeit mit einer sportlichen, selbstbewussten Note... mehr anzeigenEin gro\xc3\x9fartiger Tag beginnt mit einer gro\xc3\x9fartigen Dusche und es ist nicht egal, welches Duschgel M\xc3\xa4nner verwenden. Denn Duschgele gibt es viele. Aber nur das AXE Duschgel Alaska verbindet Nat\xc3\xbcrlichkeit mit einer sportlichen, selbstbewussten Note. Das Bodywash verleiht einen w\xc3\xbcrzig-maskulinen Duft nach Sandelholz und Amber, kombiniert mit fruchtigen Akkorden. Ein arktisch-k\xc3\xbchler Duft aus \xc3\x96len von Grapefruit und Bergamotte mit den fruchtigen Noten von Melone und Ananas, der erfrischt und neue Energie gibt.\n\nDoch nicht nur das: Das Duschgel von AXE enth\xc3\xa4lt die neue Skin Active Technology: Das sind pflanzenbasierte Pr\xc3\xa4biotika, die gute Hautbakterien f\xc3\xb6rdern und geruchsbildende Hautbakterien reduzieren. Die Folge: weniger K\xc3\xb6rpergeruch, mehr AXE-Duft. Au\xc3\x9ferdem enth\xc3\xa4lt es 5x mehr Feuchtigkeitsspender \xe2\x80\x93 f\xc3\xbcr die beste AXE-Pflege. Das Dusch Gel ist zudem ph-hautneutral und dermatologisch getestet. \n\nAnwendung: Die trockene Haut unter der Dusche befeuchten, die Bodywash in den H\xc3\xa4nden verteilen. K\xc3\xb6rper einsch\xc3\xa4umen. Gr\xc3\xbcndlich absp\xc3\xbclen. Sauber f\xc3\xbchlen. Gut duften. Das AXE Duschgel mit dem 12h Long-Lasting Fragrance \xe2\x80\x93 f\xc3\xbcr ein verbessertes Dufterlebnis unter der Dusche und ein langanhaltendes Duft- und Frischegef\xc3\xbchl auf der Haut.\n\nAXE steht f\xc3\xbcr Nachhaltigkeit \xe2\x80\x93 die Inhaltsstoffe des Duschgels sind zu 87% nat\xc3\xbcrlichen Ursprungs und die Flasche besteht aus 100% recyceltem Plastik (au\xc3\x9fer dem Deckel). \n\nDas AXE Duschgel Alaska passt perfekt zu allen Produkten aus der AXE Alaska Serie, l\xc3\xa4sst sich aber auch mit allen anderen AXE-D\xc3\xbcften kombinieren, sodass man sich voll auf das konzentrieren kann, worauf man Lust hat. AXE Duschgel Alaska \xe2\x80\x93 mit dem sensationellen Duft, der dazu einl\xc3\xa4dt, das Leben in vollen Z\xc3\xbcgen zu genie\xc3\x9fen. \n\nAXE \xe2\x80\x93 The AXE EffectInhaltsstoffeAqua, Sodium Laureth Sulfate, Parfum, Citric Acid, Cocamide MEA, Glycerin, PPG-12, Sodium Benzoate, Sodium Chloride, Sodium Sulfate, Alpha-Isomethyl Ionone, Benzyl Salicylate, Citronellol, Coumarin, Hexyl Cinnamal, Limolene, Linalool, CI 42090.ArtikeldetailsMarke: AxeUrsprungsland: DeutschlandSorte: AlaskaLaufzeit nach \xc3\x96ffnen: 12 MonateKontaktKontaktname: Unilever RAKontaktadresse: 455, 3013 AL, NLMaximale Bestellmenge: 15 St\xc3\xbcckF\xc3\xbcr die vorstehenden Angaben wird keine Haftung \xc3\xbcbernommen. Bitte pr\xc3\xbcfen Sie im Einzelfall die Angaben auf der jeweiligen Produktverpackung, nur diese sind verbindlich.Das Produktdesign kann von der Abbildung abweichen.'",Kurfürstenanlage 6,Rewe,Drogerie,2023-07-09,"Gültig ab morgen bis Samstag, 15.07.2023"
Duschdas Duschgel,https://img.rewe-static.de/KLEIN28_2023/8911414/38937664-11_digital-image.png?impolicy=s-offers&imwidth=200&output-format=image/webp,,https://shop.rewe.de/productList?search=2832136,,"versch. Sorten , je 225-ml-Fl , (1 l = 4.40)",Aktion,"0,99 €","b'ProduktbeschreibungArtikelnummer 8911414Mit Duschdas 3-in-1 Duschgel & Shampoo Noire mit Fresh-Energy-Duftformel aktiv und vital in einen erlebnisreichen Tag starten. Der anregend-w\xc3\xbcrzige Duft vermittelt ein Gef\xc3\xbchl purer Lebendigkeit und gibt einem die Energie, die man f\xc3\xbcr einen vollgepackten Tag braucht. Die praktische Kombination aus Duschgel und Shampoo ist anwendbar f\xc3\xbcr K\xc3\xb6rper, Gesicht und Haar und sorgt f\xc3\xbcr erfrischende Momente im Alltag. Das Duschdas Duschgel & Shampoo kommt in der praktischen nachf\xc3\xbcllbaren 225 ml Flasche, die aus 100% recyceltem Plastik** (rPET) besteht und wiederum vollst\xc3\xa4ndig recycelt werden kann. Sie ist standsicher, leicht zu \xc3\xb6ffnen und eignet sich f\xc3\xbcr ein- oder mehrmaliges Nachf\xc3\xbcllen. Durch das bew\xc3\xa4hrte Kopfsteher-Format ist das 3-in-1 Duschbad in der Eco-Flasche sofort einsatzbereit und sorgt dar\xc3\xbcber hinaus f\xc3\xbcr ein Duschdas Duscherlebnis bis zum letzten Tropfen. Das erfrischende Duschgel ist leicht dosierbar, l\xc3\xa4sst sich schnell auf dem K\xc3\xb6rper und Haar aufsch\xc3\xa4umen und leicht absp\xc3\xbclen. Es hinterl\xc3\xa4sst ein frisches und sauberes Gef\xc3\xbchl. Das Duschdas Duschgel & Shampoo ist pH-hautneutral und somit besonders sanft zur Haut. Es eignet sich f\xc3\xbcr die t\xc3\xa4gliche Anwendung. Einfach die trockene Haut und das Haar unter der Dusche anfeuchten, das Duschgel auf Haut und Haar verteilen, einmassieren und absp\xc3\xbclen. Vitalisiert, erfrischt oder belebt \xe2\x80\x93 so l\xc3\xa4sst das Duschgel M\xc3\xa4nner mit positiver Stimmung in den Tag starten.\n\nJetzt auch die weiteren Duschgele von Duschdas entdecken. Als erste Duschgelmarke Deutschlands liefert Duschdas zuverl\xc3\xa4ssig gute Qualit\xc3\xa4t, eine gro\xc3\x9fe Auswahl an inspirierenden D\xc3\xbcften und langanhaltende Frische f\xc3\xbcr alle. Und das mit einer gut biologisch abbaubaren Formel in einer nachhaltigen Verpackung. Schn\xc3\xb6rkellos, zeitlos, bodenst\xc3\xa4ndig, starke Ergebnisse im funktionalen Nutzen. Beim Thema Duschen denken die Leute an Duschdas. Duschdas hinterl\xc3\xa4sst ein erfrischendes Gef\xc3\xbchl und wirkt k\xc3\xb6rperlich und geistig revitalisierend. Hol Dir frische Energie \xe2\x80\x93 mit Duschdas. *Gem\xc3\xa4\xc3\x9f OECD-Methoden **Ohne Kappe und EtikettInhaltsstoffeIngredients: Aqua, Sodium Laureth Sulfate, Sodium Chloride, Cocamidopropyl Betaine, Parfum, Glycerin, Sodium Benzoate, Citric Acid, Sodium Lactate, Tetrasodium EDTA, Alpha-Isomethyl Ionone, Coumarin, Geraniol, Hexyl Cinnamal, Limonene, Linalool, CI 17200,CI 19140.ArtikeldetailsMarke: DuschdasUrsprungsland: DeutschlandLaufzeit nach \xc3\x96ffnen: 12 MonateKontaktKontaktname: Unilever RAKontaktadresse: 455, 3013 AL, NLMaximale Bestellmenge: 15 St\xc3\xbcckF\xc3\xbcr die vorstehenden Angaben wird keine Haftung \xc3\xbcbernommen. Bitte pr\xc3\xbcfen Sie im Einzelfall die Angaben auf der jeweiligen Produktverpackung, nur diese sind verbindlich.Das Produktdesign kann von der Abbildung abweichen.'",Kurfürstenanlage 6,Rewe,Drogerie,2023-07-09,"Gültig ab morgen bis Samstag, 15.07.2023"
Pampers Baby Dry Windeln Single Pack,https://img.rewe-static.de/KLEIN28_2023/8688573/35018085-9_digital-image.png?impolicy=s-offers&imwidth=200&output-format=image/webp,,https://shop.rewe.de/productList?search=2832136,,"Maxi Größe 4 , je 30-St.-Pckg",Aktion,"7,99 €",nan,Kurfürstenanlage 6,Rewe,Drogerie,2023-07-09,"Gültig ab morgen bis Samstag, 15.07.2023"
Pampers Baby Dry Pants Single Pack,https://img.rewe-static.de/KLEIN28_2023/7839196/35199201-12_digital-image.png?impolicy=s-offers&imwidth=200&output-format=image/webp,,https://shop.rewe.de/productList?search=2832136,,"Größe 5 , je 24-St.-Pckg",Aktion,"7,99 €",nan,Kurfürstenanlage 6,Rewe,Drogerie,2023-07-09,"Gültig ab morgen bis Samstag, 15.07.2023"
Gliss Kur Shampoo,https://img.rewe-static.de/KLEIN28_2023/7207275/27570160-11_digital-image.png?impolicy=s-offers&imwidth=200&output-format=image/webp,,https://shop.rewe.de/productList?search=2832136,,"versch. Sorten , je 250-ml-Fl , (1 l = 9.96)",Aktion,"2,49 €","b'ProduktbeschreibungArtikelnummer 7207275HABEN SIE STROHIGE HAARE UND SPLISS? T\xc3\xa4gliches K\xc3\xa4mmen & Stylen strapaziert das Haar, wodurch die Haarspitzen strohig werden und Haarbruch entsteht. Damit die Haare gesund & geschmeidig bleiben, brauchen sie eine intensive Pflege. GLISS KUR OIL NUTRITIVE bietet: \xe2\x80\x89TIEFENREPAIR OHNE ZU BESCHWEREN SINNLICHE GESCHMEIDIGKEIT UND GESUND GL\xc3\x84NZENDES HAAR GLISS KUR Formeln mit KERATIN SERUM reparieren vorhandene Sch\xc3\xa4den und verst\xc3\xa4rken die Zellstruktur, um zuk\xc3\xbcnftigen Sch\xc3\xa4den vorzubeugen. OIL NUTRITIVE Abgestimmt auf die Bed\xc3\xbcrfnisse von strohigem, splissanf\xc3\xa4lligem Haar, n\xc3\xa4hrt die OIL NUTRITIVE Linie das Haar mit WERTVOLLEN BEAUTY-\xc3\x96LEN. F\xc3\xbcr ein optimales Pflege-Ergebnis, folgen Sie dem GLISS KUR REPARATUR-SYSTEM: SHAMPOO reinigt  SP\xc3\x9cLUNG entwirrt  KUREN pflegenInhaltsstoffeAqua,Sodium Laureth Sulfate, Cocamidopropyl Betaine, Sodium Chloride, Macadamia Ternifolia Seed Oil, Prunus Armeniaca Kernel Oil, Tocopheryl Acetate, Panthenol, Hydrolyzed Keratin, Cocamide MEA, Disodium Cocoamphodiacetate, Sodium Benzoate, Citric Acid, PEG-7 Glyceryl Cocoate, Polyquaternium-10, Parfum, PEG-40 Hydrogenated Castor Oil, PEG-120 Methyl Glucose Dioleate, Propylene Glycol, Butylphenyl Methylpropional, Linalool, CI 19140, CI 15985, CI 47005ArtikeldetailsMarke: Gliss KurUrsprungsland: DeutschlandLaufzeit nach \xc3\x96ffnen: 12 MonateKontaktKontaktname: Schwarzkopf & Henkel GmbHKontaktadresse: D-40191 D\xc3\xbcsseldorfMaximale Bestellmenge: 15 St\xc3\xbcckF\xc3\xbcr die vorstehenden Angaben wird keine Haftung \xc3\xbcbernommen. Bitte pr\xc3\xbcfen Sie im Einzelfall die Angaben auf der jeweiligen Produktverpackung, nur diese sind verbindlich.Das Produktdesign kann von der Abbildung abweichen.'",Kurfürstenanlage 6,Rewe,Drogerie,2023-07-09,"Gültig ab morgen bis Samstag, 15.07.2023"
Blend-a-Med Zahncreme,https://img.rewe-static.de/KLEIN28_2023/3075942/35085314-3_digital-image.png?impolicy=s-offers&imwidth=200&output-format=image/webp,,https://shop.rewe.de/productList?search=2832136,,"Classic oder Frisch , je 75-ml-Tube , (1 l = 11.87)",Aktion,"0,89 €","b'ProduktbeschreibungArtikelnummer 3075942Die blend-a-med Classic Zahncreme enth\xc3\xa4lt Aktiv-Fluorid f\xc3\xbcr saubere, gesunde und starke Z\xc3\xa4hne. Mit dem klassischen Menthol-Geschmack von blend-a-med. Blend-a-med Rundumschutz Classic Zahnpasta bietet 24 Stunden Schutz, bei zweimal t\xc3\xa4glich putzen. Mit dem klassischem Menthol-Geschmack von blend-a-med.InhaltsstoffeIngredients: Aqua, Hydrated Silica, Sorbitol, Sodium Lauryl Sulfate, Cellulose Gum, Aroma, Trisodium Phosphate, Sodium Fluoride, Carbomer, Cl 77891, Sodium Saccharin, Limonene, Sodium Hydroxide, Eugenol, Polysorbate 80HinweiseInformation: F\xc3\xbcr Kinder bis 6 Jahre: Nur erbsengro\xc3\x9fe Menge Zahnpasta benutzen. Zur Vermeidung \xc3\xbcberm\xc3\xa4\xc3\x9figen Verschluckens Z\xc3\xa4hneputzen nur unter Aufsicht. Bei zus\xc3\xa4tzlicher Aufnahme von Fluorid den Zahnarzt oder Arzt befragen. Enth\xc3\xa4lt Natriumfluorid (1450 ppm Fluorid).ArtikeldetailsMarke: Blend-a-medUrsprungsland: DeutschlandKontaktKontaktname: Procter & GambleKontaktadresse: 65823 Schwalbach/Ts., GermanyMaximale Bestellmenge: 15 St\xc3\xbcckF\xc3\xbcr die vorstehenden Angaben wird keine Haftung \xc3\xbcbernommen. Bitte pr\xc3\xbcfen Sie im Einzelfall die Angaben auf der jeweiligen Produktverpackung, nur diese sind verbindlich.Das Produktdesign kann von der Abbildung abweichen.'",Kurfürstenanlage 6,Rewe,Drogerie,2023-07-09,"Gültig ab morgen bis Samstag, 15.07.2023"
Colgate Total Zahncreme,https://img.rewe-static.de/KLEIN28_2023/2226666/34953247-8_digital-image.png?impolicy=s-offers&imwidth=200&output-format=image/webp,,https://shop.rewe.de/productList?search=2832136,,"je 75-ml-Tuben-Pckg , (1 l = 30.53)",Aktion,"2,29 €","b'ProduktbeschreibungArtikelnummer 2226666Colgate Total Zahnapasta enth\xc3\xa4lt eine fortschrittliche Technologie, die Ihren gesamten Mund proaktiv sch\xc3\xbctzt und einen hervorragenden Schutz gegen Plaque, Empfindlichkeit, Verf\xc3\xa4rbungen, Zahnstein und Karies bietet. Sie macht Bakterien ausfindig und bek\xc3\xa4mpft sie, um den Zahnschmelz zu sch\xc3\xbctzen, neutralisiert sofort Ger\xc3\xbcche, die Mundgeruch verursachen, und enth\xc3\xa4lt verbesserte Aromen, die in Ihrem Mund f\xc3\xbcr ein Gef\xc3\xbchl der Sauberkeit und Frische sorgen. Diese Zahnpasta tr\xc3\xa4gt \xc3\xbcberdies dazu bei, Zahnfleischerkrankungen und Zahnschmelzabbau vorzubeugen. Um einen gesunden Mund zu haben, reicht es nicht aus, sich nur um die Z\xc3\xa4hne zu k\xc3\xbcmmern. Deshalb bek\xc3\xa4mpft die Zahnpasta Colgate Total Original Bakterien nicht nur auf Ihren Z\xc3\xa4hnen, sondern auch auf der Zunge, den Wangeninnenseiten und dem Zahnfleisch proaktiv bis zu 12 Stunden lang,* um die Gesundheit des ganzen Mundes zu gew\xc3\xa4hrleisten.** \n *nach 4 Wochen regelm\xc3\xa4\xc3\x9figer Anwendung \n **Schutz f\xc3\xbcr Ihren ganzen Mund, d. h. Z\xc3\xa4hne, Zunge, Wangeninnenseiten und Zahnfleisch... mehr anzeigenInhaltsstoffeAqua, Glycerin, Hydrated Silica, PVM/MA Copolymer, Sodium Lauryl Sulfate, Cellulose Gum, Aroma, Sodium Hydroxide, Carrageenan, Sodium Fluoride, Triclosan, Sodium Saccharin, Limonene, Cl 77891ArtikeldetailsMarke: ColgateUrsprungsland: DeutschlandLaufzeit nach \xc3\x96ffnen: 12 MonatePackungsgr\xc3\xb6\xc3\x9fe: 75mlMaximale Bestellmenge: 15 St\xc3\xbcckF\xc3\xbcr die vorstehenden Angaben wird keine Haftung \xc3\xbcbernommen. Bitte pr\xc3\xbcfen Sie im Einzelfall die Angaben auf der jeweiligen Produktverpackung, nur diese sind verbindlich.Das Produktdesign kann von der Abbildung abweichen.'",Kurfürstenanlage 6,Rewe,Drogerie,2023-07-09,"Gültig ab morgen bis Samstag, 15.07.2023"
Vitakraft Poésie Katzennahrung,https://img.rewe-static.de/KLEIN28_2023/2751452/24817125-19_digital-image.png?impolicy=s-offers&imwidth=200&output-format=image/webp,,https://shop.rewe.de/productList?search=2832136,,"versch. Sorten , je 85-g-Schale/Btl , (1 kg = 4.59)",Aktion,"0,39 €","b'ProduktbeschreibungArtikelnummer 2751452K\xc3\xb6stlich fleischige H\xc3\xa4ppchen, raffiniert kombiniert mit einer feinen K\xc3\xa4sesauce \xe2\x80\x93 dieses leckere Men\xc3\xbc in der Herzschale ist jeden Tag aufs Neue ein Gedicht f\xc3\xbcr Ihre Katze!Jede Schale Po\xc3\xa9sie\xc2\xae Cr\xc3\xa9ation enth\xc3\xa4lt unwiderstehlichen Geschmack, beste Zutaten und eine ausgewogene Portion Liebe, also genau das, was sich Ihr Tiger w\xc3\xbcnscht. Dabei ist das schmackhafte Men\xc3\xbc selbstverst\xc3\xa4ndlich ideal auf die ern\xc3\xa4hrungsphysiologischen Bed\xc3\xbcrfnisse von Katzen abgestimmt und \xc3\xbcberzeugt durch h\xc3\xb6chste Qualit\xc3\xa4t. Und die kann man dank der schonenden Zubereitung sogar sehen. Vitakraft. Aus Liebe.ZusammensetzungZusammensetzung: Fleisch u. tierische Nebenerzeugnisse 55% (Rind, Schwein und Gefl\xc3\xbcgel, 5% Pute);Getreide (Weizen);Mineralstoffe;Milch und Molkereierzeugnisse (2% K\xc3\xa4se);InulinAnalytische Bestandteile: 83,0 % Feuchtigkeit;9,5 % Protein;5,0 % Fettgehalt0,3 % Rohfaser;2,0 % RohascheZusatzstoffe pro kg: 250 i.E. E671 Vitamin D3;15 mg E1 Eisen;1,0 mg E4 Kupfer;1,0 mg E5 Mangan;18,0 mg 3b605, Zink;445 mg TaurinF\xc3\xbctterungsempfehlungEine Katze mit einem Gewicht von 4 kg ben\xc3\xb6tigt ca. 2-3 Schalen pro Tag, abh\xc3\xa4ngig von Aktivit\xc3\xa4t, Alter und Rasse des Tieres. Dazu frisches Trinkwasser reichen.HinweiseAufbewahrungs- und Verwendungshinweis: K\xc3\xbchl und trocken lagern.ArtikeldetailsMarkeVitakraftUrsprungslandDeutschlandGeschmacksrichtungPute in K\xc3\xa4sesauceTierartKatzeAltersstufe des HaustieresAdultFutterartAlleinfutterKontaktKontakt: 0421 48960Zulassungsnummer: DE BW 200010Kontaktname: Vitakraft pet care GmbH & Co. KGKontaktadresse: D-28295 Bremen.Maximale Bestellmenge: 15 St\xc3\xbcckF\xc3\xbcr die vorstehenden Angaben wird keine Haftung \xc3\xbcbernommen. Bitte pr\xc3\xbcfen Sie im Einzelfall die Angaben auf der jeweiligen Produktverpackung, nur diese sind verbindlich.Das Produktdesign kann von der Abbildung abweichen.'",Kurfürstenanlage 6,Rewe,Tier,2023-07-09,"Gültig ab morgen bis Samstag, 15.07.2023"
Catsan Hygiene Plus,https://img.rewe-static.de/KLEIN28_2023/8009189/31263213-5_digital-image.png?impolicy=s-offers&imwidth=200&output-format=image/webp,,https://shop.rewe.de/productList?search=2832136,,"je 9-l-Btl , (1 l = 0.55)",Aktion,"4,99 €","b'ProduktbeschreibungArtikelnummer 8009189CATSAN\xe2\x84\xa2 Hygiene Plus ist eine hochwirksame, nicht-klumpende Katzenstreu, die Fl\xc3\xbcssigkeit schnell und effektiv aufsaugt, bevor Geruch entsteht. Wie ein Schwamm nimmt die Hygienestreu Fl\xc3\xbcssigkeit auf und schlie\xc3\x9ft sie sicher ein. So bleibt die Katzentoilette f\xc3\xbcr Ihre Katze sp\xc3\xbcrbar trocken und hygienisch. Der Extra-Mineralschutz von CATSAN\xe2\x84\xa2 Hygiene bindet Ger\xc3\xbcche besonders lang und zuverl\xc3\xa4ssig. Katzen wissen die geruchsbindende Katsenstreu zu sch\xc3\xa4tzen - und ihre Eigent\xc3\xbcmer auch. \nCATSAN\xe2\x84\xa2 Hygienestreu besteht zu 100 % aus nat\xc3\xbcrlichen Rohstoffen (Quarzsand und Kalk). So entsteht die hygienisch wei\xc3\x9fe Farbe von CATSAN\xe2\x84\xa2 Hygienestreu, ohne auf gef\xc3\xa4hrliche Stoffe wie Bleichmittel zur\xc3\xbcckgreifen zu m\xc3\xbcssen. CATSAN\xe2\x84\xa2 ist frei von gef\xc3\xa4hrlichen Fasern oder anderen unvertr\xc3\xa4glichen Bestandteilen. \nAuch f\xc3\xbcr K\xc3\xa4tzchen geeignet.HinweiseAufbewahrungs- und Verwendungshinweis: Bitte trocken lagern.ArtikeldetailsMarke: CatsanUrsprungsland: DeutschlandKontaktKontaktname: Mars GmbHKontaktadresse: Postfach 1280, 27281 Verden (Aller)Maximale Bestellmenge: 15 St\xc3\xbcckF\xc3\xbcr die vorstehenden Angaben wird keine Haftung \xc3\xbcbernommen. Bitte pr\xc3\xbcfen Sie im Einzelfall die Angaben auf der jeweiligen Produktverpackung, nur diese sind verbindlich.Das Produktdesign kann von der Abbildung abweichen.'",Kurfürstenanlage 6,Rewe,Tier,2023-07-09,"Gültig ab morgen bis Samstag, 15.07.2023"
"Edelweiss
            1",https://img.rewe-static.de/KLEIN28_2023/8905443/39778752-4_digital-image.png?impolicy=s-offers&imwidth=200&output-format=image/webp,,https://shop.rewe.de/productList?search=2832136,,"Sorte »Vroni«, mit silberweißen Blüten , je Topf",Aktion,"2,29 €",nan,Kurfürstenanlage 6,Rewe,Freizeit & Mode,2023-07-09,"Gültig ab morgen bis Samstag, 15.07.2023"
"Portulakröschen oder Zauberglöckchen
            1",https://img.rewe-static.de/KLEIN28_2023/1832840/2541080-5_digital-image.png?impolicy=s-offers&imwidth=200&output-format=image/webp,,https://shop.rewe.de/productList?search=2832136,,"versch. Farben , je Topf",Aktion,"1,99 €",nan,Kurfürstenanlage 6,Rewe,Freizeit & Mode,2023-07-09,"Gültig ab morgen bis Samstag, 15.07.2023"
"Enzian
            1",https://img.rewe-static.de/KLEIN28_2023/1729713/25244190-6_digital-image.png?impolicy=s-offers&imwidth=200&output-format=image/webp,,https://shop.rewe.de/productList?search=2832136,,"blühfreudige Sommerpflanze, mit leuchtend blauer Blüte , je Topf",Aktion,"2,99 €",nan,Kurfürstenanlage 6,Rewe,Freizeit & Mode,2023-07-09,"Gültig ab morgen bis Samstag, 15.07.2023"
Barilla Pasta,https://img.rewe-static.de/KLEIN28_2023/6653839/20768970-25_digital-image.png?impolicy=s-offers&imwidth=200&output-format=image/webp,,https://shop.rewe.de/productList?search=2832136,,"versch. Ausformungen , je 500-g-Pckg , (1 kg = 1.90)",Knaller,"0,95 €","b'ProduktbeschreibungArtikelnummer 6653839Fusilli erschienen in ihrer heutigen Form zuerst in S\xc3\xbcditalien und sind urspr\xc3\xbcnglich der Idee entsprungen, Spaghetti auf einer Stricknadel aufzuwickeln. Erst sp\xc3\xa4ter, bedingt durch die unterschiedlichen geschmacklichen Gewohnheiten in den verschiedenen italienischen Regionen, entstanden Fusilli als eigenst\xc3\xa4ndige Sorte. Im Rahmen des Sortiments von Barilla - Italiens beliebtester Pasta - wurde die Pastasorte Fusilli neu interpretiert und erhielt ihre charakteristische Spiralform, die f\xc3\xbcr die Tradition von Mittel- und Norditalien typisch ist.... mehr anzeigenZutaten & AllergeneZutaten: HARTWEIZENGRIESS, Wasser. Kann Spuren von Sojabohnen enthalten.Allergenhinweise: Enth\xc3\xa4lt: Weizen und Weizenerzeugnisse (glutenhaltiges Getreide). Glutenhaltiges Getreide und glutenhaltige Getreideerzeugnisse. Kann enthalten: Soja und Sojaerzeugnisse.N\xc3\xa4hrwerteDurchschnittliche N\xc3\xa4hrwerteUnzubereitet pro 100 gEnergie1.521 kJEnergie359 kcalFett2 gFett, davon ges\xc3\xa4ttigte Fetts\xc3\xa4uren0,5 gKohlenhydrate71,2 gKohlenhydrate, davon Zucker3,5 gBallaststoffe3 gEiwei\xc3\x9f12,5 gSalz0,013 gHinweiseAufbewahrungs- und Verwendungshinweis: Trocken und vor W\xc3\xa4rme gesch\xc3\xbctzt lagern.ArtikeldetailsMarke: BarillaUrsprungsland: ItalienKontaktKontaktname: Barilla G. e R. Fratelli - Societ\xc3\xa0 per AzioniKontaktadresse: Via Mantova 166, Parma - ItalyF\xc3\xbcr die vorstehenden Angaben wird keine Haftung \xc3\xbcbernommen. Bitte pr\xc3\xbcfen Sie im Einzelfall die Angaben auf der jeweiligen Produktverpackung, nur diese sind verbindlich.Das Produktdesign kann von der Abbildung abweichen.'",Ladenburger Str. 68,Rewe,Topangebote,2023-07-09,"Gültig ab morgen bis Samstag, 15.07.2023"
Ehrmann Almighurt,https://img.rewe-static.de/KLEIN28_2023/7659300/9176090-16_digital-image.png?impolicy=s-offers&imwidth=200&output-format=image/webp,,https://shop.rewe.de/productList?search=2832136,,"versch. Sorten , je 150-g-Becher , (1 kg = 2.20)",Knaller,"0,33 €","b'ProduktbeschreibungArtikelnummer 7659300Erlesene Fruchtzubereitung aus Deutschland.Gute Allg\xc3\xa4uer Milch von Familienh\xc3\xb6fen.Zutaten & AllergeneZutaten: JOGHURT mild, Zucker, Heidelbeeren 6,8%, modifizierte St\xc3\xa4rke, f\xc3\xa4rbendes Pflanzenkonzentrat (Karotte), Verdickungsmittel (Pektine, Guarkernmehl), Aroma. Ohne Konservierungsstoffe.Allergenhinweise: Enth\xc3\xa4lt: JoghurtEnth\xc3\xa4lt: Milch und Milcherzeugnisse (einschlie\xc3\x9flich Lactose). Milchzucker (Laktose).N\xc3\xa4hrwerteDurchschnittliche N\xc3\xa4hrwerteUnzubereitet pro 100 gEnergie389 kJEnergie92 kcalFett2,7 gFett, davon ges\xc3\xa4ttigte Fetts\xc3\xa4uren1,8 gKohlenhydrate14 gKohlenhydrate, davon Zucker13 gEiwei\xc3\x9f3 gSalz0,1 gHinweiseAufbewahrungs- und Verwendungshinweis: Bei max. +8 \xc2\xb0C mindestens haltbar bis: siehe DeckelArtikeldetailsMarke: EhrmannUrsprungsland: DeutschlandSorte: HeidelbeereKontaktKontaktname: Ehrmann GmbHKontaktadresse: A.-Ehrmann-Stra\xc3\x9fe 2, 87770 Obersch\xc3\xb6neggMaximale Bestellmenge: 15 St\xc3\xbcckF\xc3\xbcr die vorstehenden Angaben wird keine Haftung \xc3\xbcbernommen. Bitte pr\xc3\xbcfen Sie im Einzelfall die Angaben auf der jeweiligen Produktverpackung, nur diese sind verbindlich.Das Produktdesign kann von der Abbildung abweichen.'",Ladenburger Str. 68,Rewe,Topangebote,2023-07-09,"Gültig ab morgen bis Samstag, 15.07.2023"
Lavazza Caffè Crema Classico oder Crema e Aroma,https://img.rewe-static.de/KLEIN28_2023/0293182/30798874-10_digital-image.png?impolicy=s-offers&imwidth=200&output-format=image/webp,,https://shop.rewe.de/productList?search=2832136,,"ganze Bohnen , je 1000-g-Btl",Knaller,"9,99 €","b'ProduktbeschreibungArtikelnummer 293182Eine sehr vielseitige Mischung aus Arabica und Robusta Bohnen. HinweiseAufbewahrungs- und Verwendungshinweis: trocken lagern.ArtikeldetailsMarke: LavazzaUrsprungsland: ItalienKontaktKontaktname: LUIGI LAVAZZA S.p.A.Kontaktadresse: C. SO NOVARA, 59- 10154 TORINO - ITALIAMaximale Bestellmenge: 15 St\xc3\xbcckF\xc3\xbcr die vorstehenden Angaben wird keine Haftung \xc3\xbcbernommen. Bitte pr\xc3\xbcfen Sie im Einzelfall die Angaben auf der jeweiligen Produktverpackung, nur diese sind verbindlich.Das Produktdesign kann von der Abbildung abweichen.'",Ladenburger Str. 68,Rewe,Topangebote,2023-07-09,"Gültig ab morgen bis Samstag, 15.07.2023"
Campofrio Serrano-Schinken,https://img.rewe-static.de/KLEIN28_2023/0515409/31641266-6_digital-image.png?impolicy=s-offers&imwidth=200&output-format=image/webp,,https://shop.rewe.de/productList?search=2832136,,je 100 g,Aktion,"2,19 €","b'ProduktbeschreibungArtikelnummer 515409Frisch f\xc3\xbcr dich aus unserer Servicetheke. \n \nZutaten: Schweinefleisch, Salz, Konservierungsstoff: Kaliumnitrat, Natriumnitrit. \n \nN\xc3\xa4hrwerte je 100g: \nEnergie: 889kJ \nEnergie: 2120kcal \nFett: 10g \nFett, davon ges\xc3\xa4ttigte Fetts\xc3\xa4uren: 3,8g \nKohlenhydrate: 0,5g \nKohlenhydrate, davon Zucker: 0,5g \nEiwei\xc3\x9f: 30g \nSalz: 5g Zutaten & AllergeneAllergenhinweise: nullN\xc3\xa4hrwerteDurchschnittliche N\xc3\xa4hrwerteUnzubereitet pro 100 gEnergie889 kJEnergie212 kcalFett10 gFett, davon ges\xc3\xa4ttigte Fetts\xc3\xa4uren3,8 gKohlenhydrate0,5 gKohlenhydrate, davon Zucker0,5 gEiwei\xc3\x9f30 gSalz5 gArtikeldetailsMarke: CampofrioMaximale Bestellmenge: 15 St\xc3\xbcckF\xc3\xbcr die vorstehenden Angaben wird keine Haftung \xc3\xbcbernommen. Bitte pr\xc3\xbcfen Sie im Einzelfall die Angaben auf der jeweiligen Produktverpackung, nur diese sind verbindlich.Das Produktdesign kann von der Abbildung abweichen.'",Ladenburger Str. 68,Rewe,Topangebote,2023-07-09,"Gültig ab morgen bis Samstag, 15.07.2023"
Eisbergsalat,https://img.rewe-static.de/KLEIN28_2023/1366237/36750087-3_digital-image.png?impolicy=s-offers&imwidth=200&output-format=image/webp,,https://shop.rewe.de/productList?search=2832136,,"Kl. I , je St",Aktion,"0,75 €",nan,Ladenburger Str. 68,Rewe,Topangebote,2023-07-09,"Gültig ab morgen bis Samstag, 15.07.2023"
Lavazza Tierra Kaffeekapseln,https://img.rewe-static.de/KLEIN28_2023/8751427/35732387-9_digital-image.png?impolicy=s-offers&imwidth=200&output-format=image/webp,,https://shop.rewe.de/productList?search=2832136,,"je 55-g-Pckg , (1 kg = 45.27)",Aktion,"2,49 €","b'ProduktbeschreibungArtikelnummer 8751427ArtikeldetailsMarke: LavazzaEigenschaften: BioUrsprungsland: Italien\xc3\x96ko Kontrollstelle: IT-BIO-009Ort der Erzeugung: EU-LandwirtschaftKontaktKontaktname: Luigi Lavazza Deutschland GmbHKontaktadresse: Platz der Einheit 2, 60327 Frankfurt/M.F\xc3\xbcr die vorstehenden Angaben wird keine Haftung \xc3\xbcbernommen. Bitte pr\xc3\xbcfen Sie im Einzelfall die Angaben auf der jeweiligen Produktverpackung, nur diese sind verbindlich.Das Produktdesign kann von der Abbildung abweichen.'",Ladenburger Str. 68,Rewe,Dein Markt für italienischen Genuss,2023-07-09,"Gültig ab morgen bis Samstag, 15.07.2023"
Lavazza Espresso Kaffeekapseln,https://img.rewe-static.de/KLEIN28_2023/8810470/35732285-9_digital-image.png?impolicy=s-offers&imwidth=200&output-format=image/webp,,https://shop.rewe.de/productList?search=2832136,,"je 57-g-Pckg , (1 kg = 43.68)",Aktion,"2,49 €","b'ProduktbeschreibungArtikelnummer 8810470ArtikeldetailsMarke: LavazzaUrsprungsland: ItalienKontaktKontaktname: Luigi Lavazza Deutschland GmbHKontaktadresse: Platz der Einheit 260327 Frankfurt/M.F\xc3\xbcr die vorstehenden Angaben wird keine Haftung \xc3\xbcbernommen. Bitte pr\xc3\xbcfen Sie im Einzelfall die Angaben auf der jeweiligen Produktverpackung, nur diese sind verbindlich.Das Produktdesign kann von der Abbildung abweichen.'",Ladenburger Str. 68,Rewe,Dein Markt für italienischen Genuss,2023-07-09,"Gültig ab morgen bis Samstag, 15.07.2023"
Zitronen,https://img.rewe-static.de/KLEIN28_2023/8131318/8722460-33_digital-image.png?impolicy=s-offers&imwidth=200&output-format=image/webp,,https://shop.rewe.de/productList?search=2832136,,"Sorte: siehe Etikett, Kl. I , je 500-g-Netz , (1 kg = 2.58)",Aktion,"1,29 €",nan,Ladenburger Str. 68,Rewe,Dein Markt für italienischen Genuss,2023-07-09,"Gültig ab morgen bis Samstag, 15.07.2023"
Mövenpick Salted Caramel,https://img.rewe-static.de/KLEIN28_2023/7713567/38472507-14_digital-image.png?impolicy=s-offers&imwidth=200&output-format=image/webp,,https://shop.rewe.de/productList?search=2832136,,"je 800-ml-Becher , (1 l = 2.49)",Aktion,"1,99 €","b'ProduktbeschreibungArtikelnummer 7713567Eis mit Vanillegeschmack, mit gesalzener Karamellsauce, Karamellst\xc3\xbcckchen und kakaobutterhaltigen Konfektst\xc3\xbcckchen mit KaramellgeschmackZutaten & AllergeneZutaten: Entrahmte MILCH, MOLKENERZEUGNIS, Glukosesirup, Zucker,pflanzliche Fette (Kokos, Shea), gezuckerte KONDENSMILCH (eingedickte VOLLMILCH, Zucker, MILCHZUCKER), gezuckerte KONDENSMAGERMILCH (eingedickte entrahmte MILCH, Zucker), Emulgatoren (Mono- und Diglyceride von Speisefetts\xc3\xa4uren, Lecithine), Verdickungsmittel (Johannisbrotkernmehl, Guarkernmehl), Kakaobutter*, Salz, VOLLMILCHPULVER, BUTTERFETT, Feuchthaltemittel (Glycerin), f\xc3\xa4rbende Frucht- und Gem\xc3\xbcsekonzentrate (schwarze Johannisbeere, Apfel, Zitrone, Karotte, Rettich), f\xc3\xa4rbendes Saflorkonzentrat, nat\xc3\xbcrliche Vanillearomen, Kakaomasse*, MILCHZUCKER, nat\xc3\xbcrliche Aromen. *Rainforest Alliance-zertifiziert. Mehr Informationen unter ra.org.KANN SCHALENFR\xc3\x9cCHTE, GLUTENHALTIGE GETREIDE, SOJA UND EIER ENTHALTEN. Wichtig: Kleinkinder (unter 4 Jahren) verf\xc3\xbcgen\xc3\xbcber eine verminderte Kauf\xc3\xa4higkeit und k\xc3\xb6nnten sich an kleinen St\xc3\xbcckchen verschlucken.Allergenhinweise: MILCH, MOLKENERZEUGNIS, KONDENSMILCH, VOLLMILCH, MILCHZUCKER, KONDENSMAGERMILCH, VOLLMILCHPULVER, BUTTERFETT.Enth\xc3\xa4lt: Milch und Milcherzeugnisse (einschlie\xc3\x9flich Lactose). Kann enthalten: Glutenhaltiges Getreide und glutenhaltige Getreideerzeugnisse. Eier und Eierzeugnisse. N\xc3\xbcsse und Nusserzeugnisse. Soja und Sojaerzeugnisse.N\xc3\xa4hrwerteDurchschnittliche N\xc3\xa4hrwerteUnzubereitet pro 100 gEnergie1.009 kJEnergie240 kcalFett9,5 gFett, davon ges\xc3\xa4ttigte Fetts\xc3\xa4uren8,2 gKohlenhydrate37 gKohlenhydrate, davon Zucker29 gBallaststoffe< 0,5 gEiwei\xc3\x9f2 gSalz0,29 gHinweiseAufbewahrungs- und Verwendungshinweis: Bei -18 \xc2\xb0C mindestens haltbar bis Ende: siehe VerpackungsaufdruckInformation: Wichtig: Kleinkinder (unter 4 Jahren) verf\xc3\xbcgen\xc3\xbcber eine verminderte Kauf\xc3\xa4higkeit und k\xc3\xb6nnten sich an kleinen St\xc3\xbcckchen verschlucken.ArtikeldetailsMarke: M\xc3\xb6venpickUrsprungsland: DeutschlandKontaktKontaktname: FRONERI Sch\xc3\xb6ller GmbHKontaktadresse: D-90419 N\xc3\xbcrnbergMaximale Bestellmenge: 15 St\xc3\xbcckF\xc3\xbcr die vorstehenden Angaben wird keine Haftung \xc3\xbcbernommen. Bitte pr\xc3\xbcfen Sie im Einzelfall die Angaben auf der jeweiligen Produktverpackung, nur diese sind verbindlich.Das Produktdesign kann von der Abbildung abweichen.'",Ladenburger Str. 68,Rewe,Dein Markt für italienischen Genuss,2023-07-09,"Gültig ab morgen bis Samstag, 15.07.2023"
Mövenpick Stracciatella Classico,https://img.rewe-static.de/KLEIN28_2023/8725654/35463369-11_digital-image.png?impolicy=s-offers&imwidth=200&output-format=image/webp,,https://shop.rewe.de/productList?search=2832136,,"je 900-ml-Becher , (1 l = 2.21)",Aktion,"1,99 €","b'ProduktbeschreibungArtikelnummer 8725654Cremiges Eis mit Stracciatellageschmack mit Schokoladenst\xc3\xbcckchen und einer Schokoladensauce.Zutaten & AllergeneZutaten: Entrahmte MILCH, MOLKENERZEUGNIS, Glukosesirup, Zucker, Kokosfett, Soja\xc3\xb6l, VOLLMILCHPULVER, fettarmer Kakao** (1,3 %), Kakaobutter**, Kakaomasse**, Emulgatoren (Mono- und Diglyceride von Speisefetts\xc3\xa4uren, Lecithine (SOJA)), Verdickungsmittel (Johannisbrotkernmehl, Guarkernmehl), nat\xc3\xbcrliche Aromen (enthalten MILCH), Aroma. **Rainforest Alliance-zertifiziert. Mehr Informationen unter ra.org. KANN SCHALENFR\xc3\x9cCHTE, GLUTENHALTIGE GETREIDE UND EIER ENTHALTEN. Wichtig: Kleinkinder (unter 4 Jahren) verf\xc3\xbcgen \xc3\xbcber eine verminderte Kauf\xc3\xa4higkeit und k\xc3\xb6nnten sich an kleinen St\xc3\xbcckchen verschlucken.Allergenhinweise: Milch, Molkenerzeugnis, Schlagsahne, SojaEnth\xc3\xa4lt: Milch und Milcherzeugnisse (einschlie\xc3\x9flich Lactose). Soja und Sojaerzeugnisse. Kann enthalten: Eier und Eierzeugnisse. N\xc3\xbcsse und Nusserzeugnisse. Glutenhaltiges Getreide und glutenhaltige Getreideerzeugnisse.N\xc3\xa4hrwerteDurchschnittliche N\xc3\xa4hrwerteUnzubereitet pro 100 gEnergie1.079 kJEnergie258 kcalFett15 gFett, davon ges\xc3\xa4ttigte Fetts\xc3\xa4uren9,9 gKohlenhydrate28 gKohlenhydrate, davon Zucker23 gBallaststoffe0,7 gEiwei\xc3\x9f2,9 gSalz0,09 gHinweiseAufbewahrungs- und Verwendungshinweis: Bei -18 \xc2\xb0C mindestens haltbar bis Ende: siehe VerpackungsaufdruckInformation: Wichtig: Kleinkinder (unter 4 Jahren) verf\xc3\xbcgen \xc3\xbcber eine verminderte Kauf\xc3\xa4higkeit und k\xc3\xb6nnten sich an kleinen St\xc3\xbcckchen verschlucken. Packung enth\xc3\xa4lt 9 Portionen. Portionen sollten f\xc3\xbcr Kinder entsprechend ihrem Alter angepasst werden.ArtikeldetailsMarke: M\xc3\xb6venpickUrsprungsland: DeutschlandKontaktKontaktname: FRONERI Sch\xc3\xb6ller GmbHKontaktadresse: D-90419 N\xc3\xbcrnbergMaximale Bestellmenge: 15 St\xc3\xbcckF\xc3\xbcr die vorstehenden Angaben wird keine Haftung \xc3\xbcbernommen. Bitte pr\xc3\xbcfen Sie im Einzelfall die Angaben auf der jeweiligen Produktverpackung, nur diese sind verbindlich.Das Produktdesign kann von der Abbildung abweichen.'",Ladenburger Str. 68,Rewe,Dein Markt für italienischen Genuss,2023-07-09,"Gültig ab morgen bis Samstag, 15.07.2023"
Arla Finello Gratinkäse,https://img.rewe-static.de/KLEIN28_2023/0674328/21064797-16_digital-image.png?impolicy=s-offers&imwidth=200&output-format=image/webp,,https://shop.rewe.de/productList?search=2832136,,"dän. Reibekäse , je 150-g-Pckg , (1 kg = 9.93)",Aktion,"1,49 €","b'ProduktbeschreibungArtikelnummer 674328Zutaten & AllergeneZutaten: K\xc3\x84SE, Kartoffelst\xc3\xa4rke.Allergenhinweise: Enth\xc3\xa4lt: Milch und Milcherzeugnisse (einschlie\xc3\x9flich Lactose).N\xc3\xa4hrwerteDurchschnittliche N\xc3\xa4hrwerteUnzubereitet pro 100 gEnergie1.305 kJEnergie314 kcalFett23 gFett, davon ges\xc3\xa4ttigte Fetts\xc3\xa4uren14 gKohlenhydrate2,8 gKohlenhydrate, davon Zucker0,6 gEiwei\xc3\x9f24 gSalz1,5 gHinweiseAufbewahrungs- und Verwendungshinweis: Nach dem \xc3\x96ffnen k\xc3\xbchl aufbewahren.Bei 8 \xc2\xb0C mindestens haltbar bis: siehe VerpackungsaufdruckInformation: Unter Schutzatmosph\xc3\xa4re verpackt.ArtikeldetailsMarke: ArlaUrsprungsland: D\xc3\xa4nemarkSorte: Gratink\xc3\xa4seKontaktKontaktname: Arla Foods ambaKontaktadresse: DK-8260 Viby JMaximale Bestellmenge: 15 St\xc3\xbcckF\xc3\xbcr die vorstehenden Angaben wird keine Haftung \xc3\xbcbernommen. Bitte pr\xc3\xbcfen Sie im Einzelfall die Angaben auf der jeweiligen Produktverpackung, nur diese sind verbindlich.Das Produktdesign kann von der Abbildung abweichen.'",Ladenburger Str. 68,Rewe,Dein Markt für italienischen Genuss,2023-07-09,"Gültig ab morgen bis Samstag, 15.07.2023"
Barilla Pesto alla Genovese,https://img.rewe-static.de/KLEIN28_2023/4840313/35802412-11_digital-image.png?impolicy=s-offers&imwidth=200&output-format=image/webp,,https://shop.rewe.de/productList?search=2832136,,"je 190-g-Glas , (1 kg = 10.47)",Aktion,"1,99 €","b'ProduktbeschreibungArtikelnummer 4840313Zutaten & AllergeneZutaten: pflanzliche \xc3\x96le (Olive, Sonnenblume), frisches Basilikum 30%, CASHEWKERNE, Parmigiano Reggiano g.U. K\xc3\xa4se 5% (MILCH), Maisfaser, Molkepulver (MILCH), Salz, MILCHeiweiss, natives Oliven\xc3\xb6l extra, Zucker, Basilikumextrakt, nat\xc3\xbcrliche Aromen (MILCH), S\xc3\xa4ureregulator: Milchs\xc3\xa4ure, Knoblauch. Kann Spuren von anderen Schalenfr\xc3\xbcchten (Hartschalenobst) enthalten.Allergenhinweise: Enth\xc3\xa4lt: Milch und Milcherzeugnisse (einschlie\xc3\x9flich Lactose). N\xc3\xbcsse und Nusserzeugnisse. Kaschunuss und Kaschunusserzeugnisse.N\xc3\xa4hrwerteDurchschnittliche N\xc3\xa4hrwerteUnzubereitet pro 100 gEnergie1.989 kJEnergie482 kcalFett46 gFett, davon ges\xc3\xa4ttigte Fetts\xc3\xa4uren7,1 gKohlenhydrate9,8 gKohlenhydrate, davon Zucker5,5 gBallaststoffe5 gEiwei\xc3\x9f4,7 gSalz3,25 gHinweiseAufbewahrungs- und Verwendungshinweis: Nach dem \xc3\x96ffnen gek\xc3\xbchlt 5 Tage haltbar.ArtikeldetailsMarke: BarillaUrsprungsland: ItalienKontaktKontaktname: Barilla G. e R. Fratelli S.p.A.Kontaktadresse: Via Mantova 166, Parma - ItalyMaximale Bestellmenge: 15 St\xc3\xbcckF\xc3\xbcr die vorstehenden Angaben wird keine Haftung \xc3\xbcbernommen. Bitte pr\xc3\xbcfen Sie im Einzelfall die Angaben auf der jeweiligen Produktverpackung, nur diese sind verbindlich.Das Produktdesign kann von der Abbildung abweichen.'",Ladenburger Str. 68,Rewe,Dein Markt für italienischen Genuss,2023-07-09,"Gültig ab morgen bis Samstag, 15.07.2023"
Barilla Pesto Basilico Vegan,https://img.rewe-static.de/KLEIN28_2023/3263361/26586190-10_digital-image.png?impolicy=s-offers&imwidth=200&output-format=image/webp,,https://shop.rewe.de/productList?search=2832136,,"je 195-g-Glas , (1 kg = 10.21)",Aktion,"1,99 €","b'ProduktbeschreibungArtikelnummer 3263361Zutaten & AllergeneZutaten: Basilikum 35,6%, pflanzliche \xc3\x96le (Olive, Sonnenblume), CASHEWKERNE, Glukosesirup, Wasser, modifizierte Maisst\xc3\xa4rke, Salz, nat\xc3\xbcrliche Aromen, natives Oliven\xc3\xb6l extra, Zucker, S\xc3\xa4ureregulator Milchs\xc3\xa4ure. Kann Spuren von anderen Schalenfr\xc3\xbcchten (Hartschalenobst) enthalten.Allergenhinweise: Enth\xc3\xa4lt: Kaschunuss und Kaschunusserzeugnisse. Kann enthalten: N\xc3\xbcsse und Nusserzeugnisse.N\xc3\xa4hrwerteDurchschnittliche N\xc3\xa4hrwerteUnzubereitet pro 100 gEnergie1.780 kJEnergie431 kcalFett41 gFett, davon ges\xc3\xa4ttigte Fetts\xc3\xa4uren5,5 gKohlenhydrate12 gKohlenhydrate, davon Zucker3,3 gBallaststoffe2 gEiwei\xc3\x9f2,5 gSalz3 gHinweiseAufbewahrungs- und Verwendungshinweis: Nach dem \xc3\x96ffnen gek\xc3\xbchlt 5 Tage haltbar.ArtikeldetailsMarke: BarillaEigenschaften: Vegan, Vegetarisch, LaktosefreiUrsprungsland: ItalienKontaktKontaktname: Barilla G. e R. Fratelli - Societ\xc3\xa0 per AzioniKontaktadresse: Via Mantova 166, Parma - ItalyMaximale Bestellmenge: 15 St\xc3\xbcckF\xc3\xbcr die vorstehenden Angaben wird keine Haftung \xc3\xbcbernommen. Bitte pr\xc3\xbcfen Sie im Einzelfall die Angaben auf der jeweiligen Produktverpackung, nur diese sind verbindlich.Das Produktdesign kann von der Abbildung abweichen.'",Ladenburger Str. 68,Rewe,Dein Markt für italienischen Genuss,2023-07-09,"Gültig ab morgen bis Samstag, 15.07.2023"
Barilla Collezione Farfalle,https://img.rewe-static.de/KLEIN28_2023/7905005/32879874-15_digital-image.png?impolicy=s-offers&imwidth=200&output-format=image/webp,,https://shop.rewe.de/productList?search=2832136,,"je 500-g-Pckg , (1 kg = 3.58)",Aktion,"1,79 €","b'ProduktbeschreibungArtikelnummer 7905005Zutaten & AllergeneZutaten: HARTWEIZENGRIESS, Wasser. Kann Spuren von Sojabohnen enthalten.Allergenhinweise: Enth\xc3\xa4lt: Weizen und Weizenerzeugnisse (glutenhaltiges Getreide). Glutenhaltiges Getreide und glutenhaltige Getreideerzeugnisse. Kann enthalten: Soja und Sojaerzeugnisse.N\xc3\xa4hrwerteDurchschnittliche N\xc3\xa4hrwerteUnzubereitet pro 100 gEnergie1.521 kJEnergie359 kcalFett2 gFett, davon ges\xc3\xa4ttigte Fetts\xc3\xa4uren0,5 gKohlenhydrate71,2 gKohlenhydrate, davon Zucker3,5 gBallaststoffe3 gEiwei\xc3\x9f12,5 gSalz0,013 gHinweiseAufbewahrungs- und Verwendungshinweis: Trocken, vor Licht und W\xc3\xa4rme gesch\xc3\xbctzt lagern.ArtikeldetailsMarke: BarillaUrsprungsland: ItalienKontaktKontaktname: Barilla G. e R. Fratelli S.p.A.Kontaktadresse: Via Mantova 166, Parma - ItalyMaximale Bestellmenge: 15 St\xc3\xbcckF\xc3\xbcr die vorstehenden Angaben wird keine Haftung \xc3\xbcbernommen. Bitte pr\xc3\xbcfen Sie im Einzelfall die Angaben auf der jeweiligen Produktverpackung, nur diese sind verbindlich.Das Produktdesign kann von der Abbildung abweichen.'",Ladenburger Str. 68,Rewe,Dein Markt für italienischen Genuss,2023-07-09,"Gültig ab morgen bis Samstag, 15.07.2023"
REWE Beste Wahl Balsamico Creme,https://img.rewe-static.de/KLEIN28_2023/0888363/23928271-32_digital-image.png?impolicy=s-offers&imwidth=200&output-format=image/webp,,https://shop.rewe.de/productList?search=2832136,,"je 250-ml-Fl , (1 l = 7.16)",Aktion,"1,79 €","b'ProduktbeschreibungArtikelnummer 888363Ihr au\xc3\x9fergew\xc3\xb6hnlicher Geschmack ist ideal zur Verfeinerung von Salaten, Gem\xc3\xbcse und Fleisch geeinigt.\n\nHergestellt f\xc3\xbcr: REWE Markt GmbH, D-50603 K\xc3\xb6ln. Zutaten & AllergeneZutaten: Traubenmostkonzentrat, Aceto Balsamico di Modena IGP 39% (Traubenmostkonzentrat, Weinessig, Farbstoff Ammonsulfit-Zuckerkul\xc3\xb6r, Antioxidationsmittel KALIUMMETABISULFIT), Weinessig, Verdickungsmittel (Guarkernmehl, Xanthan). Zusatzstoffe: E 150d, E 224, E 412, E 415Allergenhinweise: Schwefeldioxid und Sulfite in einer Konzentration von mehr als 10 mg/kg oder 10 mg/l, als SO2 angegebenN\xc3\xa4hrwerteDurchschnittliche N\xc3\xa4hrwertepro 100 mlEnergie938 kJEnergie220 kcalFett0 gFett, davon ges\xc3\xa4ttigte Fetts\xc3\xa4uren0 gKohlenhydrate52,5 gKohlenhydrate, davon Zucker43,5 gEiwei\xc3\x9f0,5 gSalz1,14 gHinweiseAufbewahrungshinweise: Nach dem \xc3\x96ffnen im K\xc3\xbchlschrank aufbewahren.Verwendungshinweise: Trocken lagern. Vor W\xc3\xa4rme sch\xc3\xbctzen.ArtikeldetailsMarke: REWE Beste WahlUrsprungsland: ItalienKontaktKontaktname: Drogheria e Alimentari Deutschland GmbHKontaktadresse: H\xc3\xbcttenstrasse 87, 87600 Kaufbeuren, DeutschlandMaximale Bestellmenge: 15 St\xc3\xbcckF\xc3\xbcr die vorstehenden Angaben wird keine Haftung \xc3\xbcbernommen. Bitte pr\xc3\xbcfen Sie im Einzelfall die Angaben auf der jeweiligen Produktverpackung, nur diese sind verbindlich.Das Produktdesign kann von der Abbildung abweichen.'",Ladenburger Str. 68,Rewe,Dein Markt für italienischen Genuss,2023-07-09,"Gültig ab morgen bis Samstag, 15.07.2023"
Barilla Spaghetti Al Bronzo,https://img.rewe-static.de/KLEIN28_2023/8745035/37803714-8_digital-image.png?impolicy=s-offers&imwidth=200&output-format=image/webp,,https://shop.rewe.de/productList?search=2832136,,"je 400-g-Pckg , (1 kg = 4.48)",Aktion,"1,79 €","b'ProduktbeschreibungArtikelnummer 8745035Zutaten & AllergeneZutaten: HARTWEIZENGRIESS, Wasser. Kann Spuren von Sojabohnen und Senf enthalten.Allergenhinweise: Enth\xc3\xa4lt: Weizen und Weizenerzeugnisse (glutenhaltiges Getreide). Glutenhaltiges Getreide und glutenhaltige Getreideerzeugnisse. Kann enthalten: Soja und Sojaerzeugnisse. Senf- und Senferzeugnisse.N\xc3\xa4hrwerteDurchschnittliche N\xc3\xa4hrwerteUnzubereitet pro 100 gEnergie1.521 kJEnergie359 kcalFett2 gFett, davon ges\xc3\xa4ttigte Fetts\xc3\xa4uren0,4 gKohlenhydrate69,7 gKohlenhydrate, davon Zucker3,5 gBallaststoffe3 gEiwei\xc3\x9f14 gSalz0,013 gHinweiseAufbewahrungs- und Verwendungshinweis: Trocken, vor Licht und W\xc3\xa4rme gesch\xc3\xbctzt lagern.ArtikeldetailsMarke: BarillaUrsprungsland: ItalienKontaktKontaktname: Barilla G. e R. Fratelli S.p.A.Kontaktadresse: Via Mantova 166, Parma - ItalyMaximale Bestellmenge: 15 St\xc3\xbcckF\xc3\xbcr die vorstehenden Angaben wird keine Haftung \xc3\xbcbernommen. Bitte pr\xc3\xbcfen Sie im Einzelfall die Angaben auf der jeweiligen Produktverpackung, nur diese sind verbindlich.Das Produktdesign kann von der Abbildung abweichen.'",Ladenburger Str. 68,Rewe,Dein Markt für italienischen Genuss,2023-07-09,"Gültig ab morgen bis Samstag, 15.07.2023"
Rana Tortelloni,https://img.rewe-static.de/KLEIN28_2023/8657317/33918696-8_digital-image.png?impolicy=s-offers&imwidth=200&output-format=image/webp,,https://shop.rewe.de/productList?search=2832136,,"versch. Sorten , je 250-g-Pckg , (1 kg = 10.76)",Aktion,"2,69 €","b'ProduktbeschreibungArtikelnummer 8657317Zutaten & AllergeneZutaten: F\xc3\x9cLLUNG 53%: Basilikum Pesto 35%,(Sonnenblumen\xc3\xb6l, Basilikum 27% Pecorino Romano g.U. (gesch\xc3\xbctzte Ursprungsbezeichnung) K\xc3\x84SE 14%, KACHUN\xc3\x9cSSE, geriebener K\xc3\x84SE, Kochsalz, Pinienkerne 3%), Ricotta 33% (MOLKE, MILCH, Kochsalz), Pflanzenfasern (Mais und Kartoffeln) Mozzarella K\xc3\x84SE, Paniermehl (WeichWEIZENmehl, Wasser, Kochsalz, Hefe), LAKTOSE, St\xc3\xa4rke, nat\xc3\xbcrliche Aromen (enth\xc3\xa4lt GERSTE). TEIGWAREN 47%: WeichWEIZENmehl, EIER 30%,HartWEIZENgrie\xc3\x9f. Hergestellt in einem Werk, das auch SCHALENFR\xc3\x9cCHTE, FISCHE, KREBSTIERE, WICHTIERE, SOJABOHNEN und SELLERIE verwendet.Allergenhinweise: Enth\xc3\xa4lt: Glutenhaltiges Getreide und glutenhaltige Getreideerzeugnisse. Milch und Milcherzeugnisse (einschlie\xc3\x9flich Lactose). N\xc3\xbcsse und Nusserzeugnisse. Eier und Eierzeugnisse. Kann enthalten: Krebstiere und Krebstiererzeugnisse. Weichtiere und Weichtiererzeugnisse. Fisch und Fischerzeugnisse. Soja und Sojaerzeugnisse. Sellerie und Sellerieerzeugnisse.N\xc3\xa4hrwerteDurchschnittliche N\xc3\xa4hrwerteUnzubereitet pro 100 gEnergie1.225 kJEnergie292 kcalFett12 gFett, davon ges\xc3\xa4ttigte Fetts\xc3\xa4uren3,1 gKohlenhydrate32 gKohlenhydrate, davon Zucker4,1 gBallaststoffe6,2 gEiwei\xc3\x9f11 gSalz0,98 gHinweiseAufbewahrungs- und Verwendungshinweis: Im K\xc3\xbchlschrank bei +4\xc2\xb0C bis max. +7\xc2\xb0C aufbewahren. Nach dem \xc3\x96ffnen innerhalb von 3 Tagen verbrauchen.Information: Unter Schutzatmosph\xc3\xa4re verpackt.ArtikeldetailsMarke: Giovanni RanaUrsprungsland: ItalienKontaktKontaktname: Pastificio RANA S.p.A.Kontaktadresse: Via Pacinotti, 25 - 37057 San Giovanni Lupatoto (VR) - ItaliaMaximale Bestellmenge: 15 St\xc3\xbcckF\xc3\xbcr die vorstehenden Angaben wird keine Haftung \xc3\xbcbernommen. Bitte pr\xc3\xbcfen Sie im Einzelfall die Angaben auf der jeweiligen Produktverpackung, nur diese sind verbindlich.Das Produktdesign kann von der Abbildung abweichen.'",Ladenburger Str. 68,Rewe,Dein Markt für italienischen Genuss,2023-07-09,"Gültig ab morgen bis Samstag, 15.07.2023"
Alta Badia,https://img.rewe-static.de/KLEIN28_2023/0351001/26962937-8_digital-image.png?impolicy=s-offers&imwidth=200&output-format=image/webp,,https://shop.rewe.de/productList?search=2832136,,"ital. Hartkäse, mind. 50% Fett i.Tr. , je 100 g",Aktion,"1,99 €","b'ProduktbeschreibungArtikelnummer 351001Frisch f\xc3\xbcr dich aus unserer Servicetheke. \n \nZutaten: pasteurisierte MILCH, Salz, MILCHS\xc3\x84UREBAKTERIEN, tierisches Lab, Konservierungsstoff: LYSOZYM (aus EI), Natamycin, Farbstoff: AMMONSULFITZUCKERKUL\xc3\x96R \n \nLaktosefrei* \n*Laktosegehalt: unter 0, 1g/100g \n \nRinde nicht zum Verzehr geeignet! \n \nN\xc3\xa4hrwerte je 100g: \nEnergie: 1704kJ \nEnergie: 411kcal \nFett: 33,5g \nFett, davon ges\xc3\xa4ttigte Fetts\xc3\xa4uren: 24,1g \nKohlenhydrate: 0,1g \nKohlenhydrate, davon Zucker: 0,1g \nEiwei\xc3\x9f: 27,3g \nSalz: 1,7g ArtikeldetailsEigenschaften: LaktosefreiMaximale Bestellmenge: 15 St\xc3\xbcckF\xc3\xbcr die vorstehenden Angaben wird keine Haftung \xc3\xbcbernommen. Bitte pr\xc3\xbcfen Sie im Einzelfall die Angaben auf der jeweiligen Produktverpackung, nur diese sind verbindlich.Das Produktdesign kann von der Abbildung abweichen.'",Ladenburger Str. 68,Rewe,Dein Markt für italienischen Genuss,2023-07-09,"Gültig ab morgen bis Samstag, 15.07.2023"
Belli Cantuccini,https://img.rewe-static.de/KLEIN28_2023/0218662/22322908-38_digital-image.png?impolicy=s-offers&imwidth=200&output-format=image/webp,,https://shop.rewe.de/productList?search=2832136,,"je 250-g-Btl , (1 kg = 10.36)",Aktion,"2,59 €","b""ProduktbeschreibungArtikelnummer 218662Mit 25% Mandelanteil. Zutaten & AllergeneZutaten: WEIZENMEHL, Zucker, MANDELN (25%), pasteurisierte VOLLEIER, pasteurisiertes H\xc3\x9cHNEREIGELB, BUTTER, Bl\xc3\xbctenhonig, Salz. Backtriebmittel: Ammoniumhydrogencarbonat, Dinatriumdiphosphat, Natriumhydrogencarbonat, Aromen. Kann Spuren von anderen SCHALENFR\xc3\x9cCHTEN und SOJA enthalten.Allergenhinweise: Enth\xc3\xa4lt: Weizen und Weizenerzeugnisse (glutenhaltiges Getreide). Mandeln und Mandelerzeugnisse. Eier und Eierzeugnisse. Milch und Milcherzeugnisse (einschlie\xc3\x9flich Lactose). Kann enthalten: Soja und Sojaerzeugnisse. N\xc3\xbcsse und Nusserzeugnisse.N\xc3\xa4hrwerteDurchschnittliche N\xc3\xa4hrwerteUnzubereitet pro 100 gEnergie1.774 kJEnergie424 kcalFett16 gFett, davon ges\xc3\xa4ttigte Fetts\xc3\xa4uren3 gKohlenhydrate60 gKohlenhydrate, davon Zucker32 gEiwei\xc3\x9f10 gSalz0,06 gHinweiseAufbewahrungs- und Verwendungshinweis: K\xc3\xbchl und trocken lagern.ArtikeldetailsUrsprungsland: ItalienKontaktKontaktname: Biscottificio Belli srlKontaktadresse: Via dell'Albereto, 26/28/30, I-50041 Calenzano - FirenzeMaximale Bestellmenge: 15 St\xc3\xbcckF\xc3\xbcr die vorstehenden Angaben wird keine Haftung \xc3\xbcbernommen. Bitte pr\xc3\xbcfen Sie im Einzelfall die Angaben auf der jeweiligen Produktverpackung, nur diese sind verbindlich.Das Produktdesign kann von der Abbildung abweichen.""",Ladenburger Str. 68,Rewe,Dein Markt für italienischen Genuss,2023-07-09,"Gültig ab morgen bis Samstag, 15.07.2023"
Galbani Mozzarella Mini,https://img.rewe-static.de/KLEIN28_2023/0594382/965610-29_digital-image.png?impolicy=s-offers&imwidth=200&output-format=image/webp,,https://shop.rewe.de/productList?search=2832136,,"38% Fett i.Tr. , je 260-g-Pckg , (1 kg = 13.27) , 150-g-Abtropfgew.",Aktion,"1,99 €","b'ProduktbeschreibungArtikelnummer 594382Zutaten & AllergeneZutaten: pasteurisierte KuhMILCH, Lab, Salz, S\xc3\xa4uerungsmittel:Zitronens\xc3\xa4ureAllergenhinweise: Enth\xc3\xa4lt: Milch und Milcherzeugnisse (einschlie\xc3\x9flich Lactose).N\xc3\xa4hrwerteDurchschnittliche N\xc3\xa4hrwerteUnzubereitet pro 100 gEnergie819 kJEnergie197 kcalFett13,5 gFett, davon ges\xc3\xa4ttigte Fetts\xc3\xa4uren9,4 gKohlenhydrate1,3 gKohlenhydrate, davon Zucker0,6 gEiwei\xc3\x9f17,5 gSalz0,6 gHinweiseAufbewahrungs- und Verwendungshinweis: bei 8\xc2\xb0C mindestens haltbar bis: siehe VerpackungsaufdruckArtikeldetailsMarke: GalbaniNettof\xc3\xbcllmenge: 260 GUrsprungsland: ItalienAbtropfgewicht: 150 gKontaktKontaktname: Lactalis Deutschland GmbHKontaktadresse: Am Yachthafen 2, 77694 KehlMaximale Bestellmenge: 15 St\xc3\xbcckF\xc3\xbcr die vorstehenden Angaben wird keine Haftung \xc3\xbcbernommen. Bitte pr\xc3\xbcfen Sie im Einzelfall die Angaben auf der jeweiligen Produktverpackung, nur diese sind verbindlich.Das Produktdesign kann von der Abbildung abweichen.'",Ladenburger Str. 68,Rewe,Dein Markt für italienischen Genuss,2023-07-09,"Gültig ab morgen bis Samstag, 15.07.2023"
Mionetto Prosecco Spumante DOC,https://img.rewe-static.de/KLEIN28_2023/2104631/22280027-24_digital-image.png?impolicy=s-offers&imwidth=200&output-format=image/webp,,https://shop.rewe.de/productList?search=2832136,,"versch. Sorten , je 0,75-l-Fl , (1 l = 9.32)",Aktion,"6,99 €","b""Bestellung ab 18 Jahren.F\xc3\xbcr dieses Produkt gilt das Jugendschutzgesetz.ProduktbeschreibungArtikelnummer 2104631Der Prosecco D.O.C. Treviso Brut der Prestige-Linie \xc3\xbcberrascht selbst ausgesprochene Kenner. \nDieser hochwertige Spumante interpretiert die Kategorie 'Brut' v\xc3\xb6llig neu und z\xc3\xa4hlt geschmacklich zu den modernsten seiner Klasse. \nDer Prosecco D.O.C. Treviso Brut besticht durch seine leuchtend strohgelbe Farbe, intensive Perlage, ein fruchtiges Bukett nach Golden Delicious \xc3\x84pfeln und Birnen \nsowie durch feine Aromen nach Akazienhonig. Mionetto Prosecco D.O.C. Treviso Brut zeichnet sich durch sein elegantes Design aus. Das raffiniert moderne Etikett im 27-Grad-Winkel spiegelt sich in der Halsschleife wider.\n\nAlkoholgehalt: 11% Vol.... mehr anzeigenZutaten & AllergeneZutaten:  Enth\xc3\xa4lt Sulfite Zusatzstoffe: E 220Allergenhinweise: Schwefeldioxid und Sulfite in einer Konzentration von mehr als 10 mg/kg oder 10 mg/l, als SO2 angegebenArtikeldetailsMarke: MionettoUrsprungsland: ItalienKontaktKontaktname: Mionetto SPAKontaktadresse: Valdobbiadene, ItalienMaximale Bestellmenge: 15 St\xc3\xbcckF\xc3\xbcr die vorstehenden Angaben wird keine Haftung \xc3\xbcbernommen. Bitte pr\xc3\xbcfen Sie im Einzelfall die Angaben auf der jeweiligen Produktverpackung, nur diese sind verbindlich.Das Produktdesign kann von der Abbildung abweichen.""",Ladenburger Str. 68,Rewe,Dein Markt für italienischen Genuss,2023-07-09,"Gültig ab morgen bis Samstag, 15.07.2023"
Cellini Grappa Oro,https://img.rewe-static.de/KLEIN28_2023/9687947/3673940-23_digital-image.png?impolicy=s-offers&imwidth=200&output-format=image/webp,,https://shop.rewe.de/productList?search=2832136,,"38% Vol. , je 0,7-l-Fl , (1 l = 12.84)",Aktion,"8,99 €","b'Bestellung ab 18 Jahren.F\xc3\xbcr dieses Produkt gilt das Jugendschutzgesetz.ProduktbeschreibungArtikelnummer 9687947Zutaten & AllergeneAllergenhinweise: Enth\xc3\xa4lt: Keine deklarationspflichtigen Allergene enthalten.HinweiseAufbewahrungs- und Verwendungshinweis: Lagerf\xc3\xa4higkeit 2-3 Jahre, bei Zimmertemperatur servierenArtikeldetailsMarke: CelliniUrsprungsland: ItalienAlkoholgehalt: 38 % Vol.KontaktKontaktname: Rolf Herzberger GmbH & Co. KGKontaktadresse: Am Felsbrunnen 8, 66119 Saarbr\xc3\xbcckenMaximale Bestellmenge: 15 St\xc3\xbcckF\xc3\xbcr die vorstehenden Angaben wird keine Haftung \xc3\xbcbernommen. Bitte pr\xc3\xbcfen Sie im Einzelfall die Angaben auf der jeweiligen Produktverpackung, nur diese sind verbindlich.Das Produktdesign kann von der Abbildung abweichen.'",Ladenburger Str. 68,Rewe,Dein Markt für italienischen Genuss,2023-07-09,"Gültig ab morgen bis Samstag, 15.07.2023"
Bertolli Brotaufstrich,https://img.rewe-static.de/KLEIN28_2023/4942531/3398660-52_digital-image.png?impolicy=s-offers&imwidth=200&output-format=image/webp,,https://shop.rewe.de/productList?search=2832136,,"mit mildem Olivenöl , je 250-g-Becher , (1 kg = 5.56)",Aktion,"1,39 €","b'ProduktbeschreibungArtikelnummer 4942531- Das Gute des Olivenbaums \n- Enth\xc3\xa4lt viele einfach unges\xc3\xa4ttigte Fetts\xc3\xa4uren \n- F\xc3\xbcr eine gesunde, ausgewogene Ern\xc3\xa4hrung. \n- Passt hervorragend zu herzhafen Brotbel\xc3\xa4gen \n- Aber auch zu S\xc3\xbc\xc3\x9fem, wie Marmelade oder Honig \n \nDas \xe2\x80\x9eGute des Olivenbaums\xe2\x80\x9c t\xc3\xa4glich aufs Brot! \nDer BERTOLLI Brotaufstrich enth\xc3\xa4lt viele einfach unges\xc3\xa4ttigte Fetts\xc3\xa4uren, die einen wichtigen Bestandteil der traditionellen mediterranen Ern\xc3\xa4hrung darstellen. \nDer BERTOLLI Brotaufstrich tr\xc3\xa4gt somit dem Trend nach einer gesunden und ausgewogenen Ern\xc3\xa4hrung Rechnung. \nEr passt hervorragend sowohl zu herzhaften Brotbel\xc3\xa4gen als auch zu S\xc3\xbc\xc3\x9fem, wie Marmelade oder Honig. Zu den beliebtesten Brotsorten geh\xc3\xb6ren Focaccia, Tramezzino, Ciabatta und Bruschetta. Die mediterranen Brotspezialit\xc3\xa4ten werden oft zusammen mit Tomaten, Oliven und anderen Leckereien als kleiner Imbiss f\xc3\xbcr zwischendurch gereicht. \nDie K\xc3\xbcche Italiens geh\xc3\xb6rt zu den bekanntesten und beliebtesten K\xc3\xbcchen der Welt. Vollkommen zu Recht, denn sie besticht durch ihre frischen Zutaten, ihren Abwechslungsreichtum und gilt zudem als gesund. Hier finden Sie typisch italienische K\xc3\xb6stlichkeiten, mit denen Sie sich \xe2\x80\x9ela Dolce Vita\xe2\x80\x9c in Ihr eigenes Zuhause holen k\xc3\xb6nnen. \n \nBERTOLLI Brotaufstrich ist in 250g und 500g Packungen erh\xc3\xa4ltlich.... mehr anzeigenDas Gute des OlivenbaumsZutaten & AllergeneZutaten: Trinkwasser, pflanzliche \xc3\x96le und Fette (Raps, Palm, Palm ganz geh\xc3\xa4rtet), 7,5% Oliven\xc3\xb6l, BUTTERMILCH, modifizierte St\xc3\xa4rke, Speisesalz (0,4%), Emulgatoren (Mono- und Diglyceride von Speisefetts\xc3\xa4uren, Lecithine), Konservierungsstoff (Kaliumsorbat), S\xc3\xa4uerungsmittel (Citronens\xc3\xa4ure), Aroma, Vitamine (A, D), Farbstoff (Carotin).Allergenhinweise: Enth\xc3\xa4lt: Milch und Milcherzeugnisse (einschlie\xc3\x9flich Lactose).N\xc3\xa4hrwerteDurchschnittliche N\xc3\xa4hrwerteUnzubereitet pro 100 gEnergie1.445 kJEnergie339 kcalFett38 gFett, davon ges\xc3\xa4ttigte Fetts\xc3\xa4uren9 gKohlenhydrate1,7 gKohlenhydrate, davon Zucker< 0,5 gEiwei\xc3\x9f< 0,5 gSalz0,4 gVitamin A800 \xc2\xb5gVitamin D7,5 \xc2\xb5gHinweiseAufbewahrungs- und Verwendungshinweis: Beste Lagerung zwischen +2\xc2\xb0C und +15\xc2\xb0CArtikeldetailsMarke: BertolliUrsprungsland: NiederlandePackungsgr\xc3\xb6\xc3\x9fe: 250gKontaktKontaktname: Upfield Deutschland GmbHKontaktadresse: Valentinskamp 88-90, 20355 HamburgMaximale Bestellmenge: 15 St\xc3\xbcckF\xc3\xbcr die vorstehenden Angaben wird keine Haftung \xc3\xbcbernommen. Bitte pr\xc3\xbcfen Sie im Einzelfall die Angaben auf der jeweiligen Produktverpackung, nur diese sind verbindlich.Das Produktdesign kann von der Abbildung abweichen.'",Ladenburger Str. 68,Rewe,Dein Markt für italienischen Genuss,2023-07-09,"Gültig ab morgen bis Samstag, 15.07.2023"
REWE Beste Wahl Gnocchi,https://img.rewe-static.de/KLEIN28_2023/0118000/23128380-35_digital-image.png?impolicy=s-offers&imwidth=200&output-format=image/webp,,https://shop.rewe.de/productList?search=2832136,,"frische, italienische Kartoffelklößchen aus 78% Kartoffelpüree , je 400-g-Btl , (1 kg = 3.73)",Aktion,"1,49 €","b'ProduktbeschreibungArtikelnummer 118000Zutaten & AllergeneZutaten: Kartoffelp\xc3\xbcree 80% (Wasser, Kartoffelflocken 16%), WEIZENMEHL, Kartoffelst\xc3\xa4rke, Reismehl, Speisesalz.  Kann Spuren von Soja enthalten.Allergenhinweise: Glutenhaltiges Getreide (Weizen, Gerste, Roggen, Hafer, Dinkel, Kamut oder Hybridst\xc3\xa4mme)N\xc3\xa4hrwerteDurchschnittliche N\xc3\xa4hrwertepro 100 gEnergie630 kJEnergie149 kcalFett0,6 gFett, davon ges\xc3\xa4ttigte Fetts\xc3\xa4uren0 gKohlenhydrate32 gKohlenhydrate, davon Zucker0,3 gEiwei\xc3\x9f3,3 gSalz1,08 gHinweiseAufbewahrungshinweise:  Nach dem \xc3\x96ffnen k\xc3\xbchl lagern und innerhalb von drei Tagen verzehren.Verwendungshinweise: Bei +4 \xc2\xb0C bis +7 \xc2\xb0CArtikeldetailsMarke: REWE Beste WahlUrsprungsland: ItalienPackungsgr\xc3\xb6\xc3\x9fe: 400gKontaktKontaktname: CIEMME ALIMENTARI S.R.L.Kontaktadresse: VIA FOGGIA, 28/30, BARLETTA, 76121, ItalienMaximale Bestellmenge: 15 St\xc3\xbcckF\xc3\xbcr die vorstehenden Angaben wird keine Haftung \xc3\xbcbernommen. Bitte pr\xc3\xbcfen Sie im Einzelfall die Angaben auf der jeweiligen Produktverpackung, nur diese sind verbindlich.Das Produktdesign kann von der Abbildung abweichen.'",Ladenburger Str. 68,Rewe,Dein Markt für italienischen Genuss,2023-07-09,"Gültig ab morgen bis Samstag, 15.07.2023"
REWE Feine Welt Burrata,https://img.rewe-static.de/KLEIN28_2023/8643941/34631257-8_digital-image.png?impolicy=s-offers&imwidth=200&output-format=image/webp,,https://shop.rewe.de/productList?search=2832136,,"je 250-g-Becher-Pckg , (1 kg = 14.90) , 100-g-Abtropfgew.",Aktion,"1,49 €","b'ProduktbeschreibungArtikelnummer 8643941Zutaten & AllergeneZutaten: Zutaten: K\xc3\x84SEREIMILCH, SAHNE 41 %, Speisesalz, mikrobielles Lab, S\xc3\xa4uerungsmittel Milchs\xc3\xa4ure, Konservierungsstoff Kaliumsorbat. Zusatzstoffe: E 202, E 270Allergenhinweise: Milch und Milcherzeugnisse (einschlie\xc3\x9flich Lactose)N\xc3\xa4hrwerteDurchschnittliche N\xc3\xa4hrwertepro 100 gEnergie1.054 kJEnergie255 kcalFett23,9 gFett, davon ges\xc3\xa4ttigte Fetts\xc3\xa4uren15,3 gKohlenhydrate2 gKohlenhydrate, davon Zucker2 gEiwei\xc3\x9f8 gSalz0,54 gArtikeldetailsMarke: REWE Feine WeltNettof\xc3\xbcllmenge: 250 GUrsprungsland: ItalienAbtropfgewicht: 100 gKontaktKontaktname: DELIZIA S.P.A.Kontaktadresse: Contrada Pizunzo Z.I., Noci (BA), 70015, ItalienMaximale Bestellmenge: 15 St\xc3\xbcckF\xc3\xbcr die vorstehenden Angaben wird keine Haftung \xc3\xbcbernommen. Bitte pr\xc3\xbcfen Sie im Einzelfall die Angaben auf der jeweiligen Produktverpackung, nur diese sind verbindlich.Das Produktdesign kann von der Abbildung abweichen.'",Ladenburger Str. 68,Rewe,Dein Markt für italienischen Genuss,2023-07-09,"Gültig ab morgen bis Samstag, 15.07.2023"
Fabbri Amarenakirschen,https://img.rewe-static.de/KLEIN28_2023/3797015/1603730-43_digital-image.png?impolicy=s-offers&imwidth=200&output-format=image/webp,,https://shop.rewe.de/productList?search=2832136,,"Frucht in Sirup , je 230-g-Glas , (1 kg = 39.90) , 100-g-Abtropfgew.",Aktion,"3,99 €","b'ProduktbeschreibungArtikelnummer 3797015Zutaten & AllergeneZutaten: Zucker, Sauerkirschen (43%), Glukose Sirup, Wasser, Sauerkirschen saft (4%), S\xc3\xa4uerungsmittel Zitronens\xc3\xa4ure, Aromen, Farbstoff Anthocyane aus Pflanzenextrakt.N\xc3\xa4hrwerteDurchschnittliche N\xc3\xa4hrwerteUnzubereitet pro 100 gEnergie1.160 kJEnergie273 kcalFett0 gFett, davon ges\xc3\xa4ttigte Fetts\xc3\xa4uren0 gKohlenhydrate67 gKohlenhydrate, davon Zucker61 gEiwei\xc3\x9f0 gSalz0,03 gArtikeldetailsMarke: FabbriNettof\xc3\xbcllmenge: 230 GUrsprungsland: ItalienAbtropfgewicht: 100 gKontaktKontaktname: G. Fabbri Deutschland GmbHKontaktadresse: Witneystr. 1 - 82008 UnterhachingMaximale Bestellmenge: 15 St\xc3\xbcckF\xc3\xbcr die vorstehenden Angaben wird keine Haftung \xc3\xbcbernommen. Bitte pr\xc3\xbcfen Sie im Einzelfall die Angaben auf der jeweiligen Produktverpackung, nur diese sind verbindlich.Das Produktdesign kann von der Abbildung abweichen.'",Ladenburger Str. 68,Rewe,Dein Markt für italienischen Genuss,2023-07-09,"Gültig ab morgen bis Samstag, 15.07.2023"
S. Pellegrino Mineralwasser,https://img.rewe-static.de/KLEIN28_2023/0106565/9482880-6_digital-image.png?impolicy=s-offers&imwidth=200&output-format=image/webp,,https://shop.rewe.de/productList?search=2832136,,"je 1-l-Fl , zzgl. 0.25 Pfand",Aktion,"0,79 €","b'ProduktbeschreibungArtikelnummer 106565S.Pellegrino bringt echtes italienisches Lebensgef\xc3\xbchl direkt zu Ihnen nach Hause. Ein feinperliges nat\xc3\xbcrliches Mineralwasser f\xc3\xbcr Genie\xc3\x9fer, das stilvoll erfrischt.\n\nUnnachahmlich prickelnd und frisch, so schmeckt S.Pellegrino. Das liegt an der einzigartigen Balance, die das Mineralwasser besonders feinperlig sprudeln l\xc3\xa4sst. Ausgewogen mineralisiert, ist S.Pellegrino ein ebenso spritziger wie authentischer Genuss.\n\nEin Wasser mit Tradition\n\nS.Pellegrino, das bereits seit 1899 Genie\xc3\x9fer begeistert, entspringt in der nahezu unber\xc3\xbchrten Natur der lombardischen Alpen. Auf seiner langen Reise durch breite Schichten Dolomit- und Gipsgestein erh\xc3\xa4lt das Wasser seine ausgewogene Mineralisierung und seine besondere Reinheit. \n\nImmer ein Genuss\n\nMit seinem nat\xc3\xbcrlichen und lebendigen Temperament ist S.Pellegrino ein Wasser, das einfach \xc3\xbcberall genossen werden kann. Darum gibt es den italienischen Klassiker auch in handlichen 1,0L Pet-Flaschen \xe2\x80\x93 Wie geschaffen f\xc3\xbcr geselliges Beisammensein und genussvolles Miteinander. Besonders praktisch: Im Sixpack haben Sie immer eine Flasche in Reserve.\n\nS.Pellegrino\n- Nat\xc3\xbcrliches feinperliges Mineralwasser\n- Erfrischt einfach herrlich italienisch\n- Ein Wasser f\xc3\xbcr anspruchsvolle Genie\xc3\x9fer\n- Ausgewogen mineralisiert und besonders prickelnd\n- Wassergenuss f\xc3\xbcr jede Gelegenheit in handlichen Pet-Flaschen... mehr anzeigenSeit 1899 ist S.Pellegrino eine Ikone italienischen Stils und eines der bekanntesten nat\xc3\xbcrlichen Mineralwasser der Welt. Dank seiner perfekten Balance aus feinperliger Kohlens\xc3\xa4ure, Mineralisierung und einzigartigem Geschmack \xc3\xbcberzeugt es Sommeliers und Spitzenk\xc3\xb6che. \nSo inspiriert S.Pellegrino dazu, genussvolle Momente auszukosten und sie zu teilen.N\xc3\xa4hrwerteDurchschnittliche N\xc3\xa4hrwerteUnzubereitet pro 1 lChlorid49,4 mgCalcium166 mgMagnesium49,5 mgBikarbonat244 mgNatrium30 mgSulfat 4+401 mgHinweiseAufbewahrungs- und Verwendungshinweis: Vor Sonne und Frost sch\xc3\xbctzen und an einem sauberen, trockenen, k\xc3\xbchlen und geruchlosen Ort lagern.Information: Abdampfr\xc3\xbcckstand bei 180 Grad: 853 mg/LpH-Wert an der Quelle: 7,7Aus der S.PELLEGRINO Quelle in SAN PELLEGRINO TERME (BERGAMO) ITALIENArtikeldetailsMarke: San PellegrinoNettof\xc3\xbcllmenge: 1 LUrsprungsland: ItalienPackungsgr\xc3\xb6\xc3\x9fe: 1,0lKontaktKontaktname: SANPELLEGRINO S.P.A.Kontaktadresse: 24016 SAN PELLEGRINO TERME (BG)LOCALIT\xc3\x80 RUSPINO - ITALIENMaximale Bestellmenge: 15 St\xc3\xbcckF\xc3\xbcr die vorstehenden Angaben wird keine Haftung \xc3\xbcbernommen. Bitte pr\xc3\xbcfen Sie im Einzelfall die Angaben auf der jeweiligen Produktverpackung, nur diese sind verbindlich.Das Produktdesign kann von der Abbildung abweichen.'",Ladenburger Str. 68,Rewe,Dein Markt für italienischen Genuss,2023-07-09,"Gültig ab morgen bis Samstag, 15.07.2023"
La Gioiosa Prosecco Frizzante Treviso DOC,https://img.rewe-static.de/KLEIN28_2023/0321558/7433190-34_digital-image.png?impolicy=s-offers&imwidth=200&output-format=image/webp,,https://shop.rewe.de/productList?search=2832136,,"je 0,75-l-Fl , (1 l = 7.99)",Aktion,"5,99 €","b'Bestellung ab 18 Jahren.F\xc3\xbcr dieses Produkt gilt das Jugendschutzgesetz.ProduktbeschreibungArtikelnummer 321558Alkoholgehalt: 10 % Vol. Zutaten & AllergeneZutaten: Nicht deklariert:Perlwein, Antioxidationsmittel (Ascorbins\xc3\xa4ure, Schwefeldioxid). Zusatzstoffe: E 220Allergenhinweise: Schwefeldioxid und Sulfite in einer Konzentration von mehr als 10 mg/kg oder 10 mg/l, als SO2 angegebenN\xc3\xa4hrwerteDurchschnittliche N\xc3\xa4hrwertepro 100 mlEnergie292 kJEnergie70 kcalFett0 gFett, davon ges\xc3\xa4ttigte Fetts\xc3\xa4uren0 gKohlenhydrate2,9 gKohlenhydrate, davon Zucker1,1 gEiwei\xc3\x9f< 0,1 gSalz< 0,02 gHinweiseVerwendungshinweise: Trocken und k\xc3\xbchl lagern. Vor Licht sch\xc3\xbctzen.ArtikeldetailsMarke: La GioiosaUrsprungsland: ItalienKontaktKontaktname: La Gioiosa S.p.A.Kontaktadresse: Crocetta del Montello, 31035, ItalienMaximale Bestellmenge: 15 St\xc3\xbcckF\xc3\xbcr die vorstehenden Angaben wird keine Haftung \xc3\xbcbernommen. Bitte pr\xc3\xbcfen Sie im Einzelfall die Angaben auf der jeweiligen Produktverpackung, nur diese sind verbindlich.Das Produktdesign kann von der Abbildung abweichen.'",Ladenburger Str. 68,Rewe,Dein Markt für italienischen Genuss,2023-07-09,"Gültig ab morgen bis Samstag, 15.07.2023"
REWE Beste Wahl Bolognese Pasta Sauce,https://img.rewe-static.de/KLEIN28_2023/7123786/27851232-24_digital-image.png?impolicy=s-offers&imwidth=200&output-format=image/webp,,https://shop.rewe.de/productList?search=2832136,,"je 380-ml-Glas , (1 l = 4.18)",Aktion,"1,59 €","b'ProduktbeschreibungArtikelnummer 7123786Zutaten & AllergeneZutaten: Passierte Tomaten 61%, Rindfleisch 28%, Gem\xc3\xbcse 6% (Karotten, Zwiebeln, Knoblauch), Zucker, Salz, S\xc3\xa4uerungsmittel Milchs\xc3\xa4ure, Sonnenblumen\xc3\xb6l, Kr\xc3\xa4uter, Gew\xc3\xbcrze.    Zusatzstoffe: E 270N\xc3\xa4hrwerteDurchschnittliche N\xc3\xa4hrwertepro 100 mlEnergie392 kJEnergie94 kcalFett4,6 gFett, davon ges\xc3\xa4ttigte Fetts\xc3\xa4uren2,3 gKohlenhydrate6,1 gKohlenhydrate, davon Zucker5 gEiwei\xc3\x9f5,9 gSalz1,4 gHinweiseAufbewahrungshinweise: Nach dem \xc3\x96ffnen im K\xc3\xbchlschrank aufbewahren und innerhalb von 3-4 Tagen verbrauchen.Verwendungshinweise: Trocken lagern. Vor W\xc3\xa4rme sch\xc3\xbctzen.ArtikeldetailsMarke: REWE Beste WahlUrsprungsland: ItalienKontaktKontaktname: LA DORIA S.P.A.Kontaktadresse: Via Nazionale, 320, Angri, 84012, ItalienMaximale Bestellmenge: 15 St\xc3\xbcckF\xc3\xbcr die vorstehenden Angaben wird keine Haftung \xc3\xbcbernommen. Bitte pr\xc3\xbcfen Sie im Einzelfall die Angaben auf der jeweiligen Produktverpackung, nur diese sind verbindlich.Das Produktdesign kann von der Abbildung abweichen.'",Ladenburger Str. 68,Rewe,Dein Markt für italienischen Genuss,2023-07-09,"Gültig ab morgen bis Samstag, 15.07.2023"
Ponnath Delikatess Prosciutto Cotto,https://img.rewe-static.de/KLEIN28_2023/2231617/25159847-9_digital-image.png?impolicy=s-offers&imwidth=200&output-format=image/webp,,https://shop.rewe.de/productList?search=2832136,,"je 150-g-Pckg , (1 kg = 15.27)",Aktion,"2,29 €","b'ProduktbeschreibungArtikelnummer 2231617Original italienisches Rezept. Zutaten & AllergeneZutaten: Schweinefleisch, S\xc3\xa4ureregulatoren: Kaliumlactat, Natriumacetate; jodiertes Speisesalz (Speisesalz, Kaliumjodat), Glukosesirup, Gew\xc3\xbcrzextrakte, Gew\xc3\xbcrze, Stabilisator: Triphosphate, Antioxidationsmittel: Natriumascorbat, Konservierungsstoff: Natriumnitrit.N\xc3\xa4hrwerteDurchschnittliche N\xc3\xa4hrwerteUnzubereitet pro 100 gEnergie455 kJEnergie108 kcalFett2,5 gFett, davon ges\xc3\xa4ttigte Fetts\xc3\xa4uren1,1 gKohlenhydrate1 gKohlenhydrate, davon Zucker0,8 gEiwei\xc3\x9f20,2 gSalz2,1 gHinweiseAufbewahrungs- und Verwendungshinweis: Bei unter + 7\xc2\xb0CInformation: Unter Schutzatmosph\xc3\xa4re verpackt.ArtikeldetailsMarke: PonnathUrsprungsland: DeutschlandKontaktKontaktname: Ponnath DIE MEISTERMETZGER GmbHKontaktadresse: Bayreuther Str. 40, D-95478 KemnathF\xc3\xbcr die vorstehenden Angaben wird keine Haftung \xc3\xbcbernommen. Bitte pr\xc3\xbcfen Sie im Einzelfall die Angaben auf der jeweiligen Produktverpackung, nur diese sind verbindlich.Das Produktdesign kann von der Abbildung abweichen.'",Ladenburger Str. 68,Rewe,Dein Markt für italienischen Genuss,2023-07-09,"Gültig ab morgen bis Samstag, 15.07.2023"
Mestemacher Wraps,https://img.rewe-static.de/KLEIN28_2023/8722477/35581003-6_digital-image.png?impolicy=s-offers&imwidth=200&output-format=image/webp,,https://shop.rewe.de/productList?search=2832136,,"versch. Sorten , je 300-g-Pckg , (1 kg = 7.30)",Aktion,"2,19 €","b'ProduktbeschreibungArtikelnummer 8722477Man nehme italienisches Temperament, ein Originalrezept und kaltgepresstes Oliven\xc3\xb6l. Diese Zutaten machen unsere Wraps zu etwas ganz Besonderem!Zutaten & AllergeneZutaten: DINKELMEHL*1), Wasser, natives Oliven\xc3\xb6l extra* (5 %), Sonnenblumen\xc3\xb6l*, Meersalz, nat\xc3\xbcrliches Rosmarinaroma. * aus biologischem Landbau 1)Mit Dinkelmehl aus der EU. Kann Spuren von SOJA und SENF enthalten.Allergenhinweise: Enth\xc3\xa4lt: Glutenhaltiges Getreide und glutenhaltige Getreideerzeugnisse. Dinkel und Dinkelerzeugnisse (glutenhaltiges Getreide). Kann enthalten: Soja und Sojaerzeugnisse. Senf- und Senferzeugnisse.N\xc3\xa4hrwerteDurchschnittliche N\xc3\xa4hrwerteUnzubereitet pro 100 gEnergie1.280 kJEnergie304 kcalFett8,6 gFett, davon ges\xc3\xa4ttigte Fetts\xc3\xa4uren1,1 gKohlenhydrate45,7 gKohlenhydrate, davon Zucker1 gBallaststoffe3,1 gEiwei\xc3\x9f9,5 gSalz1,1 gHinweiseAufbewahrungs- und Verwendungshinweis: K\xc3\xbchl und trocken lagern.ArtikeldetailsMarkeMestemacherEigenschaftenVegan, BioUrsprungslandItalienServiervorschlagNach Belieben f\xc3\xbcllen, z.B. mit Salat oder Geschnetzeltem.\xc3\x96ko KontrollstelleIT-BIO-007Ort der ErzeugungEU-LandwirtschaftKontaktKontaktname: Mestemacher GmbHKontaktadresse: Postfach 2451 - 33254 G\xc3\xbcterslohF\xc3\xbcr die vorstehenden Angaben wird keine Haftung \xc3\xbcbernommen. Bitte pr\xc3\xbcfen Sie im Einzelfall die Angaben auf der jeweiligen Produktverpackung, nur diese sind verbindlich.Das Produktdesign kann von der Abbildung abweichen.'",Ladenburger Str. 68,Rewe,Dein Markt für italienischen Genuss,2023-07-09,"Gültig ab morgen bis Samstag, 15.07.2023"
Citterio Mailänder Salami Strafino,https://img.rewe-static.de/KLEIN28_2023/5310075/23629963-7_digital-image.png?impolicy=s-offers&imwidth=200&output-format=image/webp,,https://shop.rewe.de/productList?search=2832136,,je 100 g,Aktion,"2,19 €","b'ProduktbeschreibungArtikelnummer 5310075Frisch f\xc3\xbcr dich aus unserer Servicetheke.\n\nZutaten: Schweinefleisch, Nitritp\xc3\xb6kelsalz (Kochsalz), Konservierungsstoff: E250 Gew\xc3\xbcrze, Zucker, Gew\xc3\xbcrzkr\xc3\xa4uter Antioxidationsmittel: E300, E 301, Konservierungsstoff. E252.\n\n100g Salami werden hergestellt aus 155g Schweinefleisch.\n\nN\xc3\xa4hrwerte je 100g:\nEnergie: 1660kj\nEnergie: 400kcal\nFett: 32g\nFett, davon ges\xc3\xa4ttigte Fetts\xc3\xa4uren: 13g\nKohlenhydrate: 0,5g\nKohlenhydrate, davon Zucker: 0,5g\nEiwei\xc3\x9f: 28g\nSalz: 4,6g fein gek\xc3\xb6rnte Spitzenqualit\xc3\xa4t, leicht ger\xc3\xa4uchert, mindestens 3 Monate gereiftZutaten & AllergeneZutaten: Schweinefleisch, Nitritp\xc3\xb6kelsalz (Kochsalz, Konservierungsstoff: Natriumnitrit), Zucker, Gew\xc3\xbcrze, Gew\xc3\xbcrzkr\xc3\xa4uter, Antioxidationsmittel: Natriumascorbat, Ascorbins\xc3\xa4ure; Konservierungsstoff: Kaliumnitrat. 100g Salami hergestellt aus 155g Schweinefleisch.Allergenhinweise: Enth\xc3\xa4lt: Keine deklarationspflichtigen Allergene enthalten.N\xc3\xa4hrwerteDurchschnittliche N\xc3\xa4hrwerteUnzubereitet pro 100 gEnergie1.660 kJEnergie400 kcalFett32 gFett, davon ges\xc3\xa4ttigte Fetts\xc3\xa4uren13 gKohlenhydrate0,5 gKohlenhydrate, davon Zucker0,5 gEiwei\xc3\x9f28 gSalz4,6 gHinweiseAufbewahrungs- und Verwendungshinweis: Unter +7\xc2\xb0C lagern, nach dem \xc3\x96ffnen innerhalb kurzer Zeit verzehren.Information: Konservierungsstoff: E250 (Natriumnitrit), E252(Kaliumnitrat); Antioxidationsmittel: E301 (Natriumascorbat), E300 (Ascorbins\xc3\xa4ure); Wursth\xc3\xbclle nicht essbar.ArtikeldetailsUrsprungsland: ItalienKontaktKontaktname: Giuseppe Citterio Salumificio S.P.A.Kontaktadresse: Corso Europa 206, 20017 RhoMaximale Bestellmenge: 15 St\xc3\xbcckF\xc3\xbcr die vorstehenden Angaben wird keine Haftung \xc3\xbcbernommen. Bitte pr\xc3\xbcfen Sie im Einzelfall die Angaben auf der jeweiligen Produktverpackung, nur diese sind verbindlich.Das Produktdesign kann von der Abbildung abweichen.'",Ladenburger Str. 68,Rewe,Dein Markt für italienischen Genuss,2023-07-09,"Gültig ab morgen bis Samstag, 15.07.2023"
Lavazza Crema e Gusto oder Espresso,https://img.rewe-static.de/KLEIN28_2023/7713584/29141056-8_digital-image.png?impolicy=s-offers&imwidth=200&output-format=image/webp,,https://shop.rewe.de/productList?search=2832136,,"versch. Sorten , je 250-g-Pckg , (1 kg = 13.96)",Aktion,"3,49 €","b'ProduktbeschreibungArtikelnummer 7713584Die Mischung besteht aus einer Auswahl hochwertiger, rassiger Arabicas (30 %) und Robustas (70 %) und ist ideal f\xc3\xbcr all diejenigen geeignet, die jeden Augenblick des Tages ein intensives Geschmackserlebnis genie\xce\xb2en m\xc3\xb6chten. HinweiseAufbewahrungs- und Verwendungshinweis: trocken lagern.ArtikeldetailsMarke: LavazzaUrsprungsland: ItalienSorte: Crema e GustoKontaktKontaktname: LUIGI LAVAZZA S.p.A.Kontaktadresse: C. SO NOVARA, 59- 10154 TORINO - ITALIAMaximale Bestellmenge: 15 St\xc3\xbcckF\xc3\xbcr die vorstehenden Angaben wird keine Haftung \xc3\xbcbernommen. Bitte pr\xc3\xbcfen Sie im Einzelfall die Angaben auf der jeweiligen Produktverpackung, nur diese sind verbindlich.Das Produktdesign kann von der Abbildung abweichen.'",Ladenburger Str. 68,Rewe,Dein Markt für italienischen Genuss,2023-07-09,"Gültig ab morgen bis Samstag, 15.07.2023"
Saupiquet Thunfisch,https://img.rewe-static.de/KLEIN28_2023/2071371/2519210-44_digital-image.png?impolicy=s-offers&imwidth=200&output-format=image/webp,,https://shop.rewe.de/productList?search=2832136,,"Naturale ohne Öl oder in Sonnenblumenöl , je 185-g-Dose , (1 kg = 17.79) , 140-g-Abtropfgew.",Aktion,"2,49 €","b'ProduktbeschreibungArtikelnummer 2071371Zutaten & AllergeneZutaten: THUNFISCH (Skipjack, Katsuwonus pelamis), Wasser, Salz.Allergenhinweise: Enth\xc3\xa4lt: Fisch und Fischerzeugnisse.N\xc3\xa4hrwerteDurchschnittliche N\xc3\xa4hrwerteUnzubereitet pro 100 gEnergie410 kJEnergie97 kcalFett0,5 gFett, davon ges\xc3\xa4ttigte Fetts\xc3\xa4uren0,2 gKohlenhydrate0 gKohlenhydrate, davon Zucker0 gBallaststoffe0 gEiwei\xc3\x9f23 gSalz1,3 gHinweiseAufbewahrungs- und Verwendungshinweis: Mindestens haltbar bis: siehe VerpackungsaufdruckArtikeldetailsMarke: SaupiquetNettof\xc3\xbcllmenge: 185 GUrsprungsland: EcuadorAbtropfgewicht: 140 gSorte: Naturale ohne \xc3\x96lKontaktKontaktname: Saupiquet D GmbHKontaktadresse: Postfach 9307, 47750 KrefeldMaximale Bestellmenge: 15 St\xc3\xbcckF\xc3\xbcr die vorstehenden Angaben wird keine Haftung \xc3\xbcbernommen. Bitte pr\xc3\xbcfen Sie im Einzelfall die Angaben auf der jeweiligen Produktverpackung, nur diese sind verbindlich.Das Produktdesign kann von der Abbildung abweichen.'",Ladenburger Str. 68,Rewe,Dein Markt für italienischen Genuss,2023-07-09,"Gültig ab morgen bis Samstag, 15.07.2023"
Mini Gurken,https://img.rewe-static.de/KLEIN28_2023/7240489/32111765-5_digital-image.png?impolicy=s-offers&imwidth=200&output-format=image/webp,,https://shop.rewe.de/productList?search=2832136,,"Kl. I , je St",Aktion,"0,45 €",nan,Ladenburger Str. 68,Rewe,Obst & Gemüse,2023-07-09,"Gültig ab morgen bis Samstag, 15.07.2023"
Zitronen,https://img.rewe-static.de/KLEIN28_2023/8131318/8722460-33_digital-image.png?impolicy=s-offers&imwidth=200&output-format=image/webp,,https://shop.rewe.de/productList?search=2832136,,"Sorte: siehe Etikett, Kl. I , je 500-g-Netz , (1 kg = 2.58)",Aktion,"1,29 €",nan,Ladenburger Str. 68,Rewe,Obst & Gemüse,2023-07-09,"Gültig ab morgen bis Samstag, 15.07.2023"
Honigmelone,https://img.rewe-static.de/KLEIN28_2023/8436752/8613000-32_digital-image.png?impolicy=s-offers&imwidth=200&output-format=image/webp,,https://shop.rewe.de/productList?search=2832136,,"Kl. I , je St",Aktion,"2,99 €",nan,Ladenburger Str. 68,Rewe,Obst & Gemüse,2023-07-09,"Gültig ab morgen bis Samstag, 15.07.2023"
Brombeeren,https://img.rewe-static.de/KLEIN28_2023/0561586/12563490-11_digital-image.png?impolicy=s-offers&imwidth=200&output-format=image/webp,,https://shop.rewe.de/productList?search=2832136,,"Kl. I , je 125-g-Schale , (1 kg = 14.32)",Aktion,"1,79 €",nan,Ladenburger Str. 68,Rewe,Obst & Gemüse,2023-07-09,"Gültig ab morgen bis Samstag, 15.07.2023"
Gelb- oder weißfleischige Bio Nektarinen,https://img.rewe-static.de/KLEIN28_2023/0429803/31335233-4_digital-image.png?impolicy=s-offers&imwidth=200&output-format=image/webp,,https://shop.rewe.de/productList?search=2832136,,"Kl. II , je 1 kg",,"3,99 €",nan,Ladenburger Str. 68,Rewe,Obst & Gemüse,2023-07-09,"Gültig ab morgen bis Samstag, 15.07.2023"
Bio Bananen,https://img.rewe-static.de/KLEIN28_2023/7708685/30177546-11_digital-image.png?impolicy=s-offers&imwidth=200&output-format=image/webp,,https://shop.rewe.de/productList?search=2832136,,je 1 kg,,"1,79 €",nan,Ladenburger Str. 68,Rewe,Obst & Gemüse,2023-07-09,"Gültig ab morgen bis Samstag, 15.07.2023"
Mini Rispentomaten,https://img.rewe-static.de/KLEIN28_2023/1365342/31264784-8_digital-image.png?impolicy=s-offers&imwidth=200&output-format=image/webp,,https://shop.rewe.de/productList?search=2832136,,"Kl. I , je 350-g-Schale , (1 kg = 4.26)",Aktion,"1,49 €",nan,Ladenburger Str. 68,Rewe,Obst & Gemüse,2023-07-09,"Gültig ab morgen bis Samstag, 15.07.2023"
Rispentomaten,https://img.rewe-static.de/KLEIN28_2023/2061181/34638052-8_digital-image.png?impolicy=s-offers&imwidth=200&output-format=image/webp,,https://shop.rewe.de/productList?search=2832136,,"Kl. I , je 1 kg",Aktion,"0,89 €",nan,Ladenburger Str. 68,Rewe,Obst & Gemüse,2023-07-09,"Gültig ab morgen bis Samstag, 15.07.2023"
Paprika Mix,https://img.rewe-static.de/KLEIN28_2023/1913973/20938720-3_digital-image.png?impolicy=s-offers&imwidth=200&output-format=image/webp,,https://shop.rewe.de/productList?search=2832136,,"Kl. I , je 500-g-Pckg , (1 kg = 3.38)",Aktion,"1,69 €",nan,Ladenburger Str. 68,Rewe,Obst & Gemüse,2023-07-09,"Gültig ab morgen bis Samstag, 15.07.2023"
Bio Bunte Salate,https://img.rewe-static.de/KLEIN28_2023/0146421/27990259-3_digital-image.png?impolicy=s-offers&imwidth=200&output-format=image/webp,,https://shop.rewe.de/productList?search=2832136,,"Kl. II , je St",,"1,99 €",nan,Ladenburger Str. 68,Rewe,Obst & Gemüse,2023-07-09,"Gültig ab morgen bis Samstag, 15.07.2023"
Avocados,https://img.rewe-static.de/KLEIN28_2023/8906591/33086431-2_digital-image.png?impolicy=s-offers&imwidth=200&output-format=image/webp,,https://shop.rewe.de/productList?search=2832136,,"»Hass«, Kl. I , je 700-g-Netz , (1 kg = 2.84)",Aktion,"1,99 €",nan,Ladenburger Str. 68,Rewe,Obst & Gemüse,2023-07-09,"Gültig ab morgen bis Samstag, 15.07.2023"
Speisemöhren,https://img.rewe-static.de/KLEIN28_2023/8108969/34636887-3_digital-image.png?impolicy=s-offers&imwidth=200&output-format=image/webp,,https://shop.rewe.de/productList?search=2832136,,"Kl. I , je 1-kg-Btl",Aktion,"1,29 €",nan,Ladenburger Str. 68,Rewe,Obst & Gemüse,2023-07-09,"Gültig ab morgen bis Samstag, 15.07.2023"
Speisekartoffeln,https://img.rewe-static.de/KLEIN28_2023/8019779/33066527-3_digital-image.png?impolicy=s-offers&imwidth=200&output-format=image/webp,,https://shop.rewe.de/productList?search=2832136,,"Sorte, Kocheigenschaft und Ursprung: siehe Etikett, Qualität I , je 2-kg-Netz , (1 kg = 1.50)",Aktion,"2,99 €",nan,Ladenburger Str. 68,Rewe,Obst & Gemüse,2023-07-09,"Gültig ab morgen bis Samstag, 15.07.2023"
Rote Bio Tafeläpfel,https://img.rewe-static.de/KLEIN28_2023/3366162/30888510-8_digital-image.png?impolicy=s-offers&imwidth=200&output-format=image/webp,,https://shop.rewe.de/productList?search=2832136,,"Sorte: siehe Etikett, Kl. II , je 1-kg-Netz",,"1,99 €",nan,Ladenburger Str. 68,Rewe,Obst & Gemüse,2023-07-09,"Gültig ab morgen bis Samstag, 15.07.2023"
Plattnektarinen,https://img.rewe-static.de/KLEIN28_2023/2454901/12387090-12_digital-image.png?impolicy=s-offers&imwidth=200&output-format=image/webp,,https://shop.rewe.de/productList?search=2832136,,"Kl. I , je 500-g-Schale , (1 kg = 3.98)",Aktion,"1,99 €","b'ProduktbeschreibungArtikelnummer 2454901Spanien; Klasse I; Ursprungsland und Klasse k\xc3\xb6nnen je nach Angebot abweichen. \n\nSind im online Shop bei einem Produkt alternative Herkunftsl\xc3\xa4nder angegeben, so gilt das an der Ware ausgezeichnete Herkunftsland, welches Sie bei Warenlieferung \xc3\xbcberpr\xc3\xbcfen k\xc3\xb6nnen. ArtikeldetailsUrsprungsland: SpanienF\xc3\xbcr die vorstehenden Angaben wird keine Haftung \xc3\xbcbernommen. Bitte pr\xc3\xbcfen Sie im Einzelfall die Angaben auf der jeweiligen Produktverpackung, nur diese sind verbindlich.Das Produktdesign kann von der Abbildung abweichen.'",Ladenburger Str. 68,Rewe,Obst & Gemüse,2023-07-09,"Gültig ab morgen bis Samstag, 15.07.2023"
Eisbergsalat,https://img.rewe-static.de/KLEIN28_2023/1366237/36750087-3_digital-image.png?impolicy=s-offers&imwidth=200&output-format=image/webp,,https://shop.rewe.de/productList?search=2832136,,"Kl. I , je St",Aktion,"0,75 €",nan,Ladenburger Str. 68,Rewe,Obst & Gemüse,2023-07-09,"Gültig ab morgen bis Samstag, 15.07.2023"
Radieschen,https://img.rewe-static.de/KLEIN28_2023/6909086/4732590-14_digital-image.png?impolicy=s-offers&imwidth=200&output-format=image/webp,,https://shop.rewe.de/productList?search=2832136,,"Kl. I , je Bund",Aktion,"0,49 €",nan,Ladenburger Str. 68,Rewe,Obst & Gemüse,2023-07-09,"Gültig ab morgen bis Samstag, 15.07.2023"
Rote Stachelbeeren oder Rote Johannisbeeren,https://img.rewe-static.de/KLEIN28_2023/8399383/8570030-27_digital-image.png?impolicy=s-offers&imwidth=200&output-format=image/webp,,https://shop.rewe.de/productList?search=2832136,,"Kl. I , je z.B. 500 g , (1 kg = 4.98)",Aktion,"2,49 €",nan,Ladenburger Str. 68,Rewe,Obst & Gemüse,2023-07-09,"Gültig ab morgen bis Samstag, 15.07.2023"
Bio Zucchini,https://img.rewe-static.de/KLEIN28_2023/8181276/29354659-9_digital-image.png?impolicy=s-offers&imwidth=200&output-format=image/webp,,https://shop.rewe.de/productList?search=2832136,,"Kl. II , je 500-g-Pckg , (1 kg = 2.58)",,"1,29 €",nan,Ladenburger Str. 68,Rewe,Obst & Gemüse,2023-07-09,"Gültig ab morgen bis Samstag, 15.07.2023"
Gelb- oder weißfleischige Pfirsiche,https://img.rewe-static.de/KLEIN28_2023/7126212/31363907-4_digital-image.png?impolicy=s-offers&imwidth=200&output-format=image/webp,,https://shop.rewe.de/productList?search=2832136,,"Kl. I , je 1-kg-Schale",Aktion,"1,69 €",nan,Ladenburger Str. 68,Rewe,Obst & Gemüse,2023-07-09,"Gültig ab morgen bis Samstag, 15.07.2023"
Dunkle Pflaumen,https://img.rewe-static.de/KLEIN28_2023/7673066/20190760-11_digital-image.png?impolicy=s-offers&imwidth=200&output-format=image/webp,,https://shop.rewe.de/productList?search=2832136,,"Kl. I , je 500-g-Schale , (1 kg = 3.38)",Aktion,"1,69 €",nan,Ladenburger Str. 68,Rewe,Obst & Gemüse,2023-07-09,"Gültig ab morgen bis Samstag, 15.07.2023"
10% Rabatt auf alle REWE Beste Wahl Produkte,https://img.rewe-static.de/REWE_TH25_2023/8939024/39291866-9_digital-image.png?impolicy=s-offers&imwidth=200&output-format=image/webp,,https://shop.rewe.de/productList?search=2832136,,Beim Kauf von mindestens 2 Produkten,App Deal,-10%,nan,Ladenburger Str. 68,Rewe,Mit der REWE App sparen,2023-07-09,"Gültig ab morgen bis Samstag, 15.07.2023"
Freixenet Produkten,https://img.rewe-static.de/KLEIN28_2023/8467214/31461078-22_digital-image.png?impolicy=s-offers&imwidth=200&output-format=image/webp,20fach Punkte,https://shop.rewe.de/productList?search=2832136,im Gesamtwert von über 2 €,,,,nan,Ladenburger Str. 68,Rewe,PAYBACK Punkte Highlights,2023-07-09,"Gültig ab morgen bis Samstag, 15.07.2023"
Batterien Energizer/Duracell,https://img.rewe-static.de/KLEIN28_2023/7996783/40194438-6_digital-image.png?impolicy=s-offers&imwidth=200&output-format=image/webp,10fach Punkte,https://shop.rewe.de/productList?search=2832136,im Gesamtwert von über 2 €,,,,nan,Ladenburger Str. 68,Rewe,PAYBACK Punkte Highlights,2023-07-09,"Gültig ab morgen bis Samstag, 15.07.2023"
Ültje Produkten,https://img.rewe-static.de/KLEIN28_2023/7884382/33479751-4_digital-image.png?impolicy=s-offers&imwidth=200&output-format=image/webp,30fach Punkte,https://shop.rewe.de/productList?search=2832136,im Gesamtwert von über 2 €,,,,nan,Ladenburger Str. 68,Rewe,PAYBACK Punkte Highlights,2023-07-09,"Gültig ab morgen bis Samstag, 15.07.2023"
Capri Sun Produkten,https://img.rewe-static.de/KLEIN28_2023/0194646/26222775-19_digital-image.png?impolicy=s-offers&imwidth=200&output-format=image/webp,20fach Punkte,https://shop.rewe.de/productList?search=2832136,im Gesamtwert von über 2 €,,,,nan,Ladenburger Str. 68,Rewe,PAYBACK Punkte Highlights,2023-07-09,"Gültig ab morgen bis Samstag, 15.07.2023"
Schweine-Filet,https://img.rewe-static.de/KLEIN28_2023/2532018/34373114-10_digital-image.png?impolicy=s-offers&imwidth=200&output-format=image/webp,,https://shop.rewe.de/productList?search=2832136,,je 100 g,Knaller,"0,88 €","b'ProduktbeschreibungArtikelnummer 2532018Das beste St\xc3\xbcck vom Schwein, ideal auch f\xc3\xbcr Medaillons; SB-verpackt. Ursprung: Deutschland. Um einen Hinweis zur tats\xc3\xa4chlichen Herkunft zu erhalten, beachten Sie bitte die Angaben auf der Ihnen gelieferten Ware selbst; nur diese sind ma\xc3\x9fgeblich wie auch verbindlich. VOR DEM VERZEHR GUT DURCHGAREN. NICHT ZUM ROHVERZEHR GEEIGNET. Die Haltbarkeit des Produktes ist bis zum angegebenen Datum durch die Einhaltung der angegebenen Temperatur gesichert. Bei einer Unterbrechung der K\xc3\xbchlkette \xc3\xbcber +4 \xc2\xb0C, empfehlen wir Ihnen den Verzehr am Tag des Einkaufes. Nach \xc3\x96ffnen der Packung Ware noch am selben Tag verwenden.... mehr anzeigenZutaten & AllergeneZutaten: -  -N\xc3\xa4hrwerteDurchschnittliche N\xc3\xa4hrwertepro 100 gEnergie448 kJEnergie106 kcalFett2 gFett, davon ges\xc3\xa4ttigte Fetts\xc3\xa4uren0,7 gKohlenhydrate0 gKohlenhydrate, davon Zucker0 gBallaststoffe0 gEiwei\xc3\x9f22 gSalz0,19 gArtikeldetailsMarke: Wilhelm BrandenburgNachhaltigkeitWeitere Informationen zu den Siegeln findest du in unserer Siegelkunde.Maximale Bestellmenge: 15 St\xc3\xbcckF\xc3\xbcr die vorstehenden Angaben wird keine Haftung \xc3\xbcbernommen. Bitte pr\xc3\xbcfen Sie im Einzelfall die Angaben auf der jeweiligen Produktverpackung, nur diese sind verbindlich.Das Produktdesign kann von der Abbildung abweichen.'",Ladenburger Str. 68,Rewe,Frische & Convenience,2023-07-09,"Gültig ab morgen bis Samstag, 15.07.2023"
Rote Wurst,https://img.rewe-static.de/KLEIN28_2023/7731883/23270769-10_digital-image.png?impolicy=s-offers&imwidth=200&output-format=image/webp,,https://shop.rewe.de/productList?search=2832136,,je 100 g,Aktion,"0,88 €","b'ProduktbeschreibungArtikelnummer 7731883Frisch f\xc3\xbcr dich aus unserer Servicetheke.\n\nZutaten: Schweinefleisch 80%, Wasser, Speck, jodiertes Speisesalz (Speisesalz, Kaliumjodat), Konservierungsstoff (Natriumnitrit), Gew\xc3\xbcrze, Stabilisatoren (Natriumcitrate, Diphosphate), Dextrose, Antioxidationsmittel (Ascorbins\xc3\xa4ure) , Gew\xc3\xbcrzextrakte, Maltodextrin, Schweinedarm, Rauch.\n\nKann Spuren von GLUTEN, MILCH und SENF enthalten.\n\nN\xc3\xa4hrwerte je 100g:\nEnergie: 1179kJ\nEnergie: 285kcal\nFett: 26g\nFett, davon ges\xc3\xa4ttigte Fetts\xc3\xa4uren: 12g\nKohlenhydrate: 0,5g\nKohlenhydrate, davon Zucker: 0,5g\nEiwei\xc3\x9f: 12g\nSalz: 2,2g... mehr anzeigenArtikeldetailsMarke: Wilhelm BrandenburgMaximale Bestellmenge: 15 St\xc3\xbcckF\xc3\xbcr die vorstehenden Angaben wird keine Haftung \xc3\xbcbernommen. Bitte pr\xc3\xbcfen Sie im Einzelfall die Angaben auf der jeweiligen Produktverpackung, nur diese sind verbindlich.Das Produktdesign kann von der Abbildung abweichen.Bei abgewogenen Waren zahlen Sie die im Markt tats\xc3\xa4chlich gewogene Menge. Der bei Abholung oder Lieferung zu zahlende Betrag kann deshalb von dem hier angegebenen Betrag abweichen. F\xc3\xbcr die Berechnung des hier angegebenen Betrags wird ein Durchschnittsgewicht des jeweiligen Artikels zu Grunde gelegt.'",Ladenburger Str. 68,Rewe,Frische & Convenience,2023-07-09,"Gültig ab morgen bis Samstag, 15.07.2023"
Bresso Kräuter der Provence,https://img.rewe-static.de/KLEIN28_2023/4533135/9167380-57_digital-image.png?impolicy=s-offers&imwidth=200&output-format=image/webp,,https://shop.rewe.de/productList?search=2832136,,"60% Fett i.Tr. , je 150-g-Pckg , (1 kg = 9.27)",Aktion,"1,39 €","b'ProduktbeschreibungArtikelnummer 4533135Die Qualit\xc3\xa4t der exklusiv von BRESSO entwickelten Kr\xc3\xa4uter-Mischung wird durch die Auswahl eigener Setzlinge und deren Anbau in der Provence garantiert. BRESSO steht f\xc3\xbcr unbeschwerten Frischk\xc3\xa4se-Genuss & provenzalisch-mediterrane Lebensweise. \nDie hohe Qualit\xc3\xa4t der vielf\xc3\xa4ltigen Zutaten kombiniert mit locker aufgeschlagenem Frischk\xc3\xa4se machen unseren BRESSO so besonders.\nDie Qualit\xc3\xa4t der exklusiv von BRESSO verwendeten Kr\xc3\xa4uter wird durch die Auswahl eigener Setzlinge & deren Anbau in der Provence garantiert. \nBRESSO. BESTE ZUTATEN IN LUFTIG-LOCKEREN FRISCHK\xc3\x84SE.\nOHNE GENTECHNIK, gem\xc3\xa4\xc3\x9f dem deutschen EG-Gentechnik-Durchf\xc3\xbchrungsgesetz.Zutaten & AllergeneZutaten: FRISCHK\xc3\x84SE, CREME FRA\xc3\x8eCHE, BUTTER, Kr\xc3\xa4uter der Provence, Kr\xc3\xa4uter, St\xc3\xa4rke, Gew\xc3\xbcrze, Speisesalz, nat\xc3\xbcrliche Aromen, Stickstoff zum Aufschlagen. Kann Spuren von Sellerie enthalten.Allergenhinweise: MilchEnth\xc3\xa4lt: Milch und Milcherzeugnisse (einschlie\xc3\x9flich Lactose). Kann enthalten: Sellerie und Sellerieerzeugnisse.N\xc3\xa4hrwerteDurchschnittliche N\xc3\xa4hrwerteUnzubereitet pro 100 gEnergie974 kJEnergie235 kcalFett21 gFett, davon ges\xc3\xa4ttigte Fetts\xc3\xa4uren14 gKohlenhydrate4,4 gKohlenhydrate, davon Zucker2,8 gEiwei\xc3\x9f7,2 gSalz1,1 gHinweiseAufbewahrungs- und Verwendungshinweis: Bei +2\xc2\xb0C bis +8\xc2\xb0C mindestens haltbar bis: siehe VerpackungsaufdruckInformation: 62% Fett i.Tr./F.i.T.ArtikeldetailsMarke: BressoUrsprungsland: DeutschlandKontaktKontaktname: Edelweiss GmbH & Co.KGKontaktadresse: D-87435 Kempten/Allg\xc3\xa4uMaximale Bestellmenge: 15 St\xc3\xbcckF\xc3\xbcr die vorstehenden Angaben wird keine Haftung \xc3\xbcbernommen. Bitte pr\xc3\xbcfen Sie im Einzelfall die Angaben auf der jeweiligen Produktverpackung, nur diese sind verbindlich.Das Produktdesign kann von der Abbildung abweichen.'",Ladenburger Str. 68,Rewe,Frische & Convenience,2023-07-09,"Gültig ab morgen bis Samstag, 15.07.2023"
"Zwiebelmettwurst, Zwiebelmettwurst-kugel oder Puten-zwiebelmettwurst",https://img.rewe-static.de/KLEIN28_2023/7225733/30597714-6_digital-image.png?impolicy=s-offers&imwidth=200&output-format=image/webp,,https://shop.rewe.de/productList?search=2832136,,je 100 g,Aktion,"1,49 €","b'ProduktbeschreibungArtikelnummer 7225733Frisch f\xc3\xbcr dich aus unserer Servicetheke. \n \nZutaten: 91 % Schweinefleisch, S\xc3\xa4ureregulator Kaliumlactrat, jodiertes Nitritp\xc3\xb6kelsalz (Speisesalz), Konservierungsstoff Natriumnitrit, S\xc3\xa4uerungsmittel: MILCHS\xc3\x84URE, Zwiebeln, Trockenglukosesirup, Verdickungsmittel: Guarkernmehl, Johannisbrotkernmehl, Xanthan, Gew\xc3\xbcrze (enth\xc3\xa4lt SELLERIE), Dextrose, Geschmacksverst\xc3\xa4rker: Mononatriumglutamat, Antioxidationsmittel: Natriumascorbat, Ascorbins\xc3\xa4ure. \n \nKann Spuren von SENF enthalten. \n \nN\xc3\xa4hrwerte je 100g: \nEnergie: 655kJ \nEnergie: 157kcal \nFett: 8,5g \nFett, davon ges\xc3\xa4ttigt: 4,5g \nKohlenhydrate: 1g \nKohlenhydrate, davon Zucker: 1g \nEiwei\xc3\x9f: 19g \nSalz: 2,5g... mehr anzeigenZutaten & AllergeneAllergenhinweise: nullN\xc3\xa4hrwerteDurchschnittliche N\xc3\xa4hrwerteUnzubereitet pro 100 gEnergie655 kJEnergie157 kcalFett8,5 gFett, davon ges\xc3\xa4ttigte Fetts\xc3\xa4uren4,5 gKohlenhydrate1 gKohlenhydrate, davon Zucker1 gEiwei\xc3\x9f19 gSalz2,5 gArtikeldetailsMarke: Wilhelm BrandenburgMaximale Bestellmenge: 15 St\xc3\xbcckF\xc3\xbcr die vorstehenden Angaben wird keine Haftung \xc3\xbcbernommen. Bitte pr\xc3\xbcfen Sie im Einzelfall die Angaben auf der jeweiligen Produktverpackung, nur diese sind verbindlich.Das Produktdesign kann von der Abbildung abweichen.Bei abgewogenen Waren zahlen Sie die im Markt tats\xc3\xa4chlich gewogene Menge. Der bei Abholung oder Lieferung zu zahlende Betrag kann deshalb von dem hier angegebenen Betrag abweichen. F\xc3\xbcr die Berechnung des hier angegebenen Betrags wird ein Durchschnittsgewicht des jeweiligen Artikels zu Grunde gelegt.'",Ladenburger Str. 68,Rewe,Frische & Convenience,2023-07-09,"Gültig ab morgen bis Samstag, 15.07.2023"
Virginia Pfefferschinken,https://img.rewe-static.de/KLEIN28_2023/1428942/37769208-6_digital-image.png?impolicy=s-offers&imwidth=200&output-format=image/webp,,https://shop.rewe.de/productList?search=2832136,,"geräuchert und luftgetrocknet, besonders mild , je 100 g",Aktion,"2,79 €","b'ProduktbeschreibungArtikelnummer 1428942Frisch f\xc3\xbcr dich aus unserer Servicetheke. \n \nZutaten: Schweinefleisch, Speisesalz, Dextrose, Maltodextrin, Gew\xc3\xbcrze, Kr\xc3\xa4uter, Kr\xc3\xa4uterextrakte, S\xc3\xa4ureregulator: Natriumlactat, Geschmacksverst\xc3\xa4rker: Mononatriumglutamat, Antioxidationsmittel: Natriumascorbat, Konservierungsstoff: Natriumnitrit, Kaliumnitrat, Fermente, Raucharoma, Rauch. \n \nPfefferh\xc3\xbclle: Pfeffer, St\xc3\xa4rke, MILCHPULVER, Schweinegelatine, Konservierungsstoff: Kaliumsorbat. \n \n100g Produkt bereitet aus 135g Fleisch und 4g Pfeffer. Zutaten & AllergeneAllergenhinweise: nullN\xc3\xa4hrwerteDurchschnittliche N\xc3\xa4hrwerteUnzubereitet pro 100 gEnergie602 kJEnergie143 kcalFett3 gFett, davon ges\xc3\xa4ttigte Fetts\xc3\xa4uren1,1 gKohlenhydrate0,9 gKohlenhydrate, davon Zucker0,9 gEiwei\xc3\x9f28 gSalz4,4 gMaximale Bestellmenge: 15 St\xc3\xbcckF\xc3\xbcr die vorstehenden Angaben wird keine Haftung \xc3\xbcbernommen. Bitte pr\xc3\xbcfen Sie im Einzelfall die Angaben auf der jeweiligen Produktverpackung, nur diese sind verbindlich.Das Produktdesign kann von der Abbildung abweichen.'",Ladenburger Str. 68,Rewe,Frische & Convenience,2023-07-09,"Gültig ab morgen bis Samstag, 15.07.2023"
Ananas,https://img.rewe-static.de/KLEIN28_2023/7718364/38355056-8_digital-image.png?impolicy=s-offers&imwidth=200&output-format=image/webp,,https://shop.rewe.de/productList?search=2832136,,"ganz, geschält , je 400-g-Becher , (1 kg = 6.98)",Aktion,"2,79 €",nan,Ladenburger Str. 68,Rewe,Frische & Convenience,2023-07-09,"Gültig ab morgen bis Samstag, 15.07.2023"
Lamm-Keule,https://img.rewe-static.de/KLEIN28_2023/0499226/3251580-11_digital-image.png?impolicy=s-offers&imwidth=200&output-format=image/webp,,https://shop.rewe.de/productList?search=2832136,,"mit Röhrenknochen, SB-verpackt , je 1 kg",Aktion,"11,99 €",nan,Ladenburger Str. 68,Rewe,Frische & Convenience,2023-07-09,"Gültig ab morgen bis Samstag, 15.07.2023"
Rinder-Filet,https://img.rewe-static.de/KLEIN28_2023/3455289/39482382-2_digital-image.png?impolicy=s-offers&imwidth=200&output-format=image/webp,,https://shop.rewe.de/productList?search=2832136,,"am Stück oder in Scheiben , je 100 g",Aktion,"4,99 €","b'ProduktbeschreibungArtikelnummer 3455289Frisch f\xc3\xbcr dich aus unserer Servicetheke. F\xc3\xbcr die vorstehenden Angaben wird keine Haftung \xc3\xbcbernommen. Bitte pr\xc3\xbcfen Sie im Einzelfall die Angaben auf der jeweiligen Produktverpackung, nur diese sind verbindlich.Das Produktdesign kann von der Abbildung abweichen.'",Ladenburger Str. 68,Rewe,Frische & Convenience,2023-07-09,"Gültig ab morgen bis Samstag, 15.07.2023"
Butcher’s Burger Patties,https://img.rewe-static.de/KLEIN28_2023/7938024/33031415-14_digital-image.png?impolicy=s-offers&imwidth=200&output-format=image/webp,,https://shop.rewe.de/productList?search=2832136,,"vom Rind, versch. Sorten , je 230-g-Pckg , (1 kg = 15.17)",Aktion,"3,49 €","ProduktbeschreibungArtikelnummer 7938024Zutaten & AllergeneZutaten: Rindfleisch 98 %, Speisesalz, Gewürze, Gewürzextrakte, Antioxidationsmittel Ascorbinsäure.  Kann Spuren von Senf und Sellerie enthalten.NährwerteDurchschnittliche Nährwertepro 100 gEnergie1.038 kJEnergie250 kcalFett20 gFett, davon gesättigte Fettsäuren8 gKohlenhydrate0,5 gKohlenhydrate, davon Zucker0,5 gBallaststoffe0 gEiweiß17 gSalz1,5 gArtikeldetailsMarke: Butcher's BurgerFür die vorstehenden Angaben wird keine Haftung übernommen. Bitte prüfen Sie im Einzelfall die Angaben auf der jeweiligen Produktverpackung, nur diese sind verbindlich.Das Produktdesign kann von der Abbildung abweichen.",Ladenburger Str. 68,Rewe,Frische & Convenience,2023-07-09,"Gültig ab morgen bis Samstag, 15.07.2023"
Meica Bratmaxe,https://img.rewe-static.de/KLEIN28_2023/8559132/32684863-3_digital-image.png?impolicy=s-offers&imwidth=200&output-format=image/webp,,https://shop.rewe.de/productList?search=2832136,,"für Grill & Pfanne, versch. Sorten , je 560-g-Pckg , (1 kg = 10.70)",Aktion,"5,99 €",nan,Ladenburger Str. 68,Rewe,Frische & Convenience,2023-07-09,"Gültig ab morgen bis Samstag, 15.07.2023"
Lammkeulen-Scheiben,https://img.rewe-static.de/KLEIN28_2023/8766589/40055970-2_digital-image.png?impolicy=s-offers&imwidth=200&output-format=image/webp,,https://shop.rewe.de/productList?search=2832136,,"in Kräuterbutter-Marinade, mit Knochen, SB-verpackt , je 1 kg",Aktion,"19,90 €","ProduktbeschreibungArtikelnummer 8766589Zutaten & AllergeneZutaten: Lammfleisch mit Knochen 94 %, Marinade 6 % (Rapsöl, Speisesalz, Gewürze (enthalten SENF), Butter, Kräuter, Palmfett, Gewürzextrakte).  SellerieNährwerteDurchschnittliche Nährwertepro 100 gEnergie599 kJEnergie143 kcalFett7 gFett, davon gesättigte Fettsäuren2,6 gKohlenhydrate1 gKohlenhydrate, davon Zucker1 gBallaststoffe0 gEiweiß19 gSalz1,2 gFür die vorstehenden Angaben wird keine Haftung übernommen. Bitte prüfen Sie im Einzelfall die Angaben auf der jeweiligen Produktverpackung, nur diese sind verbindlich.Das Produktdesign kann von der Abbildung abweichen.",Ladenburger Str. 68,Rewe,Frische & Convenience,2023-07-09,"Gültig ab morgen bis Samstag, 15.07.2023"
Aoste Ringsalami,https://img.rewe-static.de/KLEIN28_2023/2152240/2456630-90_digital-image.png?impolicy=s-offers&imwidth=200&output-format=image/webp,,https://shop.rewe.de/productList?search=2832136,,"luftgetrocknet , je 250-g-Pckg , (1 kg = 17.96)",Aktion,"4,49 €","b'ProduktbeschreibungArtikelnummer 2152240Zutaten & AllergeneZutaten: Schweinefleisch, Salz, LAKTOSE, Dextrose, Zucker, Gew\xc3\xbcrze, Konservierungsstoffe: Kaliumnitrat, Natriumnitrit; Starterkulturen. Salami-H\xc3\xbclle nicht essbar. Bitte vor Verzehr entfernen. Kann Spuren von Schalenfr\xc3\xbcchten und Milcheiwei\xc3\x9fen enthalten. 100 g Salami werden aus 160 g Schweinefleisch hergestellt.Allergenhinweise: Enth\xc3\xa4lt LAKTOSE.Enth\xc3\xa4lt: Milchzucker (Laktose). Kann enthalten: N\xc3\xbcsse und Nusserzeugnisse. Milch und Milcherzeugnisse (einschlie\xc3\x9flich Lactose).N\xc3\xa4hrwerteDurchschnittliche N\xc3\xa4hrwerteUnzubereitet pro 100 gEnergie1.845 kJEnergie445 kcalFett37 gFett, davon ges\xc3\xa4ttigte Fetts\xc3\xa4uren15 gKohlenhydrate2 gKohlenhydrate, davon Zucker1,5 gEiwei\xc3\x9f26 gSalz5 gHinweiseAufbewahrungs- und Verwendungshinweis: Vor Hitze sch\xc3\xbctzen und trocken lagern. Nach dem \xc3\x96ffnen innerhalb kurzer Zeit verzehren.Information: Unter Schutzatmosph\xc3\xa4re verpackt.Salami-H\xc3\xbclle nicht essbar. Bitte vor Verzehr entfernen.Identit\xc3\xa4tskennzeichen: FR 69.238.001 CEArtikeldetailsMarke: AosteUrsprungsland: FrankreichPackungsgr\xc3\xb6\xc3\x9fe: 250gKontaktKontaktname: Aoste SNCKontaktadresse: Hameau de Saint Didier - RD 592 - 38490 Aoste - FranceMaximale Bestellmenge: 15 St\xc3\xbcckF\xc3\xbcr die vorstehenden Angaben wird keine Haftung \xc3\xbcbernommen. Bitte pr\xc3\xbcfen Sie im Einzelfall die Angaben auf der jeweiligen Produktverpackung, nur diese sind verbindlich.Das Produktdesign kann von der Abbildung abweichen.'",Ladenburger Str. 68,Rewe,Frische & Convenience,2023-07-09,"Gültig ab morgen bis Samstag, 15.07.2023"
Schweine-Nacken,https://img.rewe-static.de/KLEIN28_2023/3468321/29796119-6_digital-image.png?impolicy=s-offers&imwidth=200&output-format=image/webp,,https://shop.rewe.de/productList?search=2832136,,"ohne Knochen, am Stück oder in Scheiben, Haltungsform 2 , je 100 g",Aktion,"0,69 €","b'ProduktbeschreibungArtikelnummer 3468321Frisch f\xc3\xbcr dich aus unserer Servicetheke. NachhaltigkeitWeitere Informationen zu den Siegeln findest du in unserer Siegelkunde.F\xc3\xbcr die vorstehenden Angaben wird keine Haftung \xc3\xbcbernommen. Bitte pr\xc3\xbcfen Sie im Einzelfall die Angaben auf der jeweiligen Produktverpackung, nur diese sind verbindlich.Das Produktdesign kann von der Abbildung abweichen.'",Ladenburger Str. 68,Rewe,Frische & Convenience,2023-07-09,"Gültig ab morgen bis Samstag, 15.07.2023"
Grünländer mild & nussig,https://img.rewe-static.de/KLEIN28_2023/4092074/34973807-8_digital-image.png?impolicy=s-offers&imwidth=200&output-format=image/webp,,https://shop.rewe.de/productList?search=2832136,,"Schnittkäse, 48% Fett i.Tr. , je 100 g",Aktion,"0,99 €","b'ProduktbeschreibungArtikelnummer 4092074Frisch f\xc3\xbcr dich aus unserer Servicetheke. \n \nZutaten: pasteurisierte MILCH, Farbstoff: Beta-Carotin, mikrobielles Lab, Kulturen, Speisesalz. \n \nLaktosefrei* \n*Laktosegehalt: unter 0, 1g/100g \n \nRinde zum Verzehr geeignet! Zutaten & AllergeneAllergenhinweise: nullN\xc3\xa4hrwerteDurchschnittliche N\xc3\xa4hrwerteUnzubereitet pro 100 gEnergie1.481 kJEnergie357 kcalFett29 gFett, davon ges\xc3\xa4ttigte Fetts\xc3\xa4uren19 gKohlenhydrate0,1 gKohlenhydrate, davon Zucker0,1 gEiwei\xc3\x9f24 gSalz0,8 gArtikeldetailsMarke: Gr\xc3\xbcnl\xc3\xa4nderMaximale Bestellmenge: 15 St\xc3\xbcckF\xc3\xbcr die vorstehenden Angaben wird keine Haftung \xc3\xbcbernommen. Bitte pr\xc3\xbcfen Sie im Einzelfall die Angaben auf der jeweiligen Produktverpackung, nur diese sind verbindlich.Das Produktdesign kann von der Abbildung abweichen.'",Ladenburger Str. 68,Rewe,Frische & Convenience,2023-07-09,"Gültig ab morgen bis Samstag, 15.07.2023"
Salakis Schafskäse Natur,https://img.rewe-static.de/KLEIN28_2023/8874226/37902848-5_digital-image.png?impolicy=s-offers&imwidth=200&output-format=image/webp,,https://shop.rewe.de/productList?search=2832136,,"je 180-g-Pckg , (1 kg = 9.94)",Aktion,"1,79 €","b'ProduktbeschreibungArtikelnummer 8874226Zutaten & AllergeneZutaten: pasteurisierte SchafMILCH, Lab, SalzAllergenhinweise: Enth\xc3\xa4lt: Milch und Milcherzeugnisse (einschlie\xc3\x9flich Lactose).N\xc3\xa4hrwerteDurchschnittliche N\xc3\xa4hrwerteUnzubereitet pro 100 gEnergie1.126 kJEnergie272 kcalFett23 gFett, davon ges\xc3\xa4ttigte Fetts\xc3\xa4uren16 gKohlenhydrate0,8 gKohlenhydrate, davon Zucker0,8 gEiwei\xc3\x9f16 gSalz2,8 gHinweiseAufbewahrungs- und Verwendungshinweis: bei 8\xc2\xb0C mindestens haltbar bis: siehe Verpackungsaufdruck: tt.mm.jjjjArtikeldetailsMarke: SalakisNettof\xc3\xbcllmenge: 180 GUrsprungsland: FrankreichKontaktKontaktname: Lactalis Deutschland GmbHKontaktadresse: Am Yachthafen 2, 77694 KehlMaximale Bestellmenge: 15 St\xc3\xbcckF\xc3\xbcr die vorstehenden Angaben wird keine Haftung \xc3\xbcbernommen. Bitte pr\xc3\xbcfen Sie im Einzelfall die Angaben auf der jeweiligen Produktverpackung, nur diese sind verbindlich.Das Produktdesign kann von der Abbildung abweichen.'",Ladenburger Str. 68,Rewe,Frische & Convenience,2023-07-09,"Gültig ab morgen bis Samstag, 15.07.2023"
Arla Finello Gratinkäse,https://img.rewe-static.de/KLEIN28_2023/0674328/21064797-16_digital-image.png?impolicy=s-offers&imwidth=200&output-format=image/webp,,https://shop.rewe.de/productList?search=2832136,,"dän. Reibekäse , je 150-g-Pckg , (1 kg = 9.93)",Aktion,"1,49 €","b'ProduktbeschreibungArtikelnummer 674328Zutaten & AllergeneZutaten: K\xc3\x84SE, Kartoffelst\xc3\xa4rke.Allergenhinweise: Enth\xc3\xa4lt: Milch und Milcherzeugnisse (einschlie\xc3\x9flich Lactose).N\xc3\xa4hrwerteDurchschnittliche N\xc3\xa4hrwerteUnzubereitet pro 100 gEnergie1.305 kJEnergie314 kcalFett23 gFett, davon ges\xc3\xa4ttigte Fetts\xc3\xa4uren14 gKohlenhydrate2,8 gKohlenhydrate, davon Zucker0,6 gEiwei\xc3\x9f24 gSalz1,5 gHinweiseAufbewahrungs- und Verwendungshinweis: Nach dem \xc3\x96ffnen k\xc3\xbchl aufbewahren.Bei 8 \xc2\xb0C mindestens haltbar bis: siehe VerpackungsaufdruckInformation: Unter Schutzatmosph\xc3\xa4re verpackt.ArtikeldetailsMarke: ArlaUrsprungsland: D\xc3\xa4nemarkSorte: Gratink\xc3\xa4seKontaktKontaktname: Arla Foods ambaKontaktadresse: DK-8260 Viby JMaximale Bestellmenge: 15 St\xc3\xbcckF\xc3\xbcr die vorstehenden Angaben wird keine Haftung \xc3\xbcbernommen. Bitte pr\xc3\xbcfen Sie im Einzelfall die Angaben auf der jeweiligen Produktverpackung, nur diese sind verbindlich.Das Produktdesign kann von der Abbildung abweichen.'",Ladenburger Str. 68,Rewe,Frische & Convenience,2023-07-09,"Gültig ab morgen bis Samstag, 15.07.2023"
Wiltmann Salami,https://img.rewe-static.de/KLEIN28_2023/4240936/6554940-38_digital-image.png?impolicy=s-offers&imwidth=200&output-format=image/webp,,https://shop.rewe.de/productList?search=2832136,,"versch. Sorten , je 80-g-Pckg , (1 kg = 16.13)",Aktion,"1,29 €","b'ProduktbeschreibungArtikelnummer 4240936Feinschmecker-Salami aus Rind- und Schweinefleisch. Zutaten & AllergeneZutaten: Schweinefleisch, Rindfleisch, jodierters Speisesalz (Speisesalz, Kaliumiodat), Traubenzucker, Trockenglucose, Gew\xc3\xbcrze, Gew\xc3\xbcrzextrakte, Antioxidationsmittel: Natriumascorbat; Konservierungsstoff: Natriumnitrit; Reifekulturen, Buchenholzrauch. 100g Salami, hergestellt aus 119g Schweinefleisch und 21g Rindfleisch.N\xc3\xa4hrwerteDurchschnittliche N\xc3\xa4hrwerteUnzubereitet pro 100 gEnergie1.474 kJEnergie355 kcalFett28,1 gFett, davon ges\xc3\xa4ttigte Fetts\xc3\xa4uren11 gKohlenhydrate1 gKohlenhydrate, davon Zucker1 gEiwei\xc3\x9f24,1 gSalz4,1 gHinweiseAufbewahrungs- und Verwendungshinweis: Bei maximal 7\xc2\xb0C unge\xc3\xb6ffnet mindestens haltbar bis: siehe VerpackungsaufdruckArtikeldetailsMarke: WiltmannUrsprungsland: DeutschlandKontaktKontaktname: Franz Wiltmann GmbH & Co. KGKontaktadresse: Wilhelm-Kleine-Strasse 16, D-33775 VersmoldMaximale Bestellmenge: 15 St\xc3\xbcckF\xc3\xbcr die vorstehenden Angaben wird keine Haftung \xc3\xbcbernommen. Bitte pr\xc3\xbcfen Sie im Einzelfall die Angaben auf der jeweiligen Produktverpackung, nur diese sind verbindlich.Das Produktdesign kann von der Abbildung abweichen.'",Ladenburger Str. 68,Rewe,Frische & Convenience,2023-07-09,"Gültig ab morgen bis Samstag, 15.07.2023"
Bresso Feine Kräuter,https://img.rewe-static.de/KLEIN28_2023/0396707/3684540-43_digital-image.png?impolicy=s-offers&imwidth=200&output-format=image/webp,,https://shop.rewe.de/productList?search=2832136,,"60% Fett i.Tr. , je 120-g-Pckg , (1 kg = 11.58)",Aktion,"1,39 €","b""ProduktbeschreibungArtikelnummer 396707BRESSO steht f\xc3\xbcr unbeschwerten Frischk\xc3\xa4se-Genuss & provenzalisch-mediterrane Lebensweise. Eine Frischk\xc3\xa4se-Spezialit\xc3\xa4t mit feinen Kr\xc3\xa4utern veredelt und mit Knoblauch raffiniert abgerundet \xe2\x80\x93 unser Klassiker unter den BRESSO Frischk\xc3\xa4se-Portionen \xe2\x80\x93 mit aromatischer Geschmacksnote. Als Packung mit acht praktischen Portionen erh\xc3\xa4ltlich.Zutaten & AllergeneZutaten: FRISCHK\xc3\x84SE (pasteurisierte KUHMILCH, pasteurisierte SAHNE/RAHM), Speisesalz, Knoblauch, Kr\xc3\xa4uter, Pfeffer, Konservierungsstoff (Kaliumsorbat). Dieser Frischk\xc3\xa4se kann Spuren von Schalenfr\xc3\xbcchten und Ziegenmilch enthalten.Allergenhinweise: Frischk\xc3\xa4se, Kuhmilch, Sahne/RahmEnth\xc3\xa4lt: Milch und Milcherzeugnisse (einschlie\xc3\x9flich Lactose). Kann enthalten: N\xc3\xbcsse und Nusserzeugnisse.N\xc3\xa4hrwerteDurchschnittliche N\xc3\xa4hrwerteUnzubereitet pro 100 gEnergie1.391 kJEnergie337 kcalFett32 gFett, davon ges\xc3\xa4ttigte Fetts\xc3\xa4uren23 gKohlenhydrate3 gKohlenhydrate, davon Zucker2,4 gEiwei\xc3\x9f9,2 gSalz1,2 gHinweiseAufbewahrungs- und Verwendungshinweis: Bei +2\xc2\xb0C bis +8\xc2\xb0C mindestens haltbar bis: siehe VerpackungsaufdruckInformation: DoppelrahmstufeArtikeldetailsMarke: BressoUrsprungsland: FrankreichKontaktKontaktname: FromarsacKontaktadresse: Marsac sur L'Isle, 24052 P\xc3\xa9rigueux, Cedex 9, FranceMaximale Bestellmenge: 15 St\xc3\xbcckF\xc3\xbcr die vorstehenden Angaben wird keine Haftung \xc3\xbcbernommen. Bitte pr\xc3\xbcfen Sie im Einzelfall die Angaben auf der jeweiligen Produktverpackung, nur diese sind verbindlich.Das Produktdesign kann von der Abbildung abweichen.""",Ladenburger Str. 68,Rewe,Frische & Convenience,2023-07-09,"Gültig ab morgen bis Samstag, 15.07.2023"
Rana Tortelloni,https://img.rewe-static.de/KLEIN28_2023/8657317/33918696-8_digital-image.png?impolicy=s-offers&imwidth=200&output-format=image/webp,,https://shop.rewe.de/productList?search=2832136,,"versch. Sorten , je 250-g-Pckg , (1 kg = 10.76)",Aktion,"2,69 €","b'ProduktbeschreibungArtikelnummer 8657317Zutaten & AllergeneZutaten: F\xc3\x9cLLUNG 53%: Basilikum Pesto 35%,(Sonnenblumen\xc3\xb6l, Basilikum 27% Pecorino Romano g.U. (gesch\xc3\xbctzte Ursprungsbezeichnung) K\xc3\x84SE 14%, KACHUN\xc3\x9cSSE, geriebener K\xc3\x84SE, Kochsalz, Pinienkerne 3%), Ricotta 33% (MOLKE, MILCH, Kochsalz), Pflanzenfasern (Mais und Kartoffeln) Mozzarella K\xc3\x84SE, Paniermehl (WeichWEIZENmehl, Wasser, Kochsalz, Hefe), LAKTOSE, St\xc3\xa4rke, nat\xc3\xbcrliche Aromen (enth\xc3\xa4lt GERSTE). TEIGWAREN 47%: WeichWEIZENmehl, EIER 30%,HartWEIZENgrie\xc3\x9f. Hergestellt in einem Werk, das auch SCHALENFR\xc3\x9cCHTE, FISCHE, KREBSTIERE, WICHTIERE, SOJABOHNEN und SELLERIE verwendet.Allergenhinweise: Enth\xc3\xa4lt: Glutenhaltiges Getreide und glutenhaltige Getreideerzeugnisse. Milch und Milcherzeugnisse (einschlie\xc3\x9flich Lactose). N\xc3\xbcsse und Nusserzeugnisse. Eier und Eierzeugnisse. Kann enthalten: Krebstiere und Krebstiererzeugnisse. Weichtiere und Weichtiererzeugnisse. Fisch und Fischerzeugnisse. Soja und Sojaerzeugnisse. Sellerie und Sellerieerzeugnisse.N\xc3\xa4hrwerteDurchschnittliche N\xc3\xa4hrwerteUnzubereitet pro 100 gEnergie1.225 kJEnergie292 kcalFett12 gFett, davon ges\xc3\xa4ttigte Fetts\xc3\xa4uren3,1 gKohlenhydrate32 gKohlenhydrate, davon Zucker4,1 gBallaststoffe6,2 gEiwei\xc3\x9f11 gSalz0,98 gHinweiseAufbewahrungs- und Verwendungshinweis: Im K\xc3\xbchlschrank bei +4\xc2\xb0C bis max. +7\xc2\xb0C aufbewahren. Nach dem \xc3\x96ffnen innerhalb von 3 Tagen verbrauchen.Information: Unter Schutzatmosph\xc3\xa4re verpackt.ArtikeldetailsMarke: Giovanni RanaUrsprungsland: ItalienKontaktKontaktname: Pastificio RANA S.p.A.Kontaktadresse: Via Pacinotti, 25 - 37057 San Giovanni Lupatoto (VR) - ItaliaMaximale Bestellmenge: 15 St\xc3\xbcckF\xc3\xbcr die vorstehenden Angaben wird keine Haftung \xc3\xbcbernommen. Bitte pr\xc3\xbcfen Sie im Einzelfall die Angaben auf der jeweiligen Produktverpackung, nur diese sind verbindlich.Das Produktdesign kann von der Abbildung abweichen.'",Ladenburger Str. 68,Rewe,Frische & Convenience,2023-07-09,"Gültig ab morgen bis Samstag, 15.07.2023"
Homann Kartoffel- oder Pellkartoffelsalat,https://img.rewe-static.de/KLEIN28_2023/8698632/34937248-11_digital-image.png?impolicy=s-offers&imwidth=200&output-format=image/webp,,https://shop.rewe.de/productList?search=2832136,,"versch. Sorten , je 400-g-Pckg , (1 kg = 4.23)",Aktion,"1,69 €","b'ProduktbeschreibungArtikelnummer 8698632Zutaten & AllergeneZutaten: 62% Kartoffeln, Raps\xc3\xb6l, 8% H\xc3\x9cHNEREIER, 6% Gurken, Wasser, Zucker, Branntweinessig, 2% Zwiebeln, Speisesalz, H\xc3\x9cHNEREIGELB, S\xc3\xa4ureregulatoren: Calciumchlorid und Natriumacetate, Sahne (MILCH), Konservierungsstoff: Kaliumsorbat, St\xc3\xa4rke, Gew\xc3\xbcrze (enth\xc3\xa4lt SENF), f\xc3\xa4rbendes Lebensmittel: Karottenkonzentrat, Verdickungsmittel: Guarkernmehl, S\xc3\xa4uerungsmittel: Citronens\xc3\xa4ure, Antioxidationsmittel: Ascorbins\xc3\xa4ure, Stabilisator: Carrageen. Kann Spuren von Erdn\xc3\xbcssen, Fischen, glutenhaltiges Getreide, Krebstieren, Schalenfr\xc3\xbcchten, Sellerie, Sesamsamen und Sojabohnen enthalten.Allergenhinweise: Enth\xc3\xa4lt: Eier und Eierzeugnisse. Milch und Milcherzeugnisse (einschlie\xc3\x9flich Lactose). Senf- und Senferzeugnisse. Kann enthalten: Erdn\xc3\xbcsse und Erdnusserzeugnisse. Glutenhaltiges Getreide und glutenhaltige Getreideerzeugnisse. N\xc3\xbcsse und Nusserzeugnisse. Sellerie und Sellerieerzeugnisse. Sesamsamen und Sesamsamenerzeugnisse. Soja und Sojaerzeugnisse. Weizen und Weizenerzeugnisse (glutenhaltiges Getreide). Fisch und Fischerzeugnisse.N\xc3\xa4hrwerteDurchschnittliche N\xc3\xa4hrwerteUnzubereitet pro 100 gEnergie770 kJEnergie185 kcalFett13,2 gFett, davon ges\xc3\xa4ttigte Fetts\xc3\xa4uren1,2 gKohlenhydrate12,8 gKohlenhydrate, davon Zucker3 gEiwei\xc3\x9f2,6 gSalz1,3 gHinweiseAufbewahrungs- und Verwendungshinweis: Gek\xc3\xbchlt bei max. +7\xc2\xb0CArtikeldetailsMarke: HomannUrsprungsland: NiederlandeKontaktKontaktname: Signature Foods Deutschland GmbHKontaktadresse: Winkelhausenstra\xc3\x9fe 10, 49090 Osnabr\xc3\xbcckMaximale Bestellmenge: 15 St\xc3\xbcckF\xc3\xbcr die vorstehenden Angaben wird keine Haftung \xc3\xbcbernommen. Bitte pr\xc3\xbcfen Sie im Einzelfall die Angaben auf der jeweiligen Produktverpackung, nur diese sind verbindlich.Das Produktdesign kann von der Abbildung abweichen.'",Ladenburger Str. 68,Rewe,Frische & Convenience,2023-07-09,"Gültig ab morgen bis Samstag, 15.07.2023"
Alta Badia,https://img.rewe-static.de/KLEIN28_2023/0351001/26962937-8_digital-image.png?impolicy=s-offers&imwidth=200&output-format=image/webp,,https://shop.rewe.de/productList?search=2832136,,"ital. Hartkäse, mind. 50% Fett i.Tr. , je 100 g",Aktion,"1,99 €","b'ProduktbeschreibungArtikelnummer 351001Frisch f\xc3\xbcr dich aus unserer Servicetheke. \n \nZutaten: pasteurisierte MILCH, Salz, MILCHS\xc3\x84UREBAKTERIEN, tierisches Lab, Konservierungsstoff: LYSOZYM (aus EI), Natamycin, Farbstoff: AMMONSULFITZUCKERKUL\xc3\x96R \n \nLaktosefrei* \n*Laktosegehalt: unter 0, 1g/100g \n \nRinde nicht zum Verzehr geeignet! \n \nN\xc3\xa4hrwerte je 100g: \nEnergie: 1704kJ \nEnergie: 411kcal \nFett: 33,5g \nFett, davon ges\xc3\xa4ttigte Fetts\xc3\xa4uren: 24,1g \nKohlenhydrate: 0,1g \nKohlenhydrate, davon Zucker: 0,1g \nEiwei\xc3\x9f: 27,3g \nSalz: 1,7g ArtikeldetailsEigenschaften: LaktosefreiMaximale Bestellmenge: 15 St\xc3\xbcckF\xc3\xbcr die vorstehenden Angaben wird keine Haftung \xc3\xbcbernommen. Bitte pr\xc3\xbcfen Sie im Einzelfall die Angaben auf der jeweiligen Produktverpackung, nur diese sind verbindlich.Das Produktdesign kann von der Abbildung abweichen.'",Ladenburger Str. 68,Rewe,Frische & Convenience,2023-07-09,"Gültig ab morgen bis Samstag, 15.07.2023"
Campofrio Serrano-Schinken,https://img.rewe-static.de/KLEIN28_2023/0515409/31641266-6_digital-image.png?impolicy=s-offers&imwidth=200&output-format=image/webp,,https://shop.rewe.de/productList?search=2832136,,je 100 g,Aktion,"2,19 €","b'ProduktbeschreibungArtikelnummer 515409Frisch f\xc3\xbcr dich aus unserer Servicetheke. \n \nZutaten: Schweinefleisch, Salz, Konservierungsstoff: Kaliumnitrat, Natriumnitrit. \n \nN\xc3\xa4hrwerte je 100g: \nEnergie: 889kJ \nEnergie: 2120kcal \nFett: 10g \nFett, davon ges\xc3\xa4ttigte Fetts\xc3\xa4uren: 3,8g \nKohlenhydrate: 0,5g \nKohlenhydrate, davon Zucker: 0,5g \nEiwei\xc3\x9f: 30g \nSalz: 5g Zutaten & AllergeneAllergenhinweise: nullN\xc3\xa4hrwerteDurchschnittliche N\xc3\xa4hrwerteUnzubereitet pro 100 gEnergie889 kJEnergie212 kcalFett10 gFett, davon ges\xc3\xa4ttigte Fetts\xc3\xa4uren3,8 gKohlenhydrate0,5 gKohlenhydrate, davon Zucker0,5 gEiwei\xc3\x9f30 gSalz5 gArtikeldetailsMarke: CampofrioMaximale Bestellmenge: 15 St\xc3\xbcckF\xc3\xbcr die vorstehenden Angaben wird keine Haftung \xc3\xbcbernommen. Bitte pr\xc3\xbcfen Sie im Einzelfall die Angaben auf der jeweiligen Produktverpackung, nur diese sind verbindlich.Das Produktdesign kann von der Abbildung abweichen.'",Ladenburger Str. 68,Rewe,Frische & Convenience,2023-07-09,"Gültig ab morgen bis Samstag, 15.07.2023"
Galbani Mozzarella Mini,https://img.rewe-static.de/KLEIN28_2023/0594382/965610-29_digital-image.png?impolicy=s-offers&imwidth=200&output-format=image/webp,,https://shop.rewe.de/productList?search=2832136,,"38% Fett i.Tr. , je 260-g-Pckg , (1 kg = 13.27) , 150-g-Abtropfgew.",Aktion,"1,99 €","b'ProduktbeschreibungArtikelnummer 594382Zutaten & AllergeneZutaten: pasteurisierte KuhMILCH, Lab, Salz, S\xc3\xa4uerungsmittel:Zitronens\xc3\xa4ureAllergenhinweise: Enth\xc3\xa4lt: Milch und Milcherzeugnisse (einschlie\xc3\x9flich Lactose).N\xc3\xa4hrwerteDurchschnittliche N\xc3\xa4hrwerteUnzubereitet pro 100 gEnergie819 kJEnergie197 kcalFett13,5 gFett, davon ges\xc3\xa4ttigte Fetts\xc3\xa4uren9,4 gKohlenhydrate1,3 gKohlenhydrate, davon Zucker0,6 gEiwei\xc3\x9f17,5 gSalz0,6 gHinweiseAufbewahrungs- und Verwendungshinweis: bei 8\xc2\xb0C mindestens haltbar bis: siehe VerpackungsaufdruckArtikeldetailsMarke: GalbaniNettof\xc3\xbcllmenge: 260 GUrsprungsland: ItalienAbtropfgewicht: 150 gKontaktKontaktname: Lactalis Deutschland GmbHKontaktadresse: Am Yachthafen 2, 77694 KehlMaximale Bestellmenge: 15 St\xc3\xbcckF\xc3\xbcr die vorstehenden Angaben wird keine Haftung \xc3\xbcbernommen. Bitte pr\xc3\xbcfen Sie im Einzelfall die Angaben auf der jeweiligen Produktverpackung, nur diese sind verbindlich.Das Produktdesign kann von der Abbildung abweichen.'",Ladenburger Str. 68,Rewe,Frische & Convenience,2023-07-09,"Gültig ab morgen bis Samstag, 15.07.2023"
REWE Beste Wahl Gnocchi,https://img.rewe-static.de/KLEIN28_2023/0118000/23128380-35_digital-image.png?impolicy=s-offers&imwidth=200&output-format=image/webp,,https://shop.rewe.de/productList?search=2832136,,"frische, italienische Kartoffelklößchen aus 78% Kartoffelpüree , je 400-g-Btl , (1 kg = 3.73)",Aktion,"1,49 €","b'ProduktbeschreibungArtikelnummer 118000Zutaten & AllergeneZutaten: Kartoffelp\xc3\xbcree 80% (Wasser, Kartoffelflocken 16%), WEIZENMEHL, Kartoffelst\xc3\xa4rke, Reismehl, Speisesalz.  Kann Spuren von Soja enthalten.Allergenhinweise: Glutenhaltiges Getreide (Weizen, Gerste, Roggen, Hafer, Dinkel, Kamut oder Hybridst\xc3\xa4mme)N\xc3\xa4hrwerteDurchschnittliche N\xc3\xa4hrwertepro 100 gEnergie630 kJEnergie149 kcalFett0,6 gFett, davon ges\xc3\xa4ttigte Fetts\xc3\xa4uren0 gKohlenhydrate32 gKohlenhydrate, davon Zucker0,3 gEiwei\xc3\x9f3,3 gSalz1,08 gHinweiseAufbewahrungshinweise:  Nach dem \xc3\x96ffnen k\xc3\xbchl lagern und innerhalb von drei Tagen verzehren.Verwendungshinweise: Bei +4 \xc2\xb0C bis +7 \xc2\xb0CArtikeldetailsMarke: REWE Beste WahlUrsprungsland: ItalienPackungsgr\xc3\xb6\xc3\x9fe: 400gKontaktKontaktname: CIEMME ALIMENTARI S.R.L.Kontaktadresse: VIA FOGGIA, 28/30, BARLETTA, 76121, ItalienMaximale Bestellmenge: 15 St\xc3\xbcckF\xc3\xbcr die vorstehenden Angaben wird keine Haftung \xc3\xbcbernommen. Bitte pr\xc3\xbcfen Sie im Einzelfall die Angaben auf der jeweiligen Produktverpackung, nur diese sind verbindlich.Das Produktdesign kann von der Abbildung abweichen.'",Ladenburger Str. 68,Rewe,Frische & Convenience,2023-07-09,"Gültig ab morgen bis Samstag, 15.07.2023"
Milram Müritzer Scheiben,https://img.rewe-static.de/KLEIN28_2023/7215406/27484152-9_digital-image.png?impolicy=s-offers&imwidth=200&output-format=image/webp,,https://shop.rewe.de/productList?search=2832136,,"Schnittkäse, 55% Fett i.Tr. , je 150-g-Pckg , (1 kg = 9.93)",Knaller,"1,49 €","b'ProduktbeschreibungArtikelnummer 7215406Zutaten & AllergeneZutaten: pasteurisierte KUHMILCH, Speisesalz, S\xc3\xa4uerungskulturen, mikrobielles Lab, Farbstoff: Carotin, Annatto Norbixin(pflanzlicher Farbstoff)Allergenhinweise: Enth\xc3\xa4lt: Milch und Milcherzeugnisse (einschlie\xc3\x9flich Lactose).N\xc3\xa4hrwerteDurchschnittliche N\xc3\xa4hrwerteUnzubereitet pro 100 gEnergie1.599 kJEnergie386 kcalFett33 gFett, davon ges\xc3\xa4ttigte Fetts\xc3\xa4uren22,8 gKohlenhydrate< 0,1 gKohlenhydrate, davon Zucker< 0,1 gEiwei\xc3\x9f21 gSalz1,8 gCalcium650 mgHinweiseAufbewahrungs- und Verwendungshinweis: Unge\xc3\xb6ffnet bei +4\xc2\xb0C bis +8\xc2\xb0C mindestens haltbar bis: Nach dem \xc3\x96ffnen k\xc3\xbchl lagern und innerhalb weniger Tage verbrauchen.Information: unter Schutzatmosph\xc3\xa4re verpackt.ArtikeldetailsMarke: MilramEigenschaften: LaktosefreiUrsprungsland: DeutschlandKontaktKontaktname: DMK GmbHKontaktadresse: 27400 ZevenMaximale Bestellmenge: 15 St\xc3\xbcckF\xc3\xbcr die vorstehenden Angaben wird keine Haftung \xc3\xbcbernommen. Bitte pr\xc3\xbcfen Sie im Einzelfall die Angaben auf der jeweiligen Produktverpackung, nur diese sind verbindlich.Das Produktdesign kann von der Abbildung abweichen.'",Ladenburger Str. 68,Rewe,Kühlung,2023-07-09,"Gültig ab morgen bis Samstag, 15.07.2023"
"Rama zum Streichen, Backen & Kochen",https://img.rewe-static.de/KLEIN28_2023/8826343/36666364-10_digital-image.png?impolicy=s-offers&imwidth=200&output-format=image/webp,,https://shop.rewe.de/productList?search=2832136,,"je 400-g-Becher , (1 kg = 2.98)",Knaller,"1,19 €","b'ProduktbeschreibungArtikelnummer 8826343100% nat\xc3\xbcrliche Zutaten, 100% Pflanzlich, \nGern k\xc3\xbchl lagern. Mit 100% nat\xc3\xbcrlichen Zutaten ist Rama auch k\xc3\xbchlschrankkalt immer einsatzbereit.Zutaten & AllergeneZutaten: pflanzliche \xc3\x96le und Fette (Raps, Palm, Sonnenblumen in ver\xc3\xa4nderlichen Gewichtsanteilen), Trinkwasser, Speisesalz (0.5%), Emulgatoren (Lecithine, Mono- und Diglyceride von Speisefetts\xc3\xa4uren), nat\xc3\xbcrliche Aromen, S\xc3\xa4uerungsmittel (Citronens\xc3\xa4ure), Vitamine (A, D, E), Farbstoff (Carotin).N\xc3\xa4hrwerteDurchschnittliche N\xc3\xa4hrwerteUnzubereitet pro 100 gEnergie2.235 kJEnergie536 kcalFett60 gFett, davon ges\xc3\xa4ttigte Fetts\xc3\xa4uren21 gKohlenhydrate< 0,5 gKohlenhydrate, davon Zucker< 0,5 gEiwei\xc3\x9f< 0,5 gSalz0,5 gVitamin A800 \xc2\xb5gVitamin D7,5 \xc2\xb5gVitamin E9,2 mgHinweiseAufbewahrungs- und Verwendungshinweis: Beste Lagerung zwischen +2\xc2\xb0C und +15 \xc2\xb0C.ArtikeldetailsMarke: RamaUrsprungsland: DeutschlandKontaktKontaktname: Upfield Deutschland GmbHKontaktadresse: Postfach 10 25 27 20017 HamburgMaximale Bestellmenge: 15 St\xc3\xbcckF\xc3\xbcr die vorstehenden Angaben wird keine Haftung \xc3\xbcbernommen. Bitte pr\xc3\xbcfen Sie im Einzelfall die Angaben auf der jeweiligen Produktverpackung, nur diese sind verbindlich.Das Produktdesign kann von der Abbildung abweichen.'",Ladenburger Str. 68,Rewe,Kühlung,2023-07-09,"Gültig ab morgen bis Samstag, 15.07.2023"
Ehrmann Almighurt,https://img.rewe-static.de/KLEIN28_2023/7659300/9176090-16_digital-image.png?impolicy=s-offers&imwidth=200&output-format=image/webp,,https://shop.rewe.de/productList?search=2832136,,"versch. Sorten , je 150-g-Becher , (1 kg = 2.20)",Knaller,"0,33 €","b'ProduktbeschreibungArtikelnummer 7659300Erlesene Fruchtzubereitung aus Deutschland.Gute Allg\xc3\xa4uer Milch von Familienh\xc3\xb6fen.Zutaten & AllergeneZutaten: JOGHURT mild, Zucker, Heidelbeeren 6,8%, modifizierte St\xc3\xa4rke, f\xc3\xa4rbendes Pflanzenkonzentrat (Karotte), Verdickungsmittel (Pektine, Guarkernmehl), Aroma. Ohne Konservierungsstoffe.Allergenhinweise: Enth\xc3\xa4lt: JoghurtEnth\xc3\xa4lt: Milch und Milcherzeugnisse (einschlie\xc3\x9flich Lactose). Milchzucker (Laktose).N\xc3\xa4hrwerteDurchschnittliche N\xc3\xa4hrwerteUnzubereitet pro 100 gEnergie389 kJEnergie92 kcalFett2,7 gFett, davon ges\xc3\xa4ttigte Fetts\xc3\xa4uren1,8 gKohlenhydrate14 gKohlenhydrate, davon Zucker13 gEiwei\xc3\x9f3 gSalz0,1 gHinweiseAufbewahrungs- und Verwendungshinweis: Bei max. +8 \xc2\xb0C mindestens haltbar bis: siehe DeckelArtikeldetailsMarke: EhrmannUrsprungsland: DeutschlandSorte: HeidelbeereKontaktKontaktname: Ehrmann GmbHKontaktadresse: A.-Ehrmann-Stra\xc3\x9fe 2, 87770 Obersch\xc3\xb6neggMaximale Bestellmenge: 15 St\xc3\xbcckF\xc3\xbcr die vorstehenden Angaben wird keine Haftung \xc3\xbcbernommen. Bitte pr\xc3\xbcfen Sie im Einzelfall die Angaben auf der jeweiligen Produktverpackung, nur diese sind verbindlich.Das Produktdesign kann von der Abbildung abweichen.'",Ladenburger Str. 68,Rewe,Kühlung,2023-07-09,"Gültig ab morgen bis Samstag, 15.07.2023"
Mövenpick Caffè Macchiato,https://img.rewe-static.de/KLEIN28_2023/2807955/969690-46_digital-image.png?impolicy=s-offers&imwidth=200&output-format=image/webp,,https://shop.rewe.de/productList?search=2832136,,"koffeinhaltig , je 190-ml-Becher , (1 l = 4.68)",Aktion,"0,89 €","b'ProduktbeschreibungArtikelnummer 2807955F\xc3\xbcr alle, die es gerne mild und cremig m\xc3\xb6gen, ist unser ""Iced Coffee Macchiato"" genau das Richtige. Hier treffen feinste Hochland-Arabica-Bohnen auf Robusta-Bohnen und einen Schuss Vollmilch und kreieren so einen einzigartigen runden und harmonischen Milchkaffee.Zutaten & AllergeneZutaten: 79 % VOLLMILCH, 16% Kaffee (fl\xc3\xbcssiger Kaffee-Extrakt, Wasser), Zucker, Verdickungsmittel: Carrageen. Koffeingehalt: ca. 34 mg/100 mlAllergenhinweise: Enth\xc3\xa4lt: Milch und Milcherzeugnisse (einschlie\xc3\x9flich Lactose).N\xc3\xa4hrwerteDurchschnittliche N\xc3\xa4hrwerteUnzubereitet pro 100 gEnergie351 kJEnergie82 kcalFett3,7 gFett, davon ges\xc3\xa4ttigte Fetts\xc3\xa4uren2,6 gKohlenhydrate9,2 gKohlenhydrate, davon Zucker8,8 gEiwei\xc3\x9f3,4 gSalz0,1 gHinweiseAufbewahrungs- und Verwendungshinweis: Bei +8\xc2\xb0C mindestens haltbar bis: siehe DeckelArtikeldetailsMarke: M\xc3\xb6venpickUrsprungsland: DeutschlandSorte: MacchiatoKontaktKontaktname: Privatmolkerei BauerKontaktadresse: 83512 Wasserburg/InnMaximale Bestellmenge: 15 St\xc3\xbcckF\xc3\xbcr die vorstehenden Angaben wird keine Haftung \xc3\xbcbernommen. Bitte pr\xc3\xbcfen Sie im Einzelfall die Angaben auf der jeweiligen Produktverpackung, nur diese sind verbindlich.Das Produktdesign kann von der Abbildung abweichen.'",Ladenburger Str. 68,Rewe,Kühlung,2023-07-09,"Gültig ab morgen bis Samstag, 15.07.2023"
Mövenpick Caffè Cappuccino,https://img.rewe-static.de/KLEIN28_2023/0021685/21145285-37_digital-image.png?impolicy=s-offers&imwidth=200&output-format=image/webp,,https://shop.rewe.de/productList?search=2832136,,"koffeinhaltig , je 189-ml-Becher , (1 l = 4.71)",Aktion,"0,89 €","b'ProduktbeschreibungArtikelnummer 21685F\xc3\xbcr alle, die es gerne mild und schokoladig m\xc3\xb6gen, ist unser ""Iced Coffee Cappuccino"" genau das Richtige. Hier treffen feinste Hochland-Arabica-Bohnen auf Robusta-Bohnen, beste Milch und feinsten Kakao. Ein cremig-schokoladiger Eiskaffee - f\xc3\xbcr echte Cappuccino-Freunde.Zutaten & AllergeneZutaten: 79% fettarme MILCH, 16% Kaffee (fl\xc3\xbcssiger Kaffee-Extrakt, Wasser), Zucker, 0,5% Kakaopulver, Verdickungsmittel Carrageen. Koffeingehalt: ca. 37 mg/100 mlAllergenhinweise: Enth\xc3\xa4lt: Milch und Milcherzeugnisse (einschlie\xc3\x9flich Lactose).N\xc3\xa4hrwerteDurchschnittliche N\xc3\xa4hrwerteUnzubereitet pro 100 gEnergie277 kJEnergie66 kcalFett1,5 gFett, davon ges\xc3\xa4ttigte Fetts\xc3\xa4uren1 gKohlenhydrate9,4 gKohlenhydrate, davon Zucker8,9 gEiwei\xc3\x9f3,6 gSalz0,1 gHinweiseAufbewahrungs- und Verwendungshinweis: Bei +8\xc2\xb0C mindestens haltbar: siehe DeckelArtikeldetailsMarke: M\xc3\xb6venpickUrsprungsland: DeutschlandSorte: CappuccinoKontaktKontaktname: Privatmolkerei BauerKontaktadresse: 83512 WasserburgMaximale Bestellmenge: 15 St\xc3\xbcckF\xc3\xbcr die vorstehenden Angaben wird keine Haftung \xc3\xbcbernommen. Bitte pr\xc3\xbcfen Sie im Einzelfall die Angaben auf der jeweiligen Produktverpackung, nur diese sind verbindlich.Das Produktdesign kann von der Abbildung abweichen.'",Ladenburger Str. 68,Rewe,Kühlung,2023-07-09,"Gültig ab morgen bis Samstag, 15.07.2023"
Weihenstephan Butter oder die Streichzarte,https://img.rewe-static.de/KLEIN28_2023/5005051/24074982-44_digital-image.png?impolicy=s-offers&imwidth=200&output-format=image/webp,,https://shop.rewe.de/productList?search=2832136,,"versch. Sorten , je 250-g-Pckg , (1 kg = 6.36)",Aktion,"1,59 €","b'ProduktbeschreibungArtikelnummer 5005051Zutaten & AllergeneAllergenhinweise: Enth\xc3\xa4lt: Milch und Milcherzeugnisse (einschlie\xc3\x9flich Lactose).N\xc3\xa4hrwerteDurchschnittliche N\xc3\xa4hrwerteUnzubereitet pro 100 gEnergie3.074 kJEnergie747 kcalFett82 gFett, davon ges\xc3\xa4ttigte Fetts\xc3\xa4uren55 gKohlenhydrate1 gKohlenhydrate, davon Zucker1 gEiwei\xc3\x9f0,6 gSalz0,04 gHinweiseAufbewahrungs- und Verwendungshinweis: Bei maximal +8 \xc2\xb0C mindestens haltbar bis: siehe Verpackungsaufdruck.ArtikeldetailsMarke: WeihenstephanUrsprungsland: DeutschlandKontaktKontaktname: Molkerei Weihenstephan GmbH & Co. KGKontaktadresse: Milchstr. 1, D-85354 FreisingMaximale Bestellmenge: 15 St\xc3\xbcckF\xc3\xbcr die vorstehenden Angaben wird keine Haftung \xc3\xbcbernommen. Bitte pr\xc3\xbcfen Sie im Einzelfall die Angaben auf der jeweiligen Produktverpackung, nur diese sind verbindlich.Das Produktdesign kann von der Abbildung abweichen.'",Ladenburger Str. 68,Rewe,Kühlung,2023-07-09,"Gültig ab morgen bis Samstag, 15.07.2023"
Brunch Brotaufstrich,https://img.rewe-static.de/KLEIN28_2023/8864032/37520400-10_digital-image.png?impolicy=s-offers&imwidth=200&output-format=image/webp,,https://shop.rewe.de/productList?search=2832136,,"versch. Sorten , je 185-g-Becher , (1 kg = 6.43)",Aktion,"1,19 €","b'ProduktbeschreibungArtikelnummer 8864032Brunch Natur. Genuss durch den unverwechselbaren Geschmack und die besonders cremige Textur. Ideal nicht nur zum Streichen sondern auch zum Kochen, Dippen und Backen.\nHergestellt mit Milch aus der Bodensee - Region.Zutaten & AllergeneZutaten: 66% RAHM, 28% MAGERMILCHJOGHURT, MILCHEIWEI\xc3\x9f, St\xc3\xa4rke, Speisesalz, Verdickungsmittel: Agar-Agar, Pektin.Allergenhinweise: MilchEnth\xc3\xa4lt: Milch und Milcherzeugnisse (einschlie\xc3\x9flich Lactose).N\xc3\xa4hrwerteDurchschnittliche N\xc3\xa4hrwerteUnzubereitet pro 100 gEnergie907 kJEnergie219 kcalFett20 gFett, davon ges\xc3\xa4ttigte Fetts\xc3\xa4uren13 gKohlenhydrate4,5 gKohlenhydrate, davon Zucker3,3 gEiwei\xc3\x9f5,3 gSalz0,7 gHinweiseAufbewahrungs- und Verwendungshinweis: D+A: Bei +2 bis +10\xc2\xb0C mindestens haltbar bis: siehe Verpackungsaufdruck CH: Zu verbrauchen bis: siehe VerpackungsaufdruckArtikeldetailsMarke: BrunchUrsprungsland: DeutschlandKontaktKontaktname: Edelweiss GmbH & Co.KGKontaktadresse: D-87435 KemptenMaximale Bestellmenge: 15 St\xc3\xbcckF\xc3\xbcr die vorstehenden Angaben wird keine Haftung \xc3\xbcbernommen. Bitte pr\xc3\xbcfen Sie im Einzelfall die Angaben auf der jeweiligen Produktverpackung, nur diese sind verbindlich.Das Produktdesign kann von der Abbildung abweichen.'",Ladenburger Str. 68,Rewe,Kühlung,2023-07-09,"Gültig ab morgen bis Samstag, 15.07.2023"
Müller Kalinka Kefir oder Ayran,https://img.rewe-static.de/KLEIN28_2023/2464084/36823096-10_digital-image.png?impolicy=s-offers&imwidth=200&output-format=image/webp,,https://shop.rewe.de/productList?search=2832136,,"je 500-g-Fl , (1 kg = 1.78)",Aktion,"0,89 €","b'ProduktbeschreibungArtikelnummer 2464084Zutaten & AllergeneAllergenhinweise: Enth\xc3\xa4lt: Milch und Milcherzeugnisse (einschlie\xc3\x9flich Lactose).N\xc3\xa4hrwerteDurchschnittliche N\xc3\xa4hrwerteUnzubereitet pro 100 gEnergie193 kJEnergie46 kcalFett1,5 gFett, davon ges\xc3\xa4ttigte Fetts\xc3\xa4uren1 gKohlenhydrate4,1 gKohlenhydrate, davon Zucker4,1 gEiwei\xc3\x9f3,4 gSalz0,12 gRiboflavin0,15 mgCalcium133 mgHinweiseAufbewahrungs- und Verwendungshinweis: Bei unter +8\xc2\xb0C mindestens haltbar bis: siehe Deckelaufdruck.Information: Neben einer abwechslungsreichen und ausgewogenen Ern\xc3\xa4hrung ist eine gesunde Lebensweise f\xc3\xbcr Ihr Wohlbefinden wichtig.ArtikeldetailsMarke: M\xc3\xbcllerUrsprungsland: DeutschlandKontaktKontaktname: Molkerei Alois M\xc3\xbcller GmbH & Co. KGKontaktadresse: Zollerstra\xc3\x9fe 7, DE-86850 AretsriedMaximale Bestellmenge: 15 St\xc3\xbcckF\xc3\xbcr die vorstehenden Angaben wird keine Haftung \xc3\xbcbernommen. Bitte pr\xc3\xbcfen Sie im Einzelfall die Angaben auf der jeweiligen Produktverpackung, nur diese sind verbindlich.Das Produktdesign kann von der Abbildung abweichen.'",Ladenburger Str. 68,Rewe,Kühlung,2023-07-09,"Gültig ab morgen bis Samstag, 15.07.2023"
Bertolli Brotaufstrich,https://img.rewe-static.de/KLEIN28_2023/4942531/3398660-52_digital-image.png?impolicy=s-offers&imwidth=200&output-format=image/webp,,https://shop.rewe.de/productList?search=2832136,,"mit mildem Olivenöl , je 250-g-Becher , (1 kg = 5.56)",Aktion,"1,39 €","b'ProduktbeschreibungArtikelnummer 4942531- Das Gute des Olivenbaums \n- Enth\xc3\xa4lt viele einfach unges\xc3\xa4ttigte Fetts\xc3\xa4uren \n- F\xc3\xbcr eine gesunde, ausgewogene Ern\xc3\xa4hrung. \n- Passt hervorragend zu herzhafen Brotbel\xc3\xa4gen \n- Aber auch zu S\xc3\xbc\xc3\x9fem, wie Marmelade oder Honig \n \nDas \xe2\x80\x9eGute des Olivenbaums\xe2\x80\x9c t\xc3\xa4glich aufs Brot! \nDer BERTOLLI Brotaufstrich enth\xc3\xa4lt viele einfach unges\xc3\xa4ttigte Fetts\xc3\xa4uren, die einen wichtigen Bestandteil der traditionellen mediterranen Ern\xc3\xa4hrung darstellen. \nDer BERTOLLI Brotaufstrich tr\xc3\xa4gt somit dem Trend nach einer gesunden und ausgewogenen Ern\xc3\xa4hrung Rechnung. \nEr passt hervorragend sowohl zu herzhaften Brotbel\xc3\xa4gen als auch zu S\xc3\xbc\xc3\x9fem, wie Marmelade oder Honig. Zu den beliebtesten Brotsorten geh\xc3\xb6ren Focaccia, Tramezzino, Ciabatta und Bruschetta. Die mediterranen Brotspezialit\xc3\xa4ten werden oft zusammen mit Tomaten, Oliven und anderen Leckereien als kleiner Imbiss f\xc3\xbcr zwischendurch gereicht. \nDie K\xc3\xbcche Italiens geh\xc3\xb6rt zu den bekanntesten und beliebtesten K\xc3\xbcchen der Welt. Vollkommen zu Recht, denn sie besticht durch ihre frischen Zutaten, ihren Abwechslungsreichtum und gilt zudem als gesund. Hier finden Sie typisch italienische K\xc3\xb6stlichkeiten, mit denen Sie sich \xe2\x80\x9ela Dolce Vita\xe2\x80\x9c in Ihr eigenes Zuhause holen k\xc3\xb6nnen. \n \nBERTOLLI Brotaufstrich ist in 250g und 500g Packungen erh\xc3\xa4ltlich.... mehr anzeigenDas Gute des OlivenbaumsZutaten & AllergeneZutaten: Trinkwasser, pflanzliche \xc3\x96le und Fette (Raps, Palm, Palm ganz geh\xc3\xa4rtet), 7,5% Oliven\xc3\xb6l, BUTTERMILCH, modifizierte St\xc3\xa4rke, Speisesalz (0,4%), Emulgatoren (Mono- und Diglyceride von Speisefetts\xc3\xa4uren, Lecithine), Konservierungsstoff (Kaliumsorbat), S\xc3\xa4uerungsmittel (Citronens\xc3\xa4ure), Aroma, Vitamine (A, D), Farbstoff (Carotin).Allergenhinweise: Enth\xc3\xa4lt: Milch und Milcherzeugnisse (einschlie\xc3\x9flich Lactose).N\xc3\xa4hrwerteDurchschnittliche N\xc3\xa4hrwerteUnzubereitet pro 100 gEnergie1.445 kJEnergie339 kcalFett38 gFett, davon ges\xc3\xa4ttigte Fetts\xc3\xa4uren9 gKohlenhydrate1,7 gKohlenhydrate, davon Zucker< 0,5 gEiwei\xc3\x9f< 0,5 gSalz0,4 gVitamin A800 \xc2\xb5gVitamin D7,5 \xc2\xb5gHinweiseAufbewahrungs- und Verwendungshinweis: Beste Lagerung zwischen +2\xc2\xb0C und +15\xc2\xb0CArtikeldetailsMarke: BertolliUrsprungsland: NiederlandePackungsgr\xc3\xb6\xc3\x9fe: 250gKontaktKontaktname: Upfield Deutschland GmbHKontaktadresse: Valentinskamp 88-90, 20355 HamburgMaximale Bestellmenge: 15 St\xc3\xbcckF\xc3\xbcr die vorstehenden Angaben wird keine Haftung \xc3\xbcbernommen. Bitte pr\xc3\xbcfen Sie im Einzelfall die Angaben auf der jeweiligen Produktverpackung, nur diese sind verbindlich.Das Produktdesign kann von der Abbildung abweichen.'",Ladenburger Str. 68,Rewe,Kühlung,2023-07-09,"Gültig ab morgen bis Samstag, 15.07.2023"
Dr. Oetker Sahne Pudding oder Rote Grütze,https://img.rewe-static.de/KLEIN28_2023/5905362/30785463-12_digital-image.png?impolicy=s-offers&imwidth=200&output-format=image/webp,,https://shop.rewe.de/productList?search=2832136,,"je 500-g-Becher , (1 kg = 3.98)",Aktion,"1,99 €","b'ProduktbeschreibungArtikelnummer 5905362Unser Dr. Oetker L\xc3\xb6ffelgl\xc3\xbcck Sahne Pudding Vollmilch-Schokolade ist ein beliebter Klassiker aus vollmundiger Sahne und echter Vollmilch-Schokolade. Seine sahnig-cremige Konsistenz und sein nat\xc3\xbcrlicher, schokoladiger Geschmack machen ihn zum Lieblingsdessert, welches perfekt zu Fr\xc3\xbcchten und Vanille-So\xc3\x9fe kombiniert oder einfach pur genossen werden kann. Mit dem L\xc3\xb6ffelgl\xc3\xbcck Sahne Pudding Vollmilch-Schokolade schenkst du dir oder deinen Liebsten einen Moment voll Genuss und ein Gef\xc3\xbchl von Zuhause und Geborgenheit. Der Dr. Oetker L\xc3\xb6ffelgl\xc3\xbcck Sahne Pudding Vollmilch-Schokolade im 500g Becher aus dem K\xc3\xbchlregal ist ideal f\xc3\xbcr den gro\xc3\x9fen Genussmoment und zum Teilen. Es gibt ihn auch im praktischen 200g Becher f\xc3\xbcr zwischendurch oder als Nachtisch.Zutaten & AllergeneZutaten: 85% SAHNE, Zucker, modifizierte St\xc3\xa4rke (Mais), 2,2% fettarmer Kakao, 1,5% VOLLMILCHSCHOKOLADE (Zucker, Kakaobutter, VOLLMILCHPULVER, Kakaomasse, MAGERMILCHPULVER, Emulgator (SOJALECITHINE), Aroma), Maisst\xc3\xa4rke, Verdickungsmittel (Carrageen).Allergenhinweise: Enth\xc3\xa4lt: Soja und Sojaerzeugnisse. Milch und Milcherzeugnisse (einschlie\xc3\x9flich Lactose).N\xc3\xa4hrwerteDurchschnittliche N\xc3\xa4hrwerteUnzubereitet pro 100 gEnergie671 kJEnergie161 kcalFett9,3 gFett, davon ges\xc3\xa4ttigte Fetts\xc3\xa4uren5,9 gKohlenhydrate15 gKohlenhydrate, davon Zucker13 gEiwei\xc3\x9f3,3 gSalz0,11 gHinweiseAufbewahrungs- und Verwendungshinweis: Nach dem \xc3\x96ffnen z\xc3\xbcgig genie\xc3\x9fen. Bei +8 \xc2\xb0C lagern.ArtikeldetailsMarke: Dr. OetkerUrsprungsland: DeutschlandSorte: Vollmilch-SchokoKontaktKontaktname: DR. AUGUST OETKER NAHRUNGSMITTEL KGKontaktadresse: 33547 BielefeldMaximale Bestellmenge: 15 St\xc3\xbcckF\xc3\xbcr die vorstehenden Angaben wird keine Haftung \xc3\xbcbernommen. Bitte pr\xc3\xbcfen Sie im Einzelfall die Angaben auf der jeweiligen Produktverpackung, nur diese sind verbindlich.Das Produktdesign kann von der Abbildung abweichen.'",Ladenburger Str. 68,Rewe,Kühlung,2023-07-09,"Gültig ab morgen bis Samstag, 15.07.2023"
Mövenpick Stracciatella Classico,https://img.rewe-static.de/KLEIN28_2023/8725654/35463369-11_digital-image.png?impolicy=s-offers&imwidth=200&output-format=image/webp,,https://shop.rewe.de/productList?search=2832136,,"je 900-ml-Becher , (1 l = 2.21)",Aktion,"1,99 €","b'ProduktbeschreibungArtikelnummer 8725654Cremiges Eis mit Stracciatellageschmack mit Schokoladenst\xc3\xbcckchen und einer Schokoladensauce.Zutaten & AllergeneZutaten: Entrahmte MILCH, MOLKENERZEUGNIS, Glukosesirup, Zucker, Kokosfett, Soja\xc3\xb6l, VOLLMILCHPULVER, fettarmer Kakao** (1,3 %), Kakaobutter**, Kakaomasse**, Emulgatoren (Mono- und Diglyceride von Speisefetts\xc3\xa4uren, Lecithine (SOJA)), Verdickungsmittel (Johannisbrotkernmehl, Guarkernmehl), nat\xc3\xbcrliche Aromen (enthalten MILCH), Aroma. **Rainforest Alliance-zertifiziert. Mehr Informationen unter ra.org. KANN SCHALENFR\xc3\x9cCHTE, GLUTENHALTIGE GETREIDE UND EIER ENTHALTEN. Wichtig: Kleinkinder (unter 4 Jahren) verf\xc3\xbcgen \xc3\xbcber eine verminderte Kauf\xc3\xa4higkeit und k\xc3\xb6nnten sich an kleinen St\xc3\xbcckchen verschlucken.Allergenhinweise: Milch, Molkenerzeugnis, Schlagsahne, SojaEnth\xc3\xa4lt: Milch und Milcherzeugnisse (einschlie\xc3\x9flich Lactose). Soja und Sojaerzeugnisse. Kann enthalten: Eier und Eierzeugnisse. N\xc3\xbcsse und Nusserzeugnisse. Glutenhaltiges Getreide und glutenhaltige Getreideerzeugnisse.N\xc3\xa4hrwerteDurchschnittliche N\xc3\xa4hrwerteUnzubereitet pro 100 gEnergie1.079 kJEnergie258 kcalFett15 gFett, davon ges\xc3\xa4ttigte Fetts\xc3\xa4uren9,9 gKohlenhydrate28 gKohlenhydrate, davon Zucker23 gBallaststoffe0,7 gEiwei\xc3\x9f2,9 gSalz0,09 gHinweiseAufbewahrungs- und Verwendungshinweis: Bei -18 \xc2\xb0C mindestens haltbar bis Ende: siehe VerpackungsaufdruckInformation: Wichtig: Kleinkinder (unter 4 Jahren) verf\xc3\xbcgen \xc3\xbcber eine verminderte Kauf\xc3\xa4higkeit und k\xc3\xb6nnten sich an kleinen St\xc3\xbcckchen verschlucken. Packung enth\xc3\xa4lt 9 Portionen. Portionen sollten f\xc3\xbcr Kinder entsprechend ihrem Alter angepasst werden.ArtikeldetailsMarke: M\xc3\xb6venpickUrsprungsland: DeutschlandKontaktKontaktname: FRONERI Sch\xc3\xb6ller GmbHKontaktadresse: D-90419 N\xc3\xbcrnbergMaximale Bestellmenge: 15 St\xc3\xbcckF\xc3\xbcr die vorstehenden Angaben wird keine Haftung \xc3\xbcbernommen. Bitte pr\xc3\xbcfen Sie im Einzelfall die Angaben auf der jeweiligen Produktverpackung, nur diese sind verbindlich.Das Produktdesign kann von der Abbildung abweichen.'",Ladenburger Str. 68,Rewe,Tiefkühl,2023-07-09,"Gültig ab morgen bis Samstag, 15.07.2023"
Mövenpick Salted Caramel,https://img.rewe-static.de/KLEIN28_2023/7713567/38472507-14_digital-image.png?impolicy=s-offers&imwidth=200&output-format=image/webp,,https://shop.rewe.de/productList?search=2832136,,"je 800-ml-Becher , (1 l = 2.49)",Aktion,"1,99 €","b'ProduktbeschreibungArtikelnummer 7713567Eis mit Vanillegeschmack, mit gesalzener Karamellsauce, Karamellst\xc3\xbcckchen und kakaobutterhaltigen Konfektst\xc3\xbcckchen mit KaramellgeschmackZutaten & AllergeneZutaten: Entrahmte MILCH, MOLKENERZEUGNIS, Glukosesirup, Zucker,pflanzliche Fette (Kokos, Shea), gezuckerte KONDENSMILCH (eingedickte VOLLMILCH, Zucker, MILCHZUCKER), gezuckerte KONDENSMAGERMILCH (eingedickte entrahmte MILCH, Zucker), Emulgatoren (Mono- und Diglyceride von Speisefetts\xc3\xa4uren, Lecithine), Verdickungsmittel (Johannisbrotkernmehl, Guarkernmehl), Kakaobutter*, Salz, VOLLMILCHPULVER, BUTTERFETT, Feuchthaltemittel (Glycerin), f\xc3\xa4rbende Frucht- und Gem\xc3\xbcsekonzentrate (schwarze Johannisbeere, Apfel, Zitrone, Karotte, Rettich), f\xc3\xa4rbendes Saflorkonzentrat, nat\xc3\xbcrliche Vanillearomen, Kakaomasse*, MILCHZUCKER, nat\xc3\xbcrliche Aromen. *Rainforest Alliance-zertifiziert. Mehr Informationen unter ra.org.KANN SCHALENFR\xc3\x9cCHTE, GLUTENHALTIGE GETREIDE, SOJA UND EIER ENTHALTEN. Wichtig: Kleinkinder (unter 4 Jahren) verf\xc3\xbcgen\xc3\xbcber eine verminderte Kauf\xc3\xa4higkeit und k\xc3\xb6nnten sich an kleinen St\xc3\xbcckchen verschlucken.Allergenhinweise: MILCH, MOLKENERZEUGNIS, KONDENSMILCH, VOLLMILCH, MILCHZUCKER, KONDENSMAGERMILCH, VOLLMILCHPULVER, BUTTERFETT.Enth\xc3\xa4lt: Milch und Milcherzeugnisse (einschlie\xc3\x9flich Lactose). Kann enthalten: Glutenhaltiges Getreide und glutenhaltige Getreideerzeugnisse. Eier und Eierzeugnisse. N\xc3\xbcsse und Nusserzeugnisse. Soja und Sojaerzeugnisse.N\xc3\xa4hrwerteDurchschnittliche N\xc3\xa4hrwerteUnzubereitet pro 100 gEnergie1.009 kJEnergie240 kcalFett9,5 gFett, davon ges\xc3\xa4ttigte Fetts\xc3\xa4uren8,2 gKohlenhydrate37 gKohlenhydrate, davon Zucker29 gBallaststoffe< 0,5 gEiwei\xc3\x9f2 gSalz0,29 gHinweiseAufbewahrungs- und Verwendungshinweis: Bei -18 \xc2\xb0C mindestens haltbar bis Ende: siehe VerpackungsaufdruckInformation: Wichtig: Kleinkinder (unter 4 Jahren) verf\xc3\xbcgen\xc3\xbcber eine verminderte Kauf\xc3\xa4higkeit und k\xc3\xb6nnten sich an kleinen St\xc3\xbcckchen verschlucken.ArtikeldetailsMarke: M\xc3\xb6venpickUrsprungsland: DeutschlandKontaktKontaktname: FRONERI Sch\xc3\xb6ller GmbHKontaktadresse: D-90419 N\xc3\xbcrnbergMaximale Bestellmenge: 15 St\xc3\xbcckF\xc3\xbcr die vorstehenden Angaben wird keine Haftung \xc3\xbcbernommen. Bitte pr\xc3\xbcfen Sie im Einzelfall die Angaben auf der jeweiligen Produktverpackung, nur diese sind verbindlich.Das Produktdesign kann von der Abbildung abweichen.'",Ladenburger Str. 68,Rewe,Tiefkühl,2023-07-09,"Gültig ab morgen bis Samstag, 15.07.2023"
Dr. Oetker Ristorante Pizza Salame,https://img.rewe-static.de/KLEIN28_2023/8704774/34878457-20_digital-image.png?impolicy=s-offers&imwidth=200&output-format=image/webp,,https://shop.rewe.de/productList?search=2832136,,"tiefgefroren , je 320-g-Pckg , (1 kg = 6.22)",Aktion,"1,99 €","b'ProduktbeschreibungArtikelnummer 8704774Dr. Oetker Ristorante Pizza Salame ist belegt mit sonnengereiften Tomaten, K\xc3\xa4se, herzhafter Salami, ausgesuchten Kr\xc3\xa4utern und Gew\xc3\xbcrzen.Zubereitung:Bis zur Zubereitung gefroren aufbewahren.Backofen vorheizen: Ober-/Unterhitze: 220\xc2\xb0C, Hei\xc3\x9fluft: 200\xc2\xb0C, Gas: 4Folie entfernen, Pizza auf den Rost legen und auf mittlerer Einschubleiste 10-12 Minuten backen.Stelle sicher, dass das Produkt vor dem Verzehr vollst\xc3\xa4ndig durcherhitzt ist. Man kann die ""Ristorante Pizza Salame"" genie\xc3\x9fen, sobald der K\xc3\xa4se geschmolzen ist.Zutaten & AllergeneZutaten: WEIZENMEHL, 14% passierte Tomaten, 12% schnittfester MOZZARELLA K\xc3\x84SE, 12% Salami (Schweinefleisch, Speck, Salz, Gew\xc3\xbcrze, Dextrose, Zwiebelpulver, Knoblauchpulver, Gew\xc3\xbcrzextrakte, Stabilisator (Natriumnitrit), Antioxidationsmittel (Extrakt aus Rosmarin), Rauch), Wasser, 7,3% Tomatenkonzentrat, 4,6% EDAMER K\xc3\x84SE, Raps\xc3\xb6l, Backhefe, Salz, Zucker, Oliven\xc3\xb6l nativ extra, Oregano, Basilikum, Pfeffer, Paprika, Petersilie. Kann enthalten: SOJA, SENF.Allergenhinweise: Enth\xc3\xa4lt: Milch und Milcherzeugnisse (einschlie\xc3\x9flich Lactose). Glutenhaltiges Getreide und glutenhaltige Getreideerzeugnisse. Weizen und Weizenerzeugnisse (glutenhaltiges Getreide). Kann enthalten: Soja und Sojaerzeugnisse. Gerste und Gerstenerzeugnisse (glutenhaltiges Getreide). Roggen und Roggenerzeugnisse (glutenhaltiges Getreide). Dinkel und Dinkelerzeugnisse (glutenhaltiges Getreide). Hafer und Hafererzeugnisse (glutenhaltiges Getreide). Senf- und Senferzeugnisse.N\xc3\xa4hrwerteDurchschnittliche N\xc3\xa4hrwerteUnzubereitet pro 100 gEnergie1.093 kJEnergie261 kcalFett13 gFett, davon ges\xc3\xa4ttigte Fetts\xc3\xa4uren4,6 gKohlenhydrate25 gKohlenhydrate, davon Zucker2,9 gBallaststoffe2,3 gEiwei\xc3\x9f10 gSalz1,3 gHinweiseAufbewahrungs- und Verwendungshinweis: Nach dem Auftauen nicht wieder einfrieren. Bei -18 \xc2\xb0C lagern (***-Fach oder Tiefk\xc3\xbchltruhe).ArtikeldetailsMarke: Dr. OetkerUrsprungsland: DeutschlandKontaktKontaktname: DR. AUGUST OETKER NAHRUNGSMITTEL KGKontaktadresse: Lutterstra\xc3\x9fe 14 - 33617 BielefeldMaximale Bestellmenge: 15 St\xc3\xbcckF\xc3\xbcr die vorstehenden Angaben wird keine Haftung \xc3\xbcbernommen. Bitte pr\xc3\xbcfen Sie im Einzelfall die Angaben auf der jeweiligen Produktverpackung, nur diese sind verbindlich.Das Produktdesign kann von der Abbildung abweichen.'",Ladenburger Str. 68,Rewe,Tiefkühl,2023-07-09,"Gültig ab morgen bis Samstag, 15.07.2023"
Dr. Oetker Bistro Flammkuchen Elsässer Art,https://img.rewe-static.de/KLEIN28_2023/8703784/34878422-11_digital-image.png?impolicy=s-offers&imwidth=200&output-format=image/webp,,https://shop.rewe.de/productList?search=2832136,,"tiefgefroren , je 265-g-Pckg , (1 kg = 7.51)",Aktion,"1,99 €","b'ProduktbeschreibungArtikelnummer 8703784Zutaten & AllergeneZutaten: WEIZENMEHL, 27% CR\xc3\x88ME FRA\xc3\x8eCHE, 15% Rohschinken (Schweinefleisch, Salz, Maltodextrin, Dextrose, Zucker, Gew\xc3\xbcrze, Gew\xc3\xbcrzextrakte, Stabilisator (Natriumnitrit), Rauch), Wasser, 5,4% Zwiebeln, Raps\xc3\xb6l, Oliven\xc3\xb6l nativ extra, Salz, Backhefe, Raucharoma, Aroma (enth\xc3\xa4lt WEIZEN), Pfeffer, Verdickungsmittel (Johannisbrotkernmehl, Xanthan), Muskatnuss. Kann enthalten: SOJA, SENF.Allergenhinweise: Enth\xc3\xa4lt: Milch und Milcherzeugnisse (einschlie\xc3\x9flich Lactose). Weizen und Weizenerzeugnisse (glutenhaltiges Getreide). Glutenhaltiges Getreide und glutenhaltige Getreideerzeugnisse. Kann enthalten: Dinkel und Dinkelerzeugnisse (glutenhaltiges Getreide). Roggen und Roggenerzeugnisse (glutenhaltiges Getreide). Senf- und Senferzeugnisse. Soja und Sojaerzeugnisse.N\xc3\xa4hrwerteDurchschnittliche N\xc3\xa4hrwerteUnzubereitet pro 100 gEnergie1.094 kJEnergie262 kcalFett14 gFett, davon ges\xc3\xa4ttigte Fetts\xc3\xa4uren6 gKohlenhydrate25 gKohlenhydrate, davon Zucker2,3 gBallaststoffe1,4 gEiwei\xc3\x9f7,9 gSalz1,2 gHinweiseAufbewahrungs- und Verwendungshinweis: Nach dem Auftauen nicht wieder einfrieren. Bei -18 \xc2\xb0C lagern (***-Fach oder Tiefk\xc3\xbchltruhe).ArtikeldetailsMarke: Dr. OetkerUrsprungsland: DeutschlandKontaktKontaktname: DR. AUGUST OETKER NAHRUNGSMITTEL KGKontaktadresse: Lutterstra\xc3\x9fe 14 - 33617 BielefeldMaximale Bestellmenge: 15 St\xc3\xbcckF\xc3\xbcr die vorstehenden Angaben wird keine Haftung \xc3\xbcbernommen. Bitte pr\xc3\xbcfen Sie im Einzelfall die Angaben auf der jeweiligen Produktverpackung, nur diese sind verbindlich.Das Produktdesign kann von der Abbildung abweichen.'",Ladenburger Str. 68,Rewe,Tiefkühl,2023-07-09,"Gültig ab morgen bis Samstag, 15.07.2023"
Iglo Schlemmerfilet Bordelaise Classic,https://img.rewe-static.de/KLEIN28_2023/8030937/30477207-17_digital-image.png?impolicy=s-offers&imwidth=200&output-format=image/webp,,https://shop.rewe.de/productList?search=2832136,,"tiefgefroren , je 380-g-Pckg , (1 kg = 7.87)",Aktion,"2,99 €","b'ProduktbeschreibungArtikelnummer 8030937Zutaten & AllergeneZutaten: ALASKA SEELACHS-FILET (71%), Wasser, Raps\xc3\xb6l, Paniermehl (WEIZENMEHL, Wasser, Gew\xc3\xbcrze (Paprikapulver, Kurkuma), Salz, Hefe), Zwiebeln, Zitronensaft aus Zitronensaftkonzentrat, Petersilie, Salz, EIPULVER, St\xc3\xa4rke, Gew\xc3\xbcrze (Paprikapulver, Zwiebelpulver, Knoblauchpulver)N\xc3\xa4hrwerteDurchschnittliche N\xc3\xa4hrwerteUnzubereitet pro 100 gEnergie628 kJEnergie150 kcalFett8,7 gFett, davon ges\xc3\xa4ttigte Fetts\xc3\xa4uren0,7 gKohlenhydrate5 gKohlenhydrate, davon Zucker0,5 gBallaststoffe0,5 gEiwei\xc3\x9f13 gSalz1,2 gHinweiseAufbewahrungs- und Verwendungshinweis: Aufbewahrung zu Hause: Bei minus 18\xc2\xb0C (Tiefk\xc3\xbchltruhe oder ***-Fach) mindestens haltbar bis Ende: siehe Verpackungsaufdruck.ArtikeldetailsMarke: IgloUrsprungsland: DeutschlandKontaktKontaktname: iglo GmbHKontaktadresse: Postfach 570 521, 22774 HamburgMaximale Bestellmenge: 15 St\xc3\xbcckF\xc3\xbcr die vorstehenden Angaben wird keine Haftung \xc3\xbcbernommen. Bitte pr\xc3\xbcfen Sie im Einzelfall die Angaben auf der jeweiligen Produktverpackung, nur diese sind verbindlich.Das Produktdesign kann von der Abbildung abweichen.'",Ladenburger Str. 68,Rewe,Tiefkühl,2023-07-09,"Gültig ab morgen bis Samstag, 15.07.2023"
Iglo Filegro Ofen-Backfisch,https://img.rewe-static.de/KLEIN28_2023/1148717/19141120-88_digital-image.png?impolicy=s-offers&imwidth=200&output-format=image/webp,,https://shop.rewe.de/productList?search=2832136,,"tiefgefroren , je 240-g-Pckg , (1 kg = 12.46)",Aktion,"2,99 €","b'ProduktbeschreibungArtikelnummer 1148717Das iglo Filegro Traditioneller Ofen-Backfisch enth\xc3\xa4lt 100% saftiges Alaska Seelachsfilet und ist umh\xc3\xbcllt von einem lecker-knusprigen Backteig, der speziell f\xc3\xbcr die Zubereitung im Ofen entwickelt wurde. \nIglo setzt ausschlie\xc3\x9flich auf den Einsatz von MSC zertifiziertem Fisch. Daher wird der Alaska Seelachs zu 100% aus verantwortungsbewussten Quellen bezogen und durch den Einsatz modernster Produktionsmethoden wird absolute Frische und Qualit\xc3\xa4t garantiert. \n- 100% Fischfilet\n- Umh\xc3\xbcllt mit lecker-knusprigen Backteig\n- Ohne Zusatz von k\xc3\xbcnstlichen Aromen, Farbstoffen und Geschmacksverst\xc3\xa4rkern\n- Nat\xc3\xbcrliche Quelle von Omega 3\n- Tiefgefroren... mehr anzeigenZutaten & AllergeneZutaten: ALASKA SEELACHS-FILET (54%), pflanzliches \xc3\x96l, WEIZENMEHL, Paniermehl (WEIZENMEHL, Salz, Traubenzucker), Wasser, Kartoffelst\xc3\xa4rke, WEIZENST\xc3\x84RKE, Salz, Backtriebmittel: Diphosphate und Natriumcarbonate, Maismehl, Traubenzucker, MAGERMILCHPULVER.N\xc3\xa4hrwerteDurchschnittliche N\xc3\xa4hrwerteUnzubereitet pro 100 gEnergie1.046 kJEnergie251 kcalFett14,5 gFett, davon ges\xc3\xa4ttigte Fetts\xc3\xa4uren1,3 gKohlenhydrate18,1 gKohlenhydrate, davon Zucker0,4 gBallaststoffe0,6 gEiwei\xc3\x9f11,6 gSalz1,25 gHinweiseAufbewahrungs- und Verwendungshinweis:  Aufbewahrung zu Hause: *** - Fach oder Tiefk\xc3\xbchltruhe (bei minus 18\xc2\xb0 C) mindestens haltbar bis Ende: sie Packungsseite, Aufbewahrung zu Hause: ** - Fach 2 Wochen, Aufbewahrung zu Hause: * - Fach einige Tage.ArtikeldetailsMarke: IgloUrsprungsland: DeutschlandKontaktKontaktname: iglo GmbHKontaktadresse: Postfach 570 521, 22774 HamburgMaximale Bestellmenge: 15 St\xc3\xbcckF\xc3\xbcr die vorstehenden Angaben wird keine Haftung \xc3\xbcbernommen. Bitte pr\xc3\xbcfen Sie im Einzelfall die Angaben auf der jeweiligen Produktverpackung, nur diese sind verbindlich.Das Produktdesign kann von der Abbildung abweichen.'",Ladenburger Str. 68,Rewe,Tiefkühl,2023-07-09,"Gültig ab morgen bis Samstag, 15.07.2023"
Langnese Family Mix Multipackung,https://img.rewe-static.de/KLEIN28_2023/8900513/38330307-12_digital-image.png?impolicy=s-offers&imwidth=200&output-format=image/webp,,https://shop.rewe.de/productList?search=2832136,,"je 462-ml-Pckg , (1 l = 6.47)",Aktion,"2,99 €","b'ProduktbeschreibungArtikelnummer 8900513Ein Mix, der das Beste von Langnese zusammen bringt und f\xc3\xbcr jeden in der Familie etwas bietet. Der Family Mix besteht aus Flutschfinger (1x), Capri (2x), Magnum Mini Classic (2x), Cuja Mara Split (1x) und Nogger (1x).Zutaten & AllergeneZutaten: Langnese Family Mix - Capri Zutaten: Orangensaft aus Orangensaftkonzentrat (53%), Trinkwasser, Zucker, Glukose-Fruktose-Sirup, S\xc3\xa4ureregulator (Citronens\xc3\xa4ure), Stabilisatoren (Guarkernmehl, Tarakernmehl, Johannisbrotkernmehl), Farbstoff (Carotin), nat\xc3\xbcrliche Orangenaromen. Kann Milch und Soja enthalten. Langnese Family Mix - Cuja Mara Split Zutaten: Orangensaft aus Orangensaftkonzentrat (24%), entrahmte MILCH (21%), Passionsfruchtsaft aus Passionsfruchtsaftkonzentrat (15%), Trinkwasser, Zucker, Kokosfett, Glukosesirup, Glukose-Fruktose-Sirup, MOLKENERZEUGNIS, Fruktose, Stabilisatoren (Guarkernmehl, Johannisbrotkernmehl, Tarakernmehl), Farbstoff (Carotin), Emulgator (Mono- und Diglyceride von Speisefetts\xc3\xa4uren), nat\xc3\xbcrliches Vanillearoma\xc2\xb9, S\xc3\xa4ureregulator (Citronens\xc3\xa4ure). Kann Mandel, Ei, Haselnuss, Soja und Weizen enthalten. \xc2\xb9Rainforest Alliance-zertifiziert. Langnese Family Mix - Flutschfinger Zutaten: Trinkwasser, Zucker, Orangensaft aus Orangensaftkonzentrat (10%), Glukose-Fruktose-Sirup, Erdbeersaft aus Erdbeersaftkonzentrat (4,5%), Glukosesirup, Fruktose, Zitronensaft aus Zitronensaftkonzentrat (0,6%), S\xc3\xa4ureregulator (Citronens\xc3\xa4ure), Stabilisatoren (Johannisbrotkernmehl, Tarakernmehl, Guarkernmehl), Schwarze-Karotte-Konzentrat, F\xc3\xa4rberdistelkonzentrat, Farbstoffe (Paprikaextrakt, Kurkumin, Chlorophylle), Aromen. Kann Haselnuss, Milch, Soja und Weizen enthalten. Langnese Family Mix - Magnum Mini Classic Zutaten: Entrahmte MILCH, Zucker, Kakaobutter\xc2\xb9, Kakaomasse\xc2\xb9, Trinkwasser, Kokosfett, Glukosesirup, VOLLMILCHPULVER, Glukose-Fruktose-Sirup, MOLKENERZEUGNIS, BUTTERFETT, Emulgatoren (E471, Lecithine (SOJA), E476), vermahlene Vanilleschoten, Stabilisatoren (Johannisbrotkernmehl, Guarkernmehl, Carrageen), nat\xc3\xbcrliches Vanillearoma\xc2\xb9 (mit MILCH), Aroma, Farbstoff (Carotin). Kann Mandeln enthalten.\xc2\xb9Rainforest Alliance-zertifiziert. Langnese Family Mix - Nogger Zutaten: entrahmte MILCH, Kokosfett, Zucker, Glukose-Fruktose-Sirup, Trinkwasser, Glukosesirup, HASELNUSS-St\xc3\xbcckchen, fettarmer Kakao\xc2\xb9 (3%), WEIZENMEHL, MOLKENERZEUGNIS, MAGERMILCH-Pulver oder -Konzentrat, Stabilisatoren (Guarkernmehl, Johannisbrotkernmehl, Tarakernmehl), Emulgatoren (Mono- und Diglyceride von Speisefetts\xc3\xa4uren, Ammoniumphosphatide), Speisesalz, Backtriebmittel (Ammoniumcarbonate), nat\xc3\xbcrliches Vanillearoma\xc2\xb9. Kann Pistazie und Soja enthalten. \xc2\xb9Rainforest Alliance-zertifiziert.Allergenhinweise: Enth\xc3\xa4lt: Milch und Milcherzeugnisse (einschlie\xc3\x9flich Lactose). N\xc3\xbcsse und Nusserzeugnisse. Soja und Sojaerzeugnisse. Haselnuss und Haselnusserzeugnisse. Weizen und Weizenerzeugnisse (glutenhaltiges Getreide). Kann enthalten: Eier und Eierzeugnisse. Glutenhaltiges Getreide und glutenhaltige Getreideerzeugnisse.N\xc3\xa4hrwerteDurchschnittliche N\xc3\xa4hrwerteUnzubereitet pro 100 mlEnergie413 kJEnergie98 kcalFett< 0,5 gFett, davon ges\xc3\xa4ttigte Fetts\xc3\xa4uren< 0,1 gKohlenhydrate23 gKohlenhydrate, davon Zucker22 gEiwei\xc3\x9f< 0,5 gSalz< 0,01 gHinweiseAufbewahrungs- und Verwendungshinweis: Bei -18\xc2\xb0C mindestens haltbar bis Ende: siehe PackungsaufdruckArtikeldetailsMarke: LangneseUrsprungsland: UngarnKontaktKontaktname: Unilever DeutschlandKontaktadresse: Postfach 570 385, 22772 HamburgMaximale Bestellmenge: 15 St\xc3\xbcckF\xc3\xbcr die vorstehenden Angaben wird keine Haftung \xc3\xbcbernommen. Bitte pr\xc3\xbcfen Sie im Einzelfall die Angaben auf der jeweiligen Produktverpackung, nur diese sind verbindlich.Das Produktdesign kann von der Abbildung abweichen.'",Ladenburger Str. 68,Rewe,Tiefkühl,2023-07-09,"Gültig ab morgen bis Samstag, 15.07.2023"
Leicht & Cross Knusper Rustica,https://img.rewe-static.de/KLEIN28_2023/8186660/28377819-16_digital-image.png?impolicy=s-offers&imwidth=200&output-format=image/webp,,https://shop.rewe.de/productList?search=2832136,,"versch. Sorten , je 130-g-Pckg , (1 kg = 7.62)",Aktion,"0,99 €","b'ProduktbeschreibungArtikelnummer 8186660Mein KnusperRustica Dreikorn: \xc3\x9cberzeugt mit einem besonders kr\xc3\xa4ftigen Geschmack von Roggen, Dinkel und Buchweizen \xe2\x80\x93 eine Kombination mit Biss.Zutaten & AllergeneZutaten: ROGGENVOLLKORNMEHL, ROGGENMEHL, DINKELWEIZENMEHL, Reismehl, ROGGENMALZMEHL, Zucker, Sonnenblumen\xc3\xb6l, Salz. Zur Herstellung von 100g des Produktes werden 40,5g Roggenvollkornmehl, 40g Roggenmehl, 11g Dinkelweizenmehl, 6g Reismehl und 5g Roggenmalzmehl verwendet. Kann Spuren enthalten von: SOJA, MILCH, EI, SESAM.Allergenhinweise: Enth\xc3\xa4lt: Roggen und Roggenerzeugnisse (glutenhaltiges Getreide). Dinkel und Dinkelerzeugnisse (glutenhaltiges Getreide). Kann enthalten: Soja und Sojaerzeugnisse. Milch und Milcherzeugnisse (einschlie\xc3\x9flich Lactose). Eier und Eierzeugnisse. Sesamsamen und Sesamsamenerzeugnisse.N\xc3\xa4hrwerteDurchschnittliche N\xc3\xa4hrwerteUnzubereitet pro 100 gEnergie1.554 kJEnergie367 kcalFett3 gFett, davon ges\xc3\xa4ttigte Fetts\xc3\xa4uren0,4 gKohlenhydrate72 gKohlenhydrate, davon Zucker3,7 gBallaststoffe8 gEiwei\xc3\x9f9,1 gSalz1,2 gHinweiseAufbewahrungs- und Verwendungshinweis: Nach dem \xc3\x96ffnen LEICHT&CROSS-Knusperbrot trocken aufbewahren und innerhalb weniger Tage verzehren. Vor W\xc3\xa4rme sch\xc3\xbctzen. Trocken lagern.Mindestens haltbar bis: siehe BodenArtikeldetailsMarke: Leicht & CrossEigenschaften: Vegan, Vegetarisch, LaktosefreiUrsprungsland: DeutschlandKontaktKontaktname: Griesson - de BeukelaerKontaktadresse: D-56751 PolchMaximale Bestellmenge: 15 St\xc3\xbcckF\xc3\xbcr die vorstehenden Angaben wird keine Haftung \xc3\xbcbernommen. Bitte pr\xc3\xbcfen Sie im Einzelfall die Angaben auf der jeweiligen Produktverpackung, nur diese sind verbindlich.Das Produktdesign kann von der Abbildung abweichen.'",Ladenburger Str. 68,Rewe,Frühstück,2023-07-09,"Gültig ab morgen bis Samstag, 15.07.2023"
Lavazza Espresso Kaffeekapseln,https://img.rewe-static.de/KLEIN28_2023/8810470/35732285-9_digital-image.png?impolicy=s-offers&imwidth=200&output-format=image/webp,,https://shop.rewe.de/productList?search=2832136,,"je 57-g-Pckg , (1 kg = 43.68)",Aktion,"2,49 €","b'ProduktbeschreibungArtikelnummer 8810470ArtikeldetailsMarke: LavazzaUrsprungsland: ItalienKontaktKontaktname: Luigi Lavazza Deutschland GmbHKontaktadresse: Platz der Einheit 260327 Frankfurt/M.F\xc3\xbcr die vorstehenden Angaben wird keine Haftung \xc3\xbcbernommen. Bitte pr\xc3\xbcfen Sie im Einzelfall die Angaben auf der jeweiligen Produktverpackung, nur diese sind verbindlich.Das Produktdesign kann von der Abbildung abweichen.'",Ladenburger Str. 68,Rewe,Frühstück,2023-07-09,"Gültig ab morgen bis Samstag, 15.07.2023"
Lavazza Tierra Kaffeekapseln,https://img.rewe-static.de/KLEIN28_2023/8751427/35732387-9_digital-image.png?impolicy=s-offers&imwidth=200&output-format=image/webp,,https://shop.rewe.de/productList?search=2832136,,"je 55-g-Pckg , (1 kg = 45.27)",Aktion,"2,49 €","b'ProduktbeschreibungArtikelnummer 8751427ArtikeldetailsMarke: LavazzaEigenschaften: BioUrsprungsland: Italien\xc3\x96ko Kontrollstelle: IT-BIO-009Ort der Erzeugung: EU-LandwirtschaftKontaktKontaktname: Luigi Lavazza Deutschland GmbHKontaktadresse: Platz der Einheit 2, 60327 Frankfurt/M.F\xc3\xbcr die vorstehenden Angaben wird keine Haftung \xc3\xbcbernommen. Bitte pr\xc3\xbcfen Sie im Einzelfall die Angaben auf der jeweiligen Produktverpackung, nur diese sind verbindlich.Das Produktdesign kann von der Abbildung abweichen.'",Ladenburger Str. 68,Rewe,Frühstück,2023-07-09,"Gültig ab morgen bis Samstag, 15.07.2023"
Corny Müsliriegel Milch Classic,https://img.rewe-static.de/KLEIN28_2023/0544828/22736757-25_digital-image.png?impolicy=s-offers&imwidth=200&output-format=image/webp,,https://shop.rewe.de/productList?search=2832136,,"je 4 x 30-g-Riegel-Pckg , (1 kg = 10.75)",Knaller,"1,29 €","b'ProduktbeschreibungArtikelnummer 544828Ohne Zusatz von Konservierungsstoffen.* *lt. Gesetz\r\nOhne Farbstoffe\r\nCremig Lecker\r\nCream up your crunchZutaten & AllergeneZutaten: Kakaohaltige Getreidecrispies 17% (Reismehl, WEIZENMEHL, fettarmes Kakaopulver, VOLLMILCHPULVER 2%, Zucker, Maismehl, Salz), Cornflakes 15% (Mais, Zucker, Salz, GERSTENMALZEXTRAKT), Kokosfett, Glukosesirup, Glukose-Fruktose-Sirup, Oligofruktose, Traubenzucker, VOLLKORNHAFERFLOCKEN 5%, Honig 5%, Zucker, Palm\xc3\xb6l, VOLLMILCHPULVER 3%, MAGERMILCHPULVER 3%, Stabilisator Glycerin, Karamellzuckersirup, Salz, Emulgator Lecithine, nat\xc3\xbcrliche Aromen.Allergenhinweise: Enth\xc3\xa4lt: Glutenhaltiges Getreide und glutenhaltige Getreideerzeugnisse. Milch und Milcherzeugnisse (einschlie\xc3\x9flich Lactose). Kann enthalten: N\xc3\xbcsse und Nusserzeugnisse. Erdn\xc3\xbcsse und Erdnusserzeugnisse.N\xc3\xa4hrwerteDurchschnittliche N\xc3\xa4hrwerteUnzubereitet pro 100 gEnergie1.882 kJEnergie449 kcalFett19,1 gFett, davon ges\xc3\xa4ttigte Fetts\xc3\xa4uren16,1 gKohlenhydrate60,5 gKohlenhydrate, davon Zucker30,3 gBallaststoffe6,4 gEiwei\xc3\x9f5,8 gSalz0,74 gHinweiseAufbewahrungs- und Verwendungshinweis: Vor W\xc3\xa4rme sch\xc3\xbctzen. K\xc3\xbchl und trocken lagern.ArtikeldetailsMarke: CORNYUrsprungsland: DeutschlandKontaktKontaktname: Schwartauer Werke GmbH & Co. KGaAKontaktadresse: 23608 Bad SchwartauMaximale Bestellmenge: 15 St\xc3\xbcckF\xc3\xbcr die vorstehenden Angaben wird keine Haftung \xc3\xbcbernommen. Bitte pr\xc3\xbcfen Sie im Einzelfall die Angaben auf der jeweiligen Produktverpackung, nur diese sind verbindlich.Das Produktdesign kann von der Abbildung abweichen.'",Ladenburger Str. 68,Rewe,Frühstück,2023-07-09,"Gültig ab morgen bis Samstag, 15.07.2023"
Corny Müsliriegel Schoko,https://img.rewe-static.de/KLEIN28_2023/0544800/1238460-61_digital-image.png?impolicy=s-offers&imwidth=200&output-format=image/webp,,https://shop.rewe.de/productList?search=2832136,,"je 6 x 25-g-Riegel-Pckg , (1 kg = 8.60)",Knaller,"1,29 €","b'ProduktbeschreibungArtikelnummer 544800Ohne Farbstoffe\r\nOhne Zusatz von Konservierungsstoffen*. *lt. Gesetz\r\nMit 10% Vollkorn\r\n24% MilchschokoladeZutaten & AllergeneZutaten: MILCHSCHOKOLADE 24% (Zucker, Kakaomasse, Kakaobutter, MAGERMILCHPULVER, BUTTERFETT, Emulgator Lecithine), Getreidecrispies (WEIZENMEHL, Zucker, Reismehl, Maismehl, GERSTENMALZEXTRAKT, Salz, Karamellzuckersirup), Glukosesirup, Glukose-Fruktose-Sirup, Vollkorngetreideflocken 10% (HAFER-, WEIZEN-, GERSTEN-), ger\xc3\xb6stete ERDN\xc3\x9cSSE, Zucker, Kokosfett, Cornflakes (Mais, Salz, GERSTENMALZEXTRAKT), Honig 1%, nat\xc3\xbcrliches Aroma, Salz, Karamellzuckersirup, Emulgator LecithineAllergenhinweise: Enth\xc3\xa4lt: Glutenhaltiges Getreide und glutenhaltige Getreideerzeugnisse. Erdn\xc3\xbcsse und Erdnusserzeugnisse. Milch und Milcherzeugnisse (einschlie\xc3\x9flich Lactose). Kann enthalten: Haselnuss und Haselnusserzeugnisse. Mandeln und Mandelerzeugnisse.N\xc3\xa4hrwerteDurchschnittliche N\xc3\xa4hrwerteUnzubereitet pro 100 gEnergie1.914 kJEnergie456 kcalFett17,5 gFett, davon ges\xc3\xa4ttigte Fetts\xc3\xa4uren10,2 gKohlenhydrate66,6 gKohlenhydrate, davon Zucker34,1 gBallaststoffe3,3 gEiwei\xc3\x9f6,3 gSalz0,51 gHinweiseAufbewahrungs- und Verwendungshinweis: Vor W\xc3\xa4rme sch\xc3\xbctzen. K\xc3\xbchl und trocken lagern.ArtikeldetailsMarke: CORNYUrsprungsland: DeutschlandSorte: SchokoKontaktKontaktname: Schwartauer Werke GmbH & Co. KGaAKontaktadresse: 23608 Bad SchwartauMaximale Bestellmenge: 15 St\xc3\xbcckF\xc3\xbcr die vorstehenden Angaben wird keine Haftung \xc3\xbcbernommen. Bitte pr\xc3\xbcfen Sie im Einzelfall die Angaben auf der jeweiligen Produktverpackung, nur diese sind verbindlich.Das Produktdesign kann von der Abbildung abweichen.'",Ladenburger Str. 68,Rewe,Frühstück,2023-07-09,"Gültig ab morgen bis Samstag, 15.07.2023"
Lavazza Caffè Crema Classico oder Crema e Aroma,https://img.rewe-static.de/KLEIN28_2023/0293182/30798874-10_digital-image.png?impolicy=s-offers&imwidth=200&output-format=image/webp,,https://shop.rewe.de/productList?search=2832136,,"ganze Bohnen , je 1000-g-Btl",Knaller,"9,99 €","b'ProduktbeschreibungArtikelnummer 293182Eine sehr vielseitige Mischung aus Arabica und Robusta Bohnen. HinweiseAufbewahrungs- und Verwendungshinweis: trocken lagern.ArtikeldetailsMarke: LavazzaUrsprungsland: ItalienKontaktKontaktname: LUIGI LAVAZZA S.p.A.Kontaktadresse: C. SO NOVARA, 59- 10154 TORINO - ITALIAMaximale Bestellmenge: 15 St\xc3\xbcckF\xc3\xbcr die vorstehenden Angaben wird keine Haftung \xc3\xbcbernommen. Bitte pr\xc3\xbcfen Sie im Einzelfall die Angaben auf der jeweiligen Produktverpackung, nur diese sind verbindlich.Das Produktdesign kann von der Abbildung abweichen.'",Ladenburger Str. 68,Rewe,Frühstück,2023-07-09,"Gültig ab morgen bis Samstag, 15.07.2023"
Jacobs Tassimokapseln Cappuccino,https://img.rewe-static.de/KLEIN28_2023/1398796/20366868-22_digital-image.png?impolicy=s-offers&imwidth=200&output-format=image/webp,,https://shop.rewe.de/productList?search=2832136,,"je 260-g-Pckg , (1 kg = 15.35)",Aktion,"3,99 €","b'ProduktbeschreibungArtikelnummer 1398796K\xc3\xb6stlich cremiger Cappuccino von Tassimo mit dem Jacobs Verw\xc3\xb6hnaroma. Eine Kombination aus intensivem Espresso mit feinem Schaum. \nIhr Lieblingsgetr\xc3\xa4nk - vollautomatisch mit nur einem Knopfdruck zubereitet. \n1 Getr\xc3\xa4nk = 190 ml. Der Tassimo Cappuccino Classico von Jacobs ist eine Kombination aus intensivem Espresso und einer Milchschaumschicht. Eine speziell hergestellte Mischung aus perfekt ger\xc3\xb6steten Espressobohnen, um den authentischen Cappuccino-Geschmack zu kreieren. Genie\xc3\x9fe die Kombination aus intensivem Espresso und feinem Schaum mit dem k\xc3\xb6stlichen Jacobs Cappuccino.Zutaten & AllergeneZutaten: Ultrafiltriertes VOLLMILCHKONZENTRAT (60%), gemahlener R\xc3\xb6stkaffee (20%), Zucker (11%), Wasser, Salz, S\xc3\xa4ureregulator (E339).Allergenhinweise: VOLLMILCHKONZENTRATEnth\xc3\xa4lt: Milch und Milcherzeugnisse (einschlie\xc3\x9flich Lactose).N\xc3\xa4hrwerteDurchschnittliche N\xc3\xa4hrwerteZubereitet pro 100 mlEnergie105 kJEnergie25 kcalFett1,3 gFett, davon ges\xc3\xa4ttigte Fetts\xc3\xa4uren0,9 gKohlenhydrate2,2 gKohlenhydrate, davon Zucker2,2 gBallaststoffe0 gEiwei\xc3\x9f1,1 gSalz0,1 gHinweiseAufbewahrungs- und Verwendungshinweis: Trocken, dunkel lagern und vor W\xc3\xa4rme sch\xc3\xbctzen.Information: unter Schutzatmosph\xc3\xa4re verpacktArtikeldetailsMarke: TassimoUrsprungsland: DeutschlandKontaktKontaktname: JACOBS DOUWE EGBERTSKontaktadresse: Oosterdoksstraat 80, 1011 DK Amsterdam, The NetherlandsMaximale Bestellmenge: 15 St\xc3\xbcckF\xc3\xbcr die vorstehenden Angaben wird keine Haftung \xc3\xbcbernommen. Bitte pr\xc3\xbcfen Sie im Einzelfall die Angaben auf der jeweiligen Produktverpackung, nur diese sind verbindlich.Das Produktdesign kann von der Abbildung abweichen.'",Ladenburger Str. 68,Rewe,Frühstück,2023-07-09,"Gültig ab morgen bis Samstag, 15.07.2023"
Jacobs Tassimokapseln Caffè Crema XL,https://img.rewe-static.de/KLEIN28_2023/1398793/20366870-34_digital-image.png?impolicy=s-offers&imwidth=200&output-format=image/webp,,https://shop.rewe.de/productList?search=2832136,,"je 132,8-g-Pckg , (1 kg = 30.05)",Aktion,"3,99 €","b'ProduktbeschreibungArtikelnummer 1398793Mit der praktischen XL-Becherportion h\xc3\xa4lt der Kaffeegenuss des Tassimo Jacobs Caff\xc3\xa8 Crema Classico XL noch l\xc3\xa4nger an. Erleben Sie den vollmundigen Geschmack des Jacobs Verw\xc3\xb6hnaromas und die samtige, goldene Crema. \nIhr Lieblingsgetr\xc3\xa4nk - vollautomatisch mit nur einem Knopfdruck zubereitet. \n1 Getr\xc3\xa4nk = 215 ml. Mit der praktischen XL-Becherportion h\xc3\xa4lt der Kaffeegenuss des TASSIMO Jacobs Caff\xc3\xa8 Crema classico XL noch l\xc3\xa4nger an. Erleben Sie den vollmundigen Geschmack des Jacobs Verw\xc3\xb6hnaromas und die samtige, goldene Crema. \nIhr Lieblingsgetr\xc3\xa4nk - vollautomatisch mit nur einem Knopfdruck zubereitet. \n1 Getr\xc3\xa4nk = 215 mlZutaten & AllergeneAllergenhinweise: Enth\xc3\xa4lt: Keine deklarationspflichtigen Allergene enthalten.HinweiseAufbewahrungs- und Verwendungshinweis: Trocken lagern und vor W\xc3\xa4rme sch\xc3\xbctzen.Information: unter Schutzatmosph\xc3\xa4re verpacktArtikeldetailsMarke: TassimoUrsprungsland: DeutschlandSorte: ClassicoKontaktKontaktname: JACOBS DOUWE EGBERTSKontaktadresse: Oosterdoksstraat 80, 1011 DK Amsterdam, The NetherlandsMaximale Bestellmenge: 15 St\xc3\xbcckF\xc3\xbcr die vorstehenden Angaben wird keine Haftung \xc3\xbcbernommen. Bitte pr\xc3\xbcfen Sie im Einzelfall die Angaben auf der jeweiligen Produktverpackung, nur diese sind verbindlich.Das Produktdesign kann von der Abbildung abweichen.'",Ladenburger Str. 68,Rewe,Frühstück,2023-07-09,"Gültig ab morgen bis Samstag, 15.07.2023"
Mestemacher Wraps,https://img.rewe-static.de/KLEIN28_2023/8722477/35581003-6_digital-image.png?impolicy=s-offers&imwidth=200&output-format=image/webp,,https://shop.rewe.de/productList?search=2832136,,"versch. Sorten , je 300-g-Pckg , (1 kg = 7.30)",Aktion,"2,19 €","b'ProduktbeschreibungArtikelnummer 8722477Man nehme italienisches Temperament, ein Originalrezept und kaltgepresstes Oliven\xc3\xb6l. Diese Zutaten machen unsere Wraps zu etwas ganz Besonderem!Zutaten & AllergeneZutaten: DINKELMEHL*1), Wasser, natives Oliven\xc3\xb6l extra* (5 %), Sonnenblumen\xc3\xb6l*, Meersalz, nat\xc3\xbcrliches Rosmarinaroma. * aus biologischem Landbau 1)Mit Dinkelmehl aus der EU. Kann Spuren von SOJA und SENF enthalten.Allergenhinweise: Enth\xc3\xa4lt: Glutenhaltiges Getreide und glutenhaltige Getreideerzeugnisse. Dinkel und Dinkelerzeugnisse (glutenhaltiges Getreide). Kann enthalten: Soja und Sojaerzeugnisse. Senf- und Senferzeugnisse.N\xc3\xa4hrwerteDurchschnittliche N\xc3\xa4hrwerteUnzubereitet pro 100 gEnergie1.280 kJEnergie304 kcalFett8,6 gFett, davon ges\xc3\xa4ttigte Fetts\xc3\xa4uren1,1 gKohlenhydrate45,7 gKohlenhydrate, davon Zucker1 gBallaststoffe3,1 gEiwei\xc3\x9f9,5 gSalz1,1 gHinweiseAufbewahrungs- und Verwendungshinweis: K\xc3\xbchl und trocken lagern.ArtikeldetailsMarkeMestemacherEigenschaftenVegan, BioUrsprungslandItalienServiervorschlagNach Belieben f\xc3\xbcllen, z.B. mit Salat oder Geschnetzeltem.\xc3\x96ko KontrollstelleIT-BIO-007Ort der ErzeugungEU-LandwirtschaftKontaktKontaktname: Mestemacher GmbHKontaktadresse: Postfach 2451 - 33254 G\xc3\xbcterslohF\xc3\xbcr die vorstehenden Angaben wird keine Haftung \xc3\xbcbernommen. Bitte pr\xc3\xbcfen Sie im Einzelfall die Angaben auf der jeweiligen Produktverpackung, nur diese sind verbindlich.Das Produktdesign kann von der Abbildung abweichen.'",Ladenburger Str. 68,Rewe,Frühstück,2023-07-09,"Gültig ab morgen bis Samstag, 15.07.2023"
Wasa Milch & Joghurtknäcke,https://img.rewe-static.de/KLEIN28_2023/7909062/33278373-9_digital-image.png?impolicy=s-offers&imwidth=200&output-format=image/webp,,https://shop.rewe.de/productList?search=2832136,,"je 230-g-Pckg , (1 kg = 8.65)",Aktion,"1,99 €","b'ProduktbeschreibungArtikelnummer 7909062Zutaten & AllergeneZutaten: ROGGENVOLLKORNMEHL (105 g**), entrahmte MILCH (16 g**), JOGHURTPULVER, MOLKENPULVER, Salz. Kann Spuren von SESAMSAMEN enthalten. Die hervorgehobenen Zutaten k\xc3\xb6nnen bei Personen mit Allergien und Unvertr\xc3\xa4glichkeiten Reaktionen verursachen. . **in g pro 100 g ProduktAllergenhinweise: Enth\xc3\xa4lt: Glutenhaltiges Getreide und glutenhaltige Getreideerzeugnisse. Roggen und Roggenerzeugnisse (glutenhaltiges Getreide). Milch und Milcherzeugnisse (einschlie\xc3\x9flich Lactose). Kann enthalten: Sesamsamen und Sesamsamenerzeugnisse.N\xc3\xa4hrwerteDurchschnittliche N\xc3\xa4hrwerteUnzubereitet pro 100 gEnergie1.424 kJEnergie338 kcalFett2 gFett, davon ges\xc3\xa4ttigte Fetts\xc3\xa4uren0,3 gKohlenhydrate60,5 gKohlenhydrate, davon Zucker3,5 gBallaststoffe20 gEiwei\xc3\x9f9,5 gSalz1,15 gHinweiseAufbewahrungs- und Verwendungshinweis: Trocken und vor Licht gesch\xc3\xbctzt aufbewahren.ArtikeldetailsMarke: WasaUrsprungsland: DeutschlandKontaktKontaktname: Barilla Deutschland GmbH, Bereich WasaKontaktadresse: Wasastra\xc3\x9fe 10, D-29229 CelleMaximale Bestellmenge: 15 St\xc3\xbcckF\xc3\xbcr die vorstehenden Angaben wird keine Haftung \xc3\xbcbernommen. Bitte pr\xc3\xbcfen Sie im Einzelfall die Angaben auf der jeweiligen Produktverpackung, nur diese sind verbindlich.Das Produktdesign kann von der Abbildung abweichen.'",Ladenburger Str. 68,Rewe,Frühstück,2023-07-09,"Gültig ab morgen bis Samstag, 15.07.2023"
Lavazza Crema e Gusto oder Espresso,https://img.rewe-static.de/KLEIN28_2023/7713584/29141056-8_digital-image.png?impolicy=s-offers&imwidth=200&output-format=image/webp,,https://shop.rewe.de/productList?search=2832136,,"versch. Sorten , je 250-g-Pckg , (1 kg = 13.96)",Aktion,"3,49 €","b'ProduktbeschreibungArtikelnummer 7713584Die Mischung besteht aus einer Auswahl hochwertiger, rassiger Arabicas (30 %) und Robustas (70 %) und ist ideal f\xc3\xbcr all diejenigen geeignet, die jeden Augenblick des Tages ein intensives Geschmackserlebnis genie\xce\xb2en m\xc3\xb6chten. HinweiseAufbewahrungs- und Verwendungshinweis: trocken lagern.ArtikeldetailsMarke: LavazzaUrsprungsland: ItalienSorte: Crema e GustoKontaktKontaktname: LUIGI LAVAZZA S.p.A.Kontaktadresse: C. SO NOVARA, 59- 10154 TORINO - ITALIAMaximale Bestellmenge: 15 St\xc3\xbcckF\xc3\xbcr die vorstehenden Angaben wird keine Haftung \xc3\xbcbernommen. Bitte pr\xc3\xbcfen Sie im Einzelfall die Angaben auf der jeweiligen Produktverpackung, nur diese sind verbindlich.Das Produktdesign kann von der Abbildung abweichen.'",Ladenburger Str. 68,Rewe,Frühstück,2023-07-09,"Gültig ab morgen bis Samstag, 15.07.2023"
Wasa Knäckebrot Rustikal,https://img.rewe-static.de/KLEIN28_2023/1995073/674470-38_digital-image.png?impolicy=s-offers&imwidth=200&output-format=image/webp,,https://shop.rewe.de/productList?search=2832136,,"je 275-g-Pckg , (1 kg = 7.24)",Aktion,"1,99 €","b'ProduktbeschreibungArtikelnummer 1995073Zutaten & AllergeneZutaten: ROGGENVOLLKORNMEHL, ROGGENKLEIE, Salz, Hefe. DIE HERVORGEHOBENEN ZUTATEN K\xc3\x96NNEN BEI PERSONEN MIT ALLERGIEN UND UNVERTR\xc3\x84GLICHKEITEN REAKTIONEN VERURSACHEN.Allergenhinweise: Enth\xc3\xa4lt: Glutenhaltiges Getreide und glutenhaltige Getreideerzeugnisse. Roggen und Roggenerzeugnisse (glutenhaltiges Getreide).N\xc3\xa4hrwerteDurchschnittliche N\xc3\xa4hrwerteUnzubereitet pro 100 gEnergie1.377 kJEnergie327 kcalFett1,5 gFett, davon ges\xc3\xa4ttigte Fetts\xc3\xa4uren0,4 gKohlenhydrate59,3 gKohlenhydrate, davon Zucker1,5 gBallaststoffe20 gEiwei\xc3\x9f9 gSalz1,25 gHinweiseAufbewahrungs- und Verwendungshinweis: Trocken und vor Licht gesch\xc3\xbctzt aufbewahrenArtikeldetailsMarke: WasaUrsprungsland: SchwedenKontaktKontaktname: Barilla Deutschland GmbH, Bereich WasaKontaktadresse: Wasastra\xc3\x9fe 10, D-29229 CelleMaximale Bestellmenge: 15 St\xc3\xbcckF\xc3\xbcr die vorstehenden Angaben wird keine Haftung \xc3\xbcbernommen. Bitte pr\xc3\xbcfen Sie im Einzelfall die Angaben auf der jeweiligen Produktverpackung, nur diese sind verbindlich.Das Produktdesign kann von der Abbildung abweichen.'",Ladenburger Str. 68,Rewe,Frühstück,2023-07-09,"Gültig ab morgen bis Samstag, 15.07.2023"
Barilla Pasta,https://img.rewe-static.de/KLEIN28_2023/6653839/20768970-25_digital-image.png?impolicy=s-offers&imwidth=200&output-format=image/webp,,https://shop.rewe.de/productList?search=2832136,,"versch. Ausformungen , je 500-g-Pckg , (1 kg = 1.90)",Knaller,"0,95 €","b'ProduktbeschreibungArtikelnummer 6653839Fusilli erschienen in ihrer heutigen Form zuerst in S\xc3\xbcditalien und sind urspr\xc3\xbcnglich der Idee entsprungen, Spaghetti auf einer Stricknadel aufzuwickeln. Erst sp\xc3\xa4ter, bedingt durch die unterschiedlichen geschmacklichen Gewohnheiten in den verschiedenen italienischen Regionen, entstanden Fusilli als eigenst\xc3\xa4ndige Sorte. Im Rahmen des Sortiments von Barilla - Italiens beliebtester Pasta - wurde die Pastasorte Fusilli neu interpretiert und erhielt ihre charakteristische Spiralform, die f\xc3\xbcr die Tradition von Mittel- und Norditalien typisch ist.... mehr anzeigenZutaten & AllergeneZutaten: HARTWEIZENGRIESS, Wasser. Kann Spuren von Sojabohnen enthalten.Allergenhinweise: Enth\xc3\xa4lt: Weizen und Weizenerzeugnisse (glutenhaltiges Getreide). Glutenhaltiges Getreide und glutenhaltige Getreideerzeugnisse. Kann enthalten: Soja und Sojaerzeugnisse.N\xc3\xa4hrwerteDurchschnittliche N\xc3\xa4hrwerteUnzubereitet pro 100 gEnergie1.521 kJEnergie359 kcalFett2 gFett, davon ges\xc3\xa4ttigte Fetts\xc3\xa4uren0,5 gKohlenhydrate71,2 gKohlenhydrate, davon Zucker3,5 gBallaststoffe3 gEiwei\xc3\x9f12,5 gSalz0,013 gHinweiseAufbewahrungs- und Verwendungshinweis: Trocken und vor W\xc3\xa4rme gesch\xc3\xbctzt lagern.ArtikeldetailsMarke: BarillaUrsprungsland: ItalienKontaktKontaktname: Barilla G. e R. Fratelli - Societ\xc3\xa0 per AzioniKontaktadresse: Via Mantova 166, Parma - ItalyF\xc3\xbcr die vorstehenden Angaben wird keine Haftung \xc3\xbcbernommen. Bitte pr\xc3\xbcfen Sie im Einzelfall die Angaben auf der jeweiligen Produktverpackung, nur diese sind verbindlich.Das Produktdesign kann von der Abbildung abweichen.'",Ladenburger Str. 68,Rewe,Kochen & Backen,2023-07-09,"Gültig ab morgen bis Samstag, 15.07.2023"
Knorr Salat Krönung,https://img.rewe-static.de/KLEIN28_2023/7177137/27325102-22_digital-image.png?impolicy=s-offers&imwidth=200&output-format=image/webp,,https://shop.rewe.de/productList?search=2832136,,"versch. Sorten , je 5er-Pckg",Aktion,"0,69 €","b""ProduktbeschreibungArtikelnummer 7177137- Mit Knorr Salatkr\xc3\xb6nung Vinaigrette Dill-Kr\xc3\xa4uter einfach und schnell ein leckeres Salatdressing zaubern \n - Mit Kr\xc3\xa4utern aus nachhaltigem Anbau \n - Raffinierter und fein abgestimmmter Dill-Geschmack \n - Ohne Farbstoffe und geschmacksverst\xc3\xa4rkende Zusatzstoffe \n - Einfache Zubereitung: Etwas Wasser und \xc3\x96l mit Knorr Salatkr\xc3\xb6nung verr\xc3\xbchren, fertig! \n - Gelingt im Handumdrehen Knorr Salatkr\xc3\xb6nung Dill-Kr\xc3\xa4uter ist f\xc3\xbcr alle Fans des w\xc3\xbcrzigen Dill-Geschmacks die richtige Wahl. Die Mischung aus Dill und aromatischen Gew\xc3\xbcrzen eignet sich besonders gut f\xc3\xbcr jede Art von Gurkensalat. \n\nZubereitung \xe2\x80\x93 so einfach geht's: 3 EL Wasser und 3 EL Oliven\xc3\xb6l mit Knorr Salatkr\xc3\xb6nung verr\xc3\xbchren. Das Salatdressing zum Lieblingssalat geben. Fertig!\n\nMit den vielen Variationen der Knorr Salatkr\xc3\xb6nung das perfekte Zusammenspiel von Kr\xc3\xa4utern erleben. Die w\xc3\xbcrzigen Gartenkr\xc3\xa4uter verleihen Salaten mit wenigen Handgriffen einen feinen, aromatischen Geschmack. Knorr Salatdressings und Vinaigrettes bereitet man ganz einfach zu: Entweder selbst anr\xc3\xbchren oder \xe2\x80\x93 f\xc3\xbcr einen noch schnelleren Salatgenuss \xe2\x80\x93 zu servierfertigen Salatkr\xc3\xb6nungen in der Flasche greifen. Anschlie\xc3\x9fend nur noch das Dressing zum Lieblingssalat geben \xe2\x80\x93 und die Salatkr\xc3\xb6nung genie\xc3\x9fen!\n\nSind schon die vielen weiteren Produkte von Knorr bekannt? Dank der Fix-Produkte, So\xc3\x9fen, Fertiggerichten, Suppen, Salatdressings, Br\xc3\xbchen und Bouillons gelingt jedes Gericht garantiert mit wenigen Handgriffen. Schnell und einfach erhalten so authentische Mahlzeiten ihren typischen Geschmack \xe2\x80\x93 egal, ob abwechslungsreiche vegetarische oder vegane K\xc3\xbcche, herzhafte Fleischgerichte oder leckere Gem\xc3\xbcsevariationen. Dabei ist es die Komposition ausgew\xc3\xa4hlter hochwertiger Zutaten, die jedes Knorr Produkt besonders macht. Knorr verarbeitet nur sorgf\xc3\xa4ltig schonend getrocknete Zutaten, denn das Trocknen ist eine der \xc3\xa4ltesten Methoden, um Lebensmittel nat\xc3\xbcrlich haltbar zu machen. Da der Geschmack und die Hauptn\xc3\xa4hrstoffe der frischen Zutaten weitgehend erhalten bleiben, passen Lebensmittel aus getrockneten Zutaten perfekt in unseren stressigen Alltag. Essen mit Knorr ist unkompliziert und sorgt dar\xc3\xbcber hinaus f\xc3\xbcr ein gutes Gef\xc3\xbchl: 95 Prozent unserer Gem\xc3\xbcse und Kr\xc3\xa4uter stammen heute schon aus nachhaltigem Anbau. Denn wir bei Knorr glauben, dass die Verwendung nachhaltig angebauter und beschaffter Zutaten einen gro\xc3\x9fen Unterschied f\xc3\xbcr den Geschmack unserer Produkte, das Wohlbefinden der Landwirte und die Zukunft des Planeten macht. Knorr. Gutes, einfach lecker!\n\n*Nat\xc3\xbcrliche Zutaten sind mit einem Sternchen in der Zutatenliste gekennzeichnetZutaten & AllergeneZutaten: Zucker\xc2\xb9, jodiertes Speisesalz, St\xc3\xa4rke\xc2\xb9, 8,3% Kr\xc3\xa4uter (5% Dill\xc2\xb9\xc2\xb2, Petersilie\xc2\xb9\xc2\xb2, Schnittlauch\xc2\xb9\xc2\xb2), S\xc3\xa4ureregulator Natriumdiacetat3, S\xc3\xa4uerungsmittel Citronens\xc3\xa4ure, Zitrusfaser\xc2\xb9, MILCHZUCKER, Maiskeim\xc3\xb6l\xc2\xb9, 1,6% gemahlene SENFK\xc3\x96RNER\xc2\xb9, 0,9% Zwiebeln, Pfeffer\xc2\xb9, Zitronensaftpulver\xc2\xb9, Speisesalz, Aromen. Kann Ei, Sellerie, Soja, glutenhaltige Getreide enthalten. \xc2\xb9Nat\xc3\xbcrliche Zutaten sind mit einem Sternchen gekennzeichnet. \xc2\xb2aus nachhaltigem Anbau. 3Salz der Essigs\xc3\xa4ure.Allergenhinweise: Enth\xc3\xa4lt: Milchzucker (Laktose).N\xc3\xa4hrwerteDurchschnittliche N\xc3\xa4hrwerteZubereitet pro 100 mlEnergie1.775 kJEnergie424 kcalFett45 gFett, davon ges\xc3\xa4ttigte Fetts\xc3\xa4uren4,1 gKohlenhydrate4,9 gKohlenhydrate, davon Zucker3,7 gBallaststoffe0,7 gEiwei\xc3\x9f< 0,5 gSalz2,1 gArtikeldetailsMarke: KnorrUrsprungsland: DeutschlandKontaktKontaktname: Unilever DeutschlandKontaktadresse: Postfach 570 550, 22774 HamburgMaximale Bestellmenge: 15 St\xc3\xbcckF\xc3\xbcr die vorstehenden Angaben wird keine Haftung \xc3\xbcbernommen. Bitte pr\xc3\xbcfen Sie im Einzelfall die Angaben auf der jeweiligen Produktverpackung, nur diese sind verbindlich.Das Produktdesign kann von der Abbildung abweichen.""",Ladenburger Str. 68,Rewe,Kochen & Backen,2023-07-09,"Gültig ab morgen bis Samstag, 15.07.2023"
Ben’s Original Express Reis,https://img.rewe-static.de/KLEIN28_2023/8922362/38852794-8_digital-image.png?impolicy=s-offers&imwidth=200&output-format=image/webp,,https://shop.rewe.de/productList?search=2832136,,"versch. Sorten , je 220-g-Pckg , (1 kg = 5.41)",Aktion,"1,19 €","b""ProduktbeschreibungArtikelnummer 8922362Schonend dampfgegarter Spitzen-Langkornreis mit Tomaten und Kr\xc3\xa4utern im 220g Beutel f\xc3\xbcr 1 bis 2 Personen. BEN'S ORIGINAL\xe2\x84\xa2 Reis kann im Frischebeutel, ohne weiteres Gef\xc3\xa4\xc3\x9f, einfach und bequem in 2 Minuten in der Mikrowelle erhitzt werden.Zutaten & AllergeneZutaten: dampfgegarter, parboiled Langkornreis (86%), doppelt konzentriertes Tomatenmark (5.9%), Sonnenblumen\xc3\xb6l, Tomatenpulver (2.5%), Basilikum, nat\xc3\xbcrliches Aroma, Salz, Zucker, Hefeextrakt, Zwiebelpulver, Kr\xc3\xa4uter, S\xc3\xa4uerungsmittel (Citronens\xc3\xa4ure), Knoblauchpulver, Gew\xc3\xbcrze.Allergenhinweise: Enth\xc3\xa4lt: Keine deklarationspflichtigen Allergene enthalten.N\xc3\xa4hrwerteDurchschnittliche N\xc3\xa4hrwerteUnzubereitet pro 100 gEnergie713 kJEnergie169 kcalFett3,3 gFett, davon ges\xc3\xa4ttigte Fetts\xc3\xa4uren0,2 gKohlenhydrate30 gKohlenhydrate, davon Zucker2,5 gBallaststoffe1,4 gEiwei\xc3\x9f3,8 gSalz0,55 gHinweiseAufbewahrungs- und Verwendungshinweis: Trocken und bei Zimmertemperatur lagern. Ge\xc3\xb6ffnet 3 Tage im K\xc3\xbchlschrank haltbar.Information: Unter Schutzatmosph\xc3\xa4re verpackt.ArtikeldetailsMarke: Ben's OriginalUrsprungsland: GrossbritannienKontaktKontaktname: Mars GmbHKontaktadresse: Postfach 1280, 27281 Verden (Aller)Maximale Bestellmenge: 15 St\xc3\xbcckF\xc3\xbcr die vorstehenden Angaben wird keine Haftung \xc3\xbcbernommen. Bitte pr\xc3\xbcfen Sie im Einzelfall die Angaben auf der jeweiligen Produktverpackung, nur diese sind verbindlich.Das Produktdesign kann von der Abbildung abweichen.""",Ladenburger Str. 68,Rewe,Kochen & Backen,2023-07-09,"Gültig ab morgen bis Samstag, 15.07.2023"
Knorr Feinschmecker Suppe,https://img.rewe-static.de/KLEIN28_2023/8184772/28407667-16_digital-image.png?impolicy=s-offers&imwidth=200&output-format=image/webp,,https://shop.rewe.de/productList?search=2832136,,"versch. Sorten, ausreichend für 500 ml , je Btl",Aktion,"0,79 €","b'ProduktbeschreibungArtikelnummer 8184772- Knorr Feinschmecker Spargel Cremesuppe aus wei\xc3\x9fem Spargel - das schmeckt nach Fr\xc3\xbchling \n - Besonders cremig und mit vielen leckeren Spargelst\xc3\xbcckchen \n - Mit nachhaltig angebautem Spargel \n - Schnelle und einfache Zubereitung \n - Nat\xc3\xbcrlich ohne geschmacksverst\xc3\xa4rkende Zusatzstoffe, Konservierungsstoffe und Farbstoffe \n - Inhalt reicht f\xc3\xbcr 500 ml (2 Teller) Probieren Sie die Knorr Feinschmecker Spargel Cremesuppe: besonders cremige Spargelsuppe aus wei\xc3\x9fem Spargel - das schmeckt nach Fr\xc3\xbchling! Mit nachhaltig angebautem Spargel.\n\nZubereitung:\nBeutelinhalt mit einem Schneebesen in 0,5 l (500 ml) kochendes Wasser einr\xc3\xbchren. 5Minuten k\xc3\xb6cheln lassen. Ab und zu umr\xc3\xbchren.\n\nSuppen f\xc3\xbcr Feinschmecker: Die Knorr Feinschmecker Suppen bieten f\xc3\xbcr jeden Geschmack das passende Gericht und sind im Handumdrehen angerichtet. Sanft getrocknetes Gem\xc3\xbcse, Kr\xc3\xa4uter und Gew\xc3\xbcrze zeichnen die schnell zubereiteten Suppen aus. Die besonders cremigen Feinschmecker Suppen gelingen garantiert und begeistern die ganze Familie.\n\nKennen Sie schon die vielen weiteren Produkte von Knorr? Dank unserer Fix-Produkte, Br\xc3\xbchen, Saucen, Fertiggerichten, Suppen und Salatdressings gelingt jedes Gericht garantiert mit wenigen Handgriffen. Schnell und einfach erhalten so authentische Mahlzeiten ihren typischen Geschmack \xe2\x80\x93 egal, ob abwechslungsreiche vegetarische oder vegane K\xc3\xbcche, herzhafte Fleischgerichte oder leckere Gem\xc3\xbcsevariationen. Dabei ist es die Komposition ausgew\xc3\xa4hlter hochwertiger Zutaten, die jedes Knorr Produkt besonders macht. Knorr verarbeitet nur sorgf\xc3\xa4ltig schonend getrocknete Zutaten, denn das Trocknen ist eine der \xc3\xa4ltesten Methoden, um Lebensmittel nat\xc3\xbcrlich haltbar zu machen. Da der Geschmack und die N\xc3\xa4hrstoffe der frischen Zutaten weitgehend erhalten bleiben, passen Lebensmittel aus getrockneten Zutaten perfekt in unseren stressigen Alltag. Essen mit Knorr ist unkompliziert und sorgt dar\xc3\xbcber hinaus f\xc3\xbcr ein gutes Gef\xc3\xbchl: \xc3\x9cber 90 Prozent der Zutaten kommen heute schon aus nachhaltigem Anbau. Denn wir bei Knorr glauben, dass die Verwendung nachhaltig angebauter und beschaffter Zutaten einen gro\xc3\x9fen Unterschied f\xc3\xbcr den Geschmack unserer Produkte, das Wohlbefinden der Landwirte und die Zukunft des Planeten macht. Knorr \xe2\x80\x93 Geschmack mit gutem Gef\xc3\xbchl.Zutaten & AllergeneZutaten: Mehl (WEIZEN, Reis), Palm\xc3\xb6l, St\xc3\xa4rke, 10% wei\xc3\x9fer Spargel\xc2\xb2 (Pulver, St\xc3\xbccke), jodiertes Speisesalz, Hefeextrakt, Zucker, Speisesalz, Glukosesirup, MILCHEIWEISS, Zitronensaftpulver, Aromen, Kurkuma, Petersilienwurzel\xc2\xb2, Lorbeerbl\xc3\xa4tter. Kann Ei, Sellerie, Senf, Soja, andere glutenhaltige Getreide enthalten. \xc2\xb2 Aus nachhaltigem Anbau.Allergenhinweise: Enth\xc3\xa4lt: Weizen und Weizenerzeugnisse (glutenhaltiges Getreide).N\xc3\xa4hrwerteDurchschnittliche N\xc3\xa4hrwerteZubereitet pro 100 mlEnergie182 kJEnergie44 kcalFett2,2 gFett, davon ges\xc3\xa4ttigte Fetts\xc3\xa4uren1,4 gKohlenhydrate4,6 gKohlenhydrate, davon Zucker0,7 gBallaststoffe< 0,5 gEiwei\xc3\x9f1,1 gSalz0,81 gArtikeldetailsMarke: KnorrEigenschaften: VegetarischUrsprungsland: PolenKontaktKontaktname: Unilever DeutschlandKontaktadresse: Postfach 570 550, 22774 HamburgMaximale Bestellmenge: 15 St\xc3\xbcckF\xc3\xbcr die vorstehenden Angaben wird keine Haftung \xc3\xbcbernommen. Bitte pr\xc3\xbcfen Sie im Einzelfall die Angaben auf der jeweiligen Produktverpackung, nur diese sind verbindlich.Das Produktdesign kann von der Abbildung abweichen.'",Ladenburger Str. 68,Rewe,Kochen & Backen,2023-07-09,"Gültig ab morgen bis Samstag, 15.07.2023"
Barilla Pesto Basilico Vegan,https://img.rewe-static.de/KLEIN28_2023/3263361/26586190-10_digital-image.png?impolicy=s-offers&imwidth=200&output-format=image/webp,,https://shop.rewe.de/productList?search=2832136,,"je 195-g-Glas , (1 kg = 10.21)",Aktion,"1,99 €","b'ProduktbeschreibungArtikelnummer 3263361Zutaten & AllergeneZutaten: Basilikum 35,6%, pflanzliche \xc3\x96le (Olive, Sonnenblume), CASHEWKERNE, Glukosesirup, Wasser, modifizierte Maisst\xc3\xa4rke, Salz, nat\xc3\xbcrliche Aromen, natives Oliven\xc3\xb6l extra, Zucker, S\xc3\xa4ureregulator Milchs\xc3\xa4ure. Kann Spuren von anderen Schalenfr\xc3\xbcchten (Hartschalenobst) enthalten.Allergenhinweise: Enth\xc3\xa4lt: Kaschunuss und Kaschunusserzeugnisse. Kann enthalten: N\xc3\xbcsse und Nusserzeugnisse.N\xc3\xa4hrwerteDurchschnittliche N\xc3\xa4hrwerteUnzubereitet pro 100 gEnergie1.780 kJEnergie431 kcalFett41 gFett, davon ges\xc3\xa4ttigte Fetts\xc3\xa4uren5,5 gKohlenhydrate12 gKohlenhydrate, davon Zucker3,3 gBallaststoffe2 gEiwei\xc3\x9f2,5 gSalz3 gHinweiseAufbewahrungs- und Verwendungshinweis: Nach dem \xc3\x96ffnen gek\xc3\xbchlt 5 Tage haltbar.ArtikeldetailsMarke: BarillaEigenschaften: Vegan, Vegetarisch, LaktosefreiUrsprungsland: ItalienKontaktKontaktname: Barilla G. e R. Fratelli - Societ\xc3\xa0 per AzioniKontaktadresse: Via Mantova 166, Parma - ItalyMaximale Bestellmenge: 15 St\xc3\xbcckF\xc3\xbcr die vorstehenden Angaben wird keine Haftung \xc3\xbcbernommen. Bitte pr\xc3\xbcfen Sie im Einzelfall die Angaben auf der jeweiligen Produktverpackung, nur diese sind verbindlich.Das Produktdesign kann von der Abbildung abweichen.'",Ladenburger Str. 68,Rewe,Kochen & Backen,2023-07-09,"Gültig ab morgen bis Samstag, 15.07.2023"
Barilla Pesto alla Genovese,https://img.rewe-static.de/KLEIN28_2023/4840313/35802412-11_digital-image.png?impolicy=s-offers&imwidth=200&output-format=image/webp,,https://shop.rewe.de/productList?search=2832136,,"je 190-g-Glas , (1 kg = 10.47)",Aktion,"1,99 €","b'ProduktbeschreibungArtikelnummer 4840313Zutaten & AllergeneZutaten: pflanzliche \xc3\x96le (Olive, Sonnenblume), frisches Basilikum 30%, CASHEWKERNE, Parmigiano Reggiano g.U. K\xc3\xa4se 5% (MILCH), Maisfaser, Molkepulver (MILCH), Salz, MILCHeiweiss, natives Oliven\xc3\xb6l extra, Zucker, Basilikumextrakt, nat\xc3\xbcrliche Aromen (MILCH), S\xc3\xa4ureregulator: Milchs\xc3\xa4ure, Knoblauch. Kann Spuren von anderen Schalenfr\xc3\xbcchten (Hartschalenobst) enthalten.Allergenhinweise: Enth\xc3\xa4lt: Milch und Milcherzeugnisse (einschlie\xc3\x9flich Lactose). N\xc3\xbcsse und Nusserzeugnisse. Kaschunuss und Kaschunusserzeugnisse.N\xc3\xa4hrwerteDurchschnittliche N\xc3\xa4hrwerteUnzubereitet pro 100 gEnergie1.989 kJEnergie482 kcalFett46 gFett, davon ges\xc3\xa4ttigte Fetts\xc3\xa4uren7,1 gKohlenhydrate9,8 gKohlenhydrate, davon Zucker5,5 gBallaststoffe5 gEiwei\xc3\x9f4,7 gSalz3,25 gHinweiseAufbewahrungs- und Verwendungshinweis: Nach dem \xc3\x96ffnen gek\xc3\xbchlt 5 Tage haltbar.ArtikeldetailsMarke: BarillaUrsprungsland: ItalienKontaktKontaktname: Barilla G. e R. Fratelli S.p.A.Kontaktadresse: Via Mantova 166, Parma - ItalyMaximale Bestellmenge: 15 St\xc3\xbcckF\xc3\xbcr die vorstehenden Angaben wird keine Haftung \xc3\xbcbernommen. Bitte pr\xc3\xbcfen Sie im Einzelfall die Angaben auf der jeweiligen Produktverpackung, nur diese sind verbindlich.Das Produktdesign kann von der Abbildung abweichen.'",Ladenburger Str. 68,Rewe,Kochen & Backen,2023-07-09,"Gültig ab morgen bis Samstag, 15.07.2023"
Knorr Feinschmecker Sauce Hollandaise Klassisch,https://img.rewe-static.de/KLEIN28_2023/4615263/14092570-53_digital-image.png?impolicy=s-offers&imwidth=200&output-format=image/webp,,https://shop.rewe.de/productList?search=2832136,,"je 35-g-Btl , (1 kg = 19.71)",Aktion,"0,69 €","b'ProduktbeschreibungArtikelnummer 4615263- wird mit feiner Butter zum besonderen Genuss f\xc3\xbcr jeden Feinschmecker \n - klassische Saucen-Rezeptur \n - nat\xc3\xbcrlich ohne geschmacksverst\xc3\xa4rkende Zusatzstoffe und Farbstoffe \n - ohne Konservierungsstoffe (lt. Gesetz) \n - schnelle und einfache Zubereitung Mit der Knorr Feinschmecker Sauce Hollandaise klassisch wird das Spargelessen zum unvergesslichen Erlebnis. Der beliebte Klassiker zur Spargelsaison ist ein zart-cremiger Saucengenuss mit feinem Geschmack und passt neben Spargel hervorragend zu Brokkoli und Fisch. Durch die Zugabe von Butter wird die helle Sauce zu einem besonderen Genuss f\xc3\xbcr jeden Feinschmecker. Die So\xc3\x9fe ist vegetarisch und nat\xc3\xbcrlich ohne geschmacksverst\xc3\xa4rkende Zusatzstoffe und ohne Farbstoffe.\n\nZubereitung:\n1) Beutelinhalt mit dem Schneebesen in 125 ml kaltes Wasser einr\xc3\xbchren. Unter R\xc3\xbchren aufkochen.\n2) Bei schwacher Hitze 125 g gew\xc3\xbcrfelte Butter darunter schlagen, bis sie geschmolzen ist.\nMit Sahne verfeinern f\xc3\xbcr einen noch cremigeren Geschmack - Genuss pur!\n\nSaucen f\xc3\xbcr Feinschmecker: Die Knorr Feinschmecker Saucen bieten f\xc3\xbcr jeden Geschmack die passende Variante: Sauce Hollandaise zu Spargel oder Gem\xc3\xbcse, Pfeffersauce zu Steak und Kurzgebratenem oder Dillsauce f\xc3\xbcr Fischgerichte. Im Handumdrehen zubereitet verfeinern die Saucen jedes Gericht und begeistern somit die ganze Familie. Mmmhh, lecker!\n\nSind schon die vielen weiteren Produkte von Knorr bekannt? Dank der Fix-Produkte, Saucen, Fertiggerichte, Suppen, Salatdressings, Br\xc3\xbchen und Bouillons gelingt jedes Gericht garantiert mit wenigen Handgriffen. Schnell und einfach erhalten authentische Mahlzeiten so ihren typischen Geschmack \xe2\x80\x93 egal, ob abwechslungsreiche vegetarische oder vegane K\xc3\xbcche, herzhafte Fleischgerichte oder leckere Gem\xc3\xbcsevariationen. Dabei ist es die Komposition ausgew\xc3\xa4hlter hochwertiger Zutaten, die jedes Knorr Produkt besonders macht. Knorr verarbeitet nur sorgf\xc3\xa4ltig schonend getrocknete Zutaten, denn das Trocknen ist eine der \xc3\xa4ltesten Methoden, um Lebensmittel nat\xc3\xbcrlich haltbar zu machen. Da der Geschmack und die Hauptn\xc3\xa4hrstoffe der frischen Zutaten weitgehend erhalten bleiben, passen Lebensmittel aus getrockneten Zutaten perfekt in unseren stressigen Alltag. Essen mit Knorr ist unkompliziert und sorgt dar\xc3\xbcber hinaus f\xc3\xbcr ein gutes Gef\xc3\xbchl: 95 Prozent unserer Gem\xc3\xbcse und Kr\xc3\xa4uter stammen heute schon aus nachhaltigem Anbau. Denn wir bei Knorr glauben, dass die Verwendung nachhaltig angebauter und beschaffter Zutaten einen gro\xc3\x9fen Unterschied f\xc3\xbcr den Geschmack unserer Produkte, das Wohlbefinden der Landwirte und die Zukunft des Planeten macht. \nKnorr. Gutes, einfach lecker.Zutaten & AllergeneZutaten: St\xc3\xa4rke, Palm\xc3\xb6l, Maltodextrin, 12% EIGELBPULVER, jodiertes Speisesalz, MILCHEIWEISS, Hefeextrakt, Glukosesirup, Zucker, Zitronensaftpulver, MILCHZUCKER, WEIZENMEHL, Kochsalzersatz\xc2\xb2, Speisesalz, Wei\xc3\x9fweinextrakt, nat\xc3\xbcrliches Aroma, Kurkuma. Kann Sellerie, Senf, andere glutenhaltige Getreide, Soja enthalten. \xc2\xb2gewonnen aus nat\xc3\xbcrlichen Kaliummineralien.Allergenhinweise: Enth\xc3\xa4lt: Milchzucker (Laktose). Weizen und Weizenerzeugnisse (glutenhaltiges Getreide).N\xc3\xa4hrwerteDurchschnittliche N\xc3\xa4hrwerteZubereitet pro 100 mlEnergie1.784 kJEnergie427 kcalFett44 gFett, davon ges\xc3\xa4ttigte Fetts\xc3\xa4uren28 gKohlenhydrate7 gKohlenhydrate, davon Zucker1,3 gBallaststoffe< 0,5 gEiwei\xc3\x9f1,6 gSalz0,95 gArtikeldetailsMarke: KnorrEigenschaften: VegetarischUrsprungsland: DeutschlandSorte: KlassischKontaktKontaktname: Unilever DeutschlandKontaktadresse: Postfach 570 550, 22774 HamburgMaximale Bestellmenge: 15 St\xc3\xbcckF\xc3\xbcr die vorstehenden Angaben wird keine Haftung \xc3\xbcbernommen. Bitte pr\xc3\xbcfen Sie im Einzelfall die Angaben auf der jeweiligen Produktverpackung, nur diese sind verbindlich.Das Produktdesign kann von der Abbildung abweichen.'",Ladenburger Str. 68,Rewe,Kochen & Backen,2023-07-09,"Gültig ab morgen bis Samstag, 15.07.2023"
Knorr Feinschmecker 3 Pfeffer Sauce,https://img.rewe-static.de/KLEIN28_2023/3665399/1159810-80_digital-image.png?impolicy=s-offers&imwidth=200&output-format=image/webp,,https://shop.rewe.de/productList?search=2832136,,"je 40-g-Btl , (1 kg = 17.25)",Aktion,"0,69 €","b'ProduktbeschreibungArtikelnummer 3665399- wunderbar cremig mit feiner Pfeffernote \n - mit gr\xc3\xbcnen, schwarzen und wei\xc3\x9fen Pfefferk\xc3\xb6rnern \n - nat\xc3\xbcrlich ohne geschmacksverst\xc3\xa4rkende Zusatzstoffe und Farbstoffe \n - ohne Konservierungsstoffe (lt. Gesetz) \n - schnelle und einfache Zubereitung Knorr Feinschmecker 3 Pfeffer Sauce ist eine fein abgestimmte Saucenkomposition mit einem angenehm w\xc3\xbcrzigen Geschmack und gr\xc3\xbcnem, schwarzen und rosa Pfeffer. Diese w\xc3\xbcrzige Pfeffersauce passt ideal zu allem Kurzgebratenem und auch perfekt z.B. zu Gerichten mit Pilzen und Blumenkohl. Die Sauce ist nat\xc3\xbcrlich ohne geschmacksverst\xc3\xa4rkende Zusatzstoffe, ohne Farbstoffe und ohne Konservierungsstoffe lt. Gesetz. \n\nKnorr Feinschmecker 3 Pfeffer Sauce:\n1) Beutelinhalt mit dem Schneebesen in 250 ml kaltes Wasser einr\xc3\xbchren. Unter R\xc3\xbchren aufkochen.\n2) Bei schwacher Hitze 1 Minute kochen. Gelegentlich umr\xc3\xbchren.\nMit Sahne verfeinern f\xc3\xbcr einen noch cremigeren Geschmack - Genuss pur!\n\nSaucen f\xc3\xbcr Feinschmecker: Die Knorr Feinschmecker Saucen bieten f\xc3\xbcr jeden Geschmack die passende Variante: Sauce Hollandaise zu Spargel oder Gem\xc3\xbcse, Bratensauce f\xc3\xbcr Bratengerichte, 3 Pfeffer Sauce zu Steak und Kurzgebratenem, Pfefferso\xc3\x9fe oder Dillsauce f\xc3\xbcr Fischgerichte. Im Handumdrehen zubereitet verfeinern die Saucen jedes Gericht und begeistern somit die ganze Familie.\n\nSind schon die vielen weiteren Produkte von Knorr bekannt? Dank der Fix-Produkte, So\xc3\x9fen, Fertiggerichten, Suppen, Salatdressings, Br\xc3\xbchen und Bouillons gelingt jedes Gericht garantiert mit wenigen Handgriffen. Schnell und einfach erhalten so authentische Mahlzeiten ihren typischen Geschmack \xe2\x80\x93 egal, ob abwechslungsreiche vegetarische oder vegane K\xc3\xbcche, herzhafte Fleischgerichte oder leckere Gem\xc3\xbcsevariationen. Dabei ist es die Komposition ausgew\xc3\xa4hlter hochwertiger Zutaten, die jedes Knorr Produkt besonders macht. Knorr verarbeitet nur sorgf\xc3\xa4ltig schonend getrocknete Zutaten, denn das Trocknen ist eine der \xc3\xa4ltesten Methoden, um Lebensmittel nat\xc3\xbcrlich haltbar zu machen. Da der Geschmack und die Hauptn\xc3\xa4hrstoffe der frischen Zutaten weitgehend erhalten bleiben, passen Lebensmittel aus getrockneten Zutaten perfekt in unseren stressigen Alltag. Essen mit Knorr ist unkompliziert und sorgt dar\xc3\xbcber hinaus f\xc3\xbcr ein gutes Gef\xc3\xbchl: 95 Prozent unserer Gem\xc3\xbcse und Kr\xc3\xa4uter stammen heute schon aus nachhaltigem Anbau. Denn wir bei Knorr glauben, dass die Verwendung nachhaltig angebauter und beschaffter Zutaten einen gro\xc3\x9fen Unterschied f\xc3\xbcr den Geschmack unserer Produkte, das Wohlbefinden der Landwirte und die Zukunft des Planeten macht. Knorr. Gutes, nat\xc3\xbcrlich lecker.Zutaten & AllergeneZutaten: Palm\xc3\xb6l, St\xc3\xa4rke, WEIZENMEHL, Maltodextrin, Aromen, Glukosesirup, jodiertes Speisesalz, 3% Pfeffermischung (gr\xc3\xbcner Pfeffer, schwarzer Pfeffer, rosa Pfeffer) Kochsalzersatz3, MILCHEIWEISS, Zucker, Karamellzuckersirup, W\xc3\xbcrze, Hefeextrakt, Speisesalz, Schnittlauch2. Kann Sellerie, Ei, Senf, andere glutenhaltige Getreide, Soja enthalten. 2aus nachhaltigem Anbau. 3gewonnen aus nat\xc3\xbcrlichen Kaliummineralien.Allergenhinweise: Enth\xc3\xa4lt: Weizen und Weizenerzeugnisse (glutenhaltiges Getreide).N\xc3\xa4hrwerteDurchschnittliche N\xc3\xa4hrwerteZubereitet pro 100 mlEnergie325 kJEnergie78 kcalFett4,5 gFett, davon ges\xc3\xa4ttigte Fetts\xc3\xa4uren2,8 gKohlenhydrate8,3 gKohlenhydrate, davon Zucker0,6 gBallaststoffe< 0,5 gEiwei\xc3\x9f0,9 gSalz0,99 gArtikeldetailsMarke: KnorrUrsprungsland: DeutschlandKontaktKontaktname: Unilever DeutschlandKontaktadresse: Postfach 570 550, 22774 HamburgMaximale Bestellmenge: 15 St\xc3\xbcckF\xc3\xbcr die vorstehenden Angaben wird keine Haftung \xc3\xbcbernommen. Bitte pr\xc3\xbcfen Sie im Einzelfall die Angaben auf der jeweiligen Produktverpackung, nur diese sind verbindlich.Das Produktdesign kann von der Abbildung abweichen.'",Ladenburger Str. 68,Rewe,Kochen & Backen,2023-07-09,"Gültig ab morgen bis Samstag, 15.07.2023"
Pfanni Kartoffel Püree,https://img.rewe-static.de/KLEIN28_2023/0184764/20324257-50_digital-image.png?impolicy=s-offers&imwidth=200&output-format=image/webp,,https://shop.rewe.de/productList?search=2832136,,"das Lockere , je 240-g-Pckg , (1 kg = 4.13)",Aktion,"0,99 €","b'ProduktbeschreibungArtikelnummer 184764- 3 x 3 Portionen Pfanni Kartoffelp\xc3\xbcree der Klassiker besonders locker im praktischen Portionsbeutel. \n - Besonders lockeres P\xc3\xbcree mit Vollmilch und Rama. \n - Schnelle und einfache Zubereitung. \n - Aus 100% deutschen, nachhaltig angebauten, Kartoffeln. \n - Ideal zu Fisch, Fleisch und Gem\xc3\xbcse. Ein P\xc3\xbcree, das auf der Zunge zergeht. So fein sind die Flocken, die f\xc3\xbcr dieses P\xc3\xbcree verwendet werden. Da ist schon die Zubereitung ein wahres Gedicht: Flocken in hei\xc3\x9fes Wasser rieseln lassen, Milch zugeben, umr\xc3\xbchren und ein St\xc3\xbcck Rama auf der cremig-lockeren Decke zerflie\xc3\x9fen lassen. Fast zu sch\xc3\xb6n, um wahr zu sein!\nDie Pfanni Kartoffelp\xc3\xbcrees gelingen immer ausgezeichnet und schmecken wie handgemacht. Dies liegt insbesondere an den deutschen Kartoffeln, die von unseren Vertragsbauern nachhaltig angebaut und schonend zu P\xc3\xbcree verarbeitet werden. Das ist Qualit\xc3\xa4t die man schmeckt!\nDas Kartoffelp\xc3\xbcree \xe2\x80\x9eDAS LOCKERE\xe2\x80\x9c zeichnet sich durch seine zarten Kartoffelflocken aus, die mit Hilfe von 150 ml Vollmilch und etwas Rama zu einem cremigen Kartoffelp\xc3\xbcree verschmelzen. Das lockere P\xc3\xbcree ist bei den Kleinen besonders beliebt, l\xc3\xa4sst aber auch die Gro\xc3\x9fen in Kindheitserinnerungen schwelgen. \nEinfache und schnelle Zubereitung: 1.Aufkochen: 350 ml Wasser mit einem halben Teel\xc3\xb6ffel Salz (2 g) und 10 g Rama aufkochen. 2. Abk\xc3\xbchlen: Topf vom Herd nehmen und 150 ml kalte Vollmilch dazugeben. 3.Anr\xc3\xbchren: Die P\xc3\xbcreeflocken mit einem Kochl\xc3\xb6ffel kurz einr\xc3\xbchren. 4.Anrichten: Das P\xc3\xbcree 1 \xe2\x80\x93 2 Minuten ruhen lassen und vor dem Servieren noch kurz umr\xc3\xbchren. Guten Appetit!\nUnser Beitrag f\xc3\xbcr Nachhaltigkeit: Pfanni Kartoffeln werden von unseren Vertragsbauern nachhaltig angebaut und f\xc3\xbcr den optimalen N\xc3\xa4hrstoffgehalt und Geschmack nur saisongerecht geerntet. 100% deutsche Kartoffeln aus nachhaltiger Landwirtschaft \xe2\x80\x93 f\xc3\xbcr den besonders leckeren Pfanni Geschmack.Zutaten & AllergeneZutaten: 99% Kartoffeln\xc2\xb2, Emulgator Mono- und Diglyceride von Speisefetts\xc3\xa4uren, Stabilisator Diphosphat, Aromen, Antioxidationsmittel NATRIUMMETABISULFIT. Kann Spuren von Milch enthalten. \xc2\xb2aus nachhaltigem AnbauN\xc3\xa4hrwerteDurchschnittliche N\xc3\xa4hrwerteZubereitet pro 100 gEnergie257 kJEnergie61 kcalFett1,2 gFett, davon ges\xc3\xa4ttigte Fetts\xc3\xa4uren0,6 gKohlenhydrate10 gKohlenhydrate, davon Zucker1,7 gBallaststoffe1,4 gEiwei\xc3\x9f2,1 gSalz0,4 gHinweiseAufbewahrungs- und Verwendungshinweis: Nach \xc3\x96ffnung ist der Packungsinhalt im wieder verschlossenen Beutel k\xc3\xbchl und trocken mindestens 3 Wochen haltbar.Information: Unter Schutzatmosph\xc3\xa4re verpackt.ArtikeldetailsMarke: PfanniUrsprungsland: DeutschlandKontaktKontaktname: Unilever DeutschlandKontaktadresse: Postfach 570 307, 22772 HamburgMaximale Bestellmenge: 15 St\xc3\xbcckF\xc3\xbcr die vorstehenden Angaben wird keine Haftung \xc3\xbcbernommen. Bitte pr\xc3\xbcfen Sie im Einzelfall die Angaben auf der jeweiligen Produktverpackung, nur diese sind verbindlich.Das Produktdesign kann von der Abbildung abweichen.'",Ladenburger Str. 68,Rewe,Kochen & Backen,2023-07-09,"Gültig ab morgen bis Samstag, 15.07.2023"
Pfanni Kartoffel Püree,https://img.rewe-static.de/KLEIN28_2023/8004013/1775000-84_digital-image.png?impolicy=s-offers&imwidth=200&output-format=image/webp,,https://shop.rewe.de/productList?search=2832136,,"das Komplette , je 283,5-g-Pckg , (1 kg = 3.49)",Aktion,"0,99 €","b'ProduktbeschreibungArtikelnummer 8004013- 3 x 3 Portionen Pfanni Kartoffelp\xc3\xbcree mit entrahmter Milch Komplett im praktischen Portionsbeutel. \n - Kartoffelp\xc3\xbcree mit entrahmter Milch einfach mit Wasser mischen \xe2\x80\x93 fertig ist der Genuss! \n - Schnelle und einfache Zubereitung. \n - Aus 100% deutschen, nachhaltig angebauten, Kartoffeln. \n - Ideal zu Fisch, Fleisch und Gem\xc3\xbcse. Das Kartoffel P\xc3\xbcree Das Komplette mit entrahmter Milch zeichnet sich durch seine schnelle Zubereitung aus. Einfach T\xc3\xbcte aufrei\xc3\x9fen und die feinen Kartoffelflocken in hei\xc3\x9fes Wasser einr\xc3\xbchren. Die Milch ist da schon drin \xe2\x80\x93 und der gute Geschmack sowieso. Das Kartoffelp\xc3\xbcree mit entrahmter Milch ist bei den Kleinen besonders beliebt, l\xc3\xa4sst aber auch die Gro\xc3\x9fen in Kindheitserinnerungen schwelgen. Denn wer mag den allseits beliebten Kartoffelbrei nicht? Es ist ein zeitloses Kartoffelgericht, das einfach jedem schmeckt \xe2\x80\x93 egal wann.                                                     \n\nDie Pfanni Kartoffelp\xc3\xbcrees gelingen immer ausgezeichnet und schmecken wie handgemacht. Dies liegt insbesondere daran, dass jede einzelne Kartoffel f\xc3\xbcr dieses Kartoffelp\xc3\xbcree aus Deutschland kommt und nachhaltig angebaut ist. Das ist Qualit\xc3\xa4t, die man schmeckt!  \n                                                                                                                                                                                                                                                                                                             \nBesonders genial ist die einfache und schnelle Zubereitung, mit der man in Windeseile ein leckeres Kartoffelp\xc3\xbcree zaubern kann: 1. Aufkochen: 400 ml Wasser aufkochen. 2. Abk\xc3\xbchlen: Den Topf vom Herd nehmen und 100 ml kaltes Wasser einr\xc3\xbchren. 3. Anr\xc3\xbchren: Die P\xc3\xbcreeflocken mit einem Kochl\xc3\xb6ffel einr\xc3\xbchren. 4. Anrichten: Nach 1 - 2 Minuten noch mal durchr\xc3\xbchren und servieren. Guten Appetit!\n                                                                                                                                                                                                                                                                                                  Unser Beitrag f\xc3\xbcr Nachhaltigkeit: Pfanni Kartoffeln werden von unseren Vertragsbauern nachhaltig angebaut und f\xc3\xbcr den optimalen N\xc3\xa4hrstoffgehalt und Geschmack nur saisongerecht geerntet. 100% deutsche Kartoffeln aus nachhaltiger Landwirtschaft \xe2\x80\x93 f\xc3\xbcr den besonders leckeren Pfanni Geschmack.Zutaten & AllergeneZutaten: 85% Kartoffeln\xc2\xb2, Palm\xc3\xb6l, 4,3% MAGERMILCHPULVER, Speisesalz, Glukosesirup, Emulgator Mono- und Diglyceride von Speisefetts\xc3\xa4uren, MILCHEIWEISS, Aromen. \xc2\xb2aus nachhaltigem AnbauN\xc3\xa4hrwerteDurchschnittliche N\xc3\xa4hrwerteZubereitet pro 100 gEnergie238 kJEnergie57 kcalFett1 gFett, davon ges\xc3\xa4ttigte Fetts\xc3\xa4uren0,6 gKohlenhydrate11 gKohlenhydrate, davon Zucker0,8 gBallaststoffe1,4 gEiwei\xc3\x9f1,5 gSalz0,53 gHinweiseAufbewahrungs- und Verwendungshinweis: Nach \xc3\x96ffnung ist der Packungsinhalt im wieder verschlossenen Beutel k\xc3\xbchl und trocken mindestens 3 Wochen haltbar.Information: Unter Schutzatmosph\xc3\xa4re verpackt.ArtikeldetailsMarke: PfanniEigenschaften: VegetarischUrsprungsland: DeutschlandKontaktKontaktname: Unilever DeutschlandKontaktadresse: Postfach 570 307, 22772 HamburgMaximale Bestellmenge: 15 St\xc3\xbcckF\xc3\xbcr die vorstehenden Angaben wird keine Haftung \xc3\xbcbernommen. Bitte pr\xc3\xbcfen Sie im Einzelfall die Angaben auf der jeweiligen Produktverpackung, nur diese sind verbindlich.Das Produktdesign kann von der Abbildung abweichen.'",Ladenburger Str. 68,Rewe,Kochen & Backen,2023-07-09,"Gültig ab morgen bis Samstag, 15.07.2023"
Knorr Tomaten Ketchup,https://img.rewe-static.de/KLEIN28_2023/2360602/23631618-17_digital-image.png?impolicy=s-offers&imwidth=200&output-format=image/webp,,https://shop.rewe.de/productList?search=2832136,,"je 430-ml-Fl , (1 l = 3.47)",Aktion,"1,49 €","b'ProduktbeschreibungArtikelnummer 2360602\xe2\x80\xa2 Knorr Tomaten Ketchup mit 100% nat\xc3\xbcrlichen Zutaten \n\xe2\x80\xa2 Ketchup aus nachhaltig angebauten Tomaten \n\xe2\x80\xa2 Ketchup ohne Konservierungsstoffe und ohne Geschmacksverst\xc3\xa4rker \n\xe2\x80\xa2 Das Knorr Tomaten Ketchup ist f\xc3\xbcr Veganer geeignet \n\xe2\x80\xa2 Tomaten-Ketchup ohne Farbstoffe (lt. Gesetz) \n\xe2\x80\xa2 Grillsauce in der praktischen 430 ml Squeeze-Flasche von Knorr f\xc3\xbcr besonders einfaches Dosieren Der Knorr Tomaten Ketchup mit 100% nat\xc3\xbcrlichen Zutaten erh\xc3\xa4lt seinen besonderen fruchtigen Geschmack von sonnengereiften Tomaten und schmeckt als Grillsauce einfach lecker zu Fleisch, W\xc3\xbcrstchen, Pommes Frites, Hotdogs, Reis-, Nudel- sowie Eiergerichten und ist auch f\xc3\xbcr die vegane oder vegetarische Ern\xc3\xa4hrung geeignet. In der praktischen Squeezer-Flasche l\xc3\xa4sst sich der Tomatenketchup auch besonders einfach dosieren und ist besonders lecker. \n\nDank unserer Fix-Produkte, Br\xc3\xbchen, So\xc3\x9fen, Fertiggerichten, Suppen und Salatdressings gelingt jedes Gericht garantiert mit wenigen Handgriffen. Schnell und einfach erhalten so authentische Mahlzeiten ihren typischen Geschmack \xe2\x80\x93 egal, ob abwechslungsreiche vegetarische oder vegane K\xc3\xbcche, herzhafte Fleischgerichte oder leckere Gem\xc3\xbcsevariationen. Dabei ist es die Komposition ausgew\xc3\xa4hlter hochwertiger Zutaten, die jedes Knorr Produkt besonders macht. \n\nKnorr verarbeitet nur sorgf\xc3\xa4ltig schonend getrocknete Zutaten, denn das Trocknen ist eine der \xc3\xa4ltesten Methoden, um Lebensmittel nat\xc3\xbcrlich haltbar zu machen. Da der Geschmack und die N\xc3\xa4hrstoffe der frischen Zutaten weitgehend erhalten bleiben, passen Lebensmittel aus getrockneten Zutaten perfekt in unseren stressigen Alltag. Essen mit Knorr ist unkompliziert und sorgt dar\xc3\xbcber hinaus f\xc3\xbcr ein gutes Gef\xc3\xbchl: \xc3\x9cber 90 Prozent der Zutaten kommen heute schon aus nachhaltigem Anbau. Denn wir bei Knorr glauben, dass die Verwendung nachhaltig angebauter und beschaffter Zutaten einen gro\xc3\x9fen Unterschied f\xc3\xbcr den Geschmack unserer Produkte, das Wohlbefinden der Landwirte und die Zukunft des Planeten macht. Knorr \xe2\x80\x93 Geschmack mit gutem Gef\xc3\xbchl.Zutaten & AllergeneZutaten: 72% Tomatenmark1, Zucker, Branntweinessig, Speisesalz, nat\xc3\xbcrliche Aromen. 1 aus nachhaltig angebauten TomatenN\xc3\xa4hrwerteDurchschnittliche N\xc3\xa4hrwerteUnzubereitet pro 100 mlEnergie399 kJEnergie94 kcalFett0,5 gFett, davon ges\xc3\xa4ttigte Fetts\xc3\xa4uren< 0,1 gKohlenhydrate21 gKohlenhydrate, davon Zucker20 gBallaststoffe0,7 gEiwei\xc3\x9f1,4 gSalz1,9 gHinweiseAufbewahrungs- und Verwendungshinweis: Nach dem \xc3\x96ffnen im K\xc3\xbchlschrank aufbewahren.ArtikeldetailsMarke: KnorrUrsprungsland: PolenSorte: Tomaten-KetchupKontaktKontaktname: Unilever DeutschlandKontaktadresse: Postfach 570 550, 22774 HamburgMaximale Bestellmenge: 15 St\xc3\xbcckF\xc3\xbcr die vorstehenden Angaben wird keine Haftung \xc3\xbcbernommen. Bitte pr\xc3\xbcfen Sie im Einzelfall die Angaben auf der jeweiligen Produktverpackung, nur diese sind verbindlich.Das Produktdesign kann von der Abbildung abweichen.'",Ladenburger Str. 68,Rewe,Kochen & Backen,2023-07-09,"Gültig ab morgen bis Samstag, 15.07.2023"
Barilla Collezione Farfalle,https://img.rewe-static.de/KLEIN28_2023/7905005/32879874-15_digital-image.png?impolicy=s-offers&imwidth=200&output-format=image/webp,,https://shop.rewe.de/productList?search=2832136,,"je 500-g-Pckg , (1 kg = 3.58)",Aktion,"1,79 €","b'ProduktbeschreibungArtikelnummer 7905005Zutaten & AllergeneZutaten: HARTWEIZENGRIESS, Wasser. Kann Spuren von Sojabohnen enthalten.Allergenhinweise: Enth\xc3\xa4lt: Weizen und Weizenerzeugnisse (glutenhaltiges Getreide). Glutenhaltiges Getreide und glutenhaltige Getreideerzeugnisse. Kann enthalten: Soja und Sojaerzeugnisse.N\xc3\xa4hrwerteDurchschnittliche N\xc3\xa4hrwerteUnzubereitet pro 100 gEnergie1.521 kJEnergie359 kcalFett2 gFett, davon ges\xc3\xa4ttigte Fetts\xc3\xa4uren0,5 gKohlenhydrate71,2 gKohlenhydrate, davon Zucker3,5 gBallaststoffe3 gEiwei\xc3\x9f12,5 gSalz0,013 gHinweiseAufbewahrungs- und Verwendungshinweis: Trocken, vor Licht und W\xc3\xa4rme gesch\xc3\xbctzt lagern.ArtikeldetailsMarke: BarillaUrsprungsland: ItalienKontaktKontaktname: Barilla G. e R. Fratelli S.p.A.Kontaktadresse: Via Mantova 166, Parma - ItalyMaximale Bestellmenge: 15 St\xc3\xbcckF\xc3\xbcr die vorstehenden Angaben wird keine Haftung \xc3\xbcbernommen. Bitte pr\xc3\xbcfen Sie im Einzelfall die Angaben auf der jeweiligen Produktverpackung, nur diese sind verbindlich.Das Produktdesign kann von der Abbildung abweichen.'",Ladenburger Str. 68,Rewe,Kochen & Backen,2023-07-09,"Gültig ab morgen bis Samstag, 15.07.2023"
Ben’s Original Süß-Sauer Sauce,https://img.rewe-static.de/KLEIN28_2023/2675781/2505550-79_digital-image.png?impolicy=s-offers&imwidth=200&output-format=image/webp,,https://shop.rewe.de/productList?search=2832136,,"versch. Sorten , je 400-g-Glas , (1 kg = 3.73)",Aktion,"1,49 €","b""ProduktbeschreibungArtikelnummer 2675781BEN'S ORIGINAL\xe2\x84\xa2 S\xc3\xbc\xc3\x9f-Sauer: Eine Sauce, die nur sorgf\xc3\xa4ltig ausgew\xc3\xa4hlte Zutaten und keine k\xc3\xbcnstlichen Farb-, Konservierungs- und Aromastoffe enth\xc3\xa4lt.Zutaten & AllergeneZutaten: Wasser, Tomaten (13%), Zucker, Zwiebeln (10%), Ananas (9.3%), Karotten (8.2%), Branntweinessig, Modifizierte Maisst\xc3\xa4rke, Gr\xc3\xbcner Paprika (2.6%), Roter Paprika (2.6%), Salz, Farbstoff (Paprikaextrakt), Gew\xc3\xbcrze.Allergenhinweise: Enth\xc3\xa4lt: Keine deklarationspflichtigen Allergene enthalten.N\xc3\xa4hrwerteDurchschnittliche N\xc3\xa4hrwerteUnzubereitet pro 100 gEnergie310 kJEnergie73 kcalFett< 0,5 gFett, davon ges\xc3\xa4ttigte Fetts\xc3\xa4uren< 0,1 gKohlenhydrate17 gKohlenhydrate, davon Zucker13 gBallaststoffe0,8 gEiwei\xc3\x9f< 0,5 gSalz0,42 gHinweiseAufbewahrungs- und Verwendungshinweis: Nach dem \xc3\x96ffnen im K\xc3\xbchlschrank 3 Tage haltbar.ArtikeldetailsMarke: Ben's OriginalUrsprungsland: NiederlandeSorte: Extra AnanasKontaktKontaktname: Mars GmbHKontaktadresse: Postfach 1280, 27281 Verden (Aller)Maximale Bestellmenge: 15 St\xc3\xbcckF\xc3\xbcr die vorstehenden Angaben wird keine Haftung \xc3\xbcbernommen. Bitte pr\xc3\xbcfen Sie im Einzelfall die Angaben auf der jeweiligen Produktverpackung, nur diese sind verbindlich.Das Produktdesign kann von der Abbildung abweichen.""",Ladenburger Str. 68,Rewe,Kochen & Backen,2023-07-09,"Gültig ab morgen bis Samstag, 15.07.2023"
REWE Beste Wahl Balsamico Creme,https://img.rewe-static.de/KLEIN28_2023/0888363/23928271-32_digital-image.png?impolicy=s-offers&imwidth=200&output-format=image/webp,,https://shop.rewe.de/productList?search=2832136,,"je 250-ml-Fl , (1 l = 7.16)",Aktion,"1,79 €","b'ProduktbeschreibungArtikelnummer 888363Ihr au\xc3\x9fergew\xc3\xb6hnlicher Geschmack ist ideal zur Verfeinerung von Salaten, Gem\xc3\xbcse und Fleisch geeinigt.\n\nHergestellt f\xc3\xbcr: REWE Markt GmbH, D-50603 K\xc3\xb6ln. Zutaten & AllergeneZutaten: Traubenmostkonzentrat, Aceto Balsamico di Modena IGP 39% (Traubenmostkonzentrat, Weinessig, Farbstoff Ammonsulfit-Zuckerkul\xc3\xb6r, Antioxidationsmittel KALIUMMETABISULFIT), Weinessig, Verdickungsmittel (Guarkernmehl, Xanthan). Zusatzstoffe: E 150d, E 224, E 412, E 415Allergenhinweise: Schwefeldioxid und Sulfite in einer Konzentration von mehr als 10 mg/kg oder 10 mg/l, als SO2 angegebenN\xc3\xa4hrwerteDurchschnittliche N\xc3\xa4hrwertepro 100 mlEnergie938 kJEnergie220 kcalFett0 gFett, davon ges\xc3\xa4ttigte Fetts\xc3\xa4uren0 gKohlenhydrate52,5 gKohlenhydrate, davon Zucker43,5 gEiwei\xc3\x9f0,5 gSalz1,14 gHinweiseAufbewahrungshinweise: Nach dem \xc3\x96ffnen im K\xc3\xbchlschrank aufbewahren.Verwendungshinweise: Trocken lagern. Vor W\xc3\xa4rme sch\xc3\xbctzen.ArtikeldetailsMarke: REWE Beste WahlUrsprungsland: ItalienKontaktKontaktname: Drogheria e Alimentari Deutschland GmbHKontaktadresse: H\xc3\xbcttenstrasse 87, 87600 Kaufbeuren, DeutschlandMaximale Bestellmenge: 15 St\xc3\xbcckF\xc3\xbcr die vorstehenden Angaben wird keine Haftung \xc3\xbcbernommen. Bitte pr\xc3\xbcfen Sie im Einzelfall die Angaben auf der jeweiligen Produktverpackung, nur diese sind verbindlich.Das Produktdesign kann von der Abbildung abweichen.'",Ladenburger Str. 68,Rewe,Kochen & Backen,2023-07-09,"Gültig ab morgen bis Samstag, 15.07.2023"
Knorr Schlemmersauce,https://img.rewe-static.de/KLEIN28_2023/4584171/9206200-73_digital-image.png?impolicy=s-offers&imwidth=200&output-format=image/webp,,https://shop.rewe.de/productList?search=2832136,,"versch. Sorten , je 250-ml-Fl , (1 l = 3.96)",Aktion,"0,99 €","b'ProduktbeschreibungArtikelnummer 4584171- feine Knoblauchsauce \n - mit Zwiebelst\xc3\xbcckchen und Joghurt verfeinert \n - ideale Erg\xc3\xa4nzung zu Scampi, Salaten und verschiedenen Grillgerichten \n - ohne k\xc3\xbcnstliche Farbstoffe \n - ohne Geschmacksverst\xc3\xa4rker und Konservierungsstoffe \n \n Die herrlich cremige Knorr Knoblauch Sauce ist mit Zwiebelst\xc3\xbcckchen und Joghurt verfeinert und geh\xc3\xb6rt f\xc3\xbcr Liebhaber der herzhaften Knolle zu einem geselligen Grillabend dazu. Diese Sauce ist die ideale Erg\xc3\xa4nzung zu Scampi, Salaten, Folienkartoffeln, Maiskolben und verschiedenen Grillgerichten. Die Knorr Grillsauce in der Glasflasche passt au\xc3\x9ferdem als Dip hervorragend zu Fondue oder Raclette. Zubereitung: Vor Gebrauch sch\xc3\xbctteln. Knorr Grillsaucen sind Deutschlands beliebteste Grillsaucen (auf Basis verkaufter Saucen): Ganz gleich, ob zu saftigen Steaks, W\xc3\xbcrstchen, Fisch oder Gem\xc3\xbcse \xe2\x80\x93 mit den unterschiedlichsten Varianten von Knoblauch bis Curry hat Knorr die passende Grillsauce immer servierfertig und griffbereit. Die abwechslungsreichen Grillsaucen in der charakteristischen Knorr-Glasflasche schmecken der ganzen Familie. Auch die Knorr Grillsaucen im praktischen Squeezer bieten au\xc3\x9fergew\xc3\xb6hnliche Geschmacksrichtungen und sind ein besonderer Genuss bei jeder Grillparty. In der praktischen und leichten Kopfsteherflasche aus Kunststoff sind die Grillsaucen besonders gut und sauber zu dosieren und somit ideal f\xc3\xbcr unterwegs und sofort einsetzbar. So einfach bringt man Abwechslung auf\xe2\x80\x98s Grillgut! Kennen Sie schon die vielen weiteren Produkte von Knorr? Dank unserer Fix-Produkte, Br\xc3\xbchen, Saucen, Fertiggerichten, Suppen und Salatdressings gelingt jedes Gericht garantiert mit wenigen Handgriffen. Schnell und einfach erhalten so authentische Mahlzeiten ihren typischen Geschmack \xe2\x80\x93 egal, ob abwechslungsreiche vegetarische oder vegane K\xc3\xbcche, herzhafte Fleischgerichte oder leckere Gem\xc3\xbcsevariationen. Dabei ist es die Komposition ausgew\xc3\xa4hlter hochwertiger Zutaten, die jedes Knorr Produkt besonders macht. Knorr verarbeitet nur sorgf\xc3\xa4ltig schonend getrocknete Zutaten, denn das Trocknen ist eine der \xc3\xa4ltesten Methoden, um Lebensmittel nat\xc3\xbcrlich haltbar zu machen. Da der Geschmack und die N\xc3\xa4hrstoffe der frischen Zutaten weitgehend erhalten bleiben, passen Lebensmittel aus getrockneten Zutaten perfekt in unseren stressigen Alltag. Essen mit Knorr ist unkompliziert und sorgt dar\xc3\xbcber hinaus f\xc3\xbcr ein gutes Gef\xc3\xbchl: \xc3\x9cber 90 Prozent der Zutaten kommen heute schon aus nachhaltigem Anbau. Denn wir bei Knorr glauben, dass die Verwendung nachhaltig angebauter und beschaffter Zutaten einen gro\xc3\x9fen Unterschied f\xc3\xbcr den Geschmack unserer Produkte, das WohlbeFinden der Landwirte und die Zukunft des Planeten macht. Knorr \xe2\x80\x93 Geschmack mit gutem Gef\xc3\xbchl.... mehr anzeigenDie cremige Knorr Knoblauch Sauce mit mildem Geschmack schmeckt ausgezeichnet zu Scampi, Salaten und verschiedenen Grillgerichten. Eine herrlich cremige Knoblauch Sauce von Knorr, verfeinert mit Zwiebelst\xc3\xbcckchen und Joghurt. Mit dieser leckeren W\xc3\xbcrzsauce kann die Grillparty beginnen. Der Knorr Grillsaucen-Klassiker in der Glasflasche ist ein unverzichtbarer Begleiter in der Grillsaison. \n\nKnorr Saucen inspirieren sowohl Kochk\xc3\xbcnstler als auch alle, die gerne Neues entdecken und in die Welt der exotischen Gen\xc3\xbcsse eintauchen m\xc3\xb6chten. Das Sortiment an Knorr Grillsaucen bietet etwas f\xc3\xbcr jeden Geschmack und jede Gelegenheit. Etwa eine Grillparty mit Familie und Freuden \xe2\x80\x93 doch ohne Grillsaucen keine richtige Grillparty. \n\nDie Knorr Saucen sind ideal f\xc3\xbcr allerlei gebratene oder gegrillte Fleischsorten, verschiedene Fische oder diverse Meeresfr\xc3\xbcchte. Die Devise lautet: selbst ausprobieren und jedes Gericht zu einem kulinarischen Fest mit guter Stimmung verwandeln. Millionen zufriedener Verbraucher vertrauen bereits auf Knorr und greifen immer \xc3\xb6fter nach dem Produkt. Die handliche Flasche der Grillsauce ist leicht dosierbar und daher perfekt f\xc3\xbcr unterwegs. Dank gesunder Zutaten und einer hohen Qualit\xc3\xa4t werden Knorr Saucen zunehmend auch f\xc3\xbcr die abwechslungsreiche vegetarische und vegane K\xc3\xbcche empfohlen. \n\nAufbewahrungs- und Verwendungshinweise: Vor Gebrauch sch\xc3\xbctteln. Nach dem \xc3\x96ffnen im K\xc3\xbchlschrank aufbewahren. \n\nSind schon die vielen weiteren Produkte von Knorr bekannt? Dank der Fix-Produkte, So\xc3\x9fen, Fertiggerichte, Suppen, Salatdressings, Br\xc3\xbchen und Bouillons gelingt jedes Gericht garantiert mit wenigen Handgriffen. Schnell und einfach erhalten authentische Mahlzeiten so ihren typischen Geschmack \xe2\x80\x93 egal, ob abwechslungsreiche vegetarische oder vegane K\xc3\xbcche, herzhafte Fleischgerichte oder leckere Gem\xc3\xbcsevariationen. Dabei ist es die Komposition ausgew\xc3\xa4hlter hochwertiger Zutaten, die jedes Knorr Produkt besonders macht. Knorr verarbeitet nur sorgf\xc3\xa4ltig schonend getrocknete Zutaten, denn das Trocknen ist eine der \xc3\xa4ltesten Methoden, um Lebensmittel nat\xc3\xbcrlich haltbar zu machen. Da der Geschmack und die Hauptn\xc3\xa4hrstoffe der frischen Zutaten weitgehend erhalten bleiben, passen Lebensmittel aus getrockneten Zutaten perfekt in unseren stressigen Alltag. Essen mit Knorr ist unkompliziert und sorgt dar\xc3\xbcber hinaus f\xc3\xbcr ein gutes Gef\xc3\xbchl: 95 Prozent unserer Gem\xc3\xbcse und Kr\xc3\xa4uter stammen heute schon aus nachhaltigem Anbau. Denn wir bei Knorr glauben, dass die Verwendung nachhaltig angebauter und beschaffter Zutaten einen gro\xc3\x9fen Unterschied f\xc3\xbcr den Geschmack unserer Produkte, das Wohlbefinden der Landwirte und die Zukunft des Planeten macht. Knorr. Gutes, nat\xc3\xbcrlich lecker!Zutaten & AllergeneZutaten: Trinkwasser, Raps\xc3\xb6l, MAGERMILCHJOGHURT, Zucker, modifizierte St\xc3\xa4rke, Branntweinessig, Zwiebeln, SELLERIE, EIGELB, Speisesalz, 1,2 % Knoblauch, Gew\xc3\xbcrze (mit SENFSAAT), Zitronensaftkonzentrat, Aromen, Petersilie.N\xc3\xa4hrwerteDurchschnittliche N\xc3\xa4hrwerteUnzubereitet pro 100 mlEnergie1.044 kJEnergie249 kcalFett21 gFett, davon ges\xc3\xa4ttigte Fetts\xc3\xa4uren1,9 gKohlenhydrate12 gKohlenhydrate, davon Zucker9,1 gBallaststoffe< 0,5 gEiwei\xc3\x9f1 gSalz1,6 gHinweiseAufbewahrungs- und Verwendungshinweis: Nach dem \xc3\x96ffnen im K\xc3\xbchlschrank aufbewahren.ArtikeldetailsMarke: KnorrUrsprungsland: DeutschlandKontaktKontaktname: Unilever DeutschlandKontaktadresse: Postfach 570 550, 22774 HamburgMaximale Bestellmenge: 15 St\xc3\xbcckF\xc3\xbcr die vorstehenden Angaben wird keine Haftung \xc3\xbcbernommen. Bitte pr\xc3\xbcfen Sie im Einzelfall die Angaben auf der jeweiligen Produktverpackung, nur diese sind verbindlich.Das Produktdesign kann von der Abbildung abweichen.'",Ladenburger Str. 68,Rewe,Kochen & Backen,2023-07-09,"Gültig ab morgen bis Samstag, 15.07.2023"
Hela Gewürzketchup Curry,https://img.rewe-static.de/KLEIN28_2023/4908848/630290-90_digital-image.png?impolicy=s-offers&imwidth=200&output-format=image/webp,,https://shop.rewe.de/productList?search=2832136,,"versch. Sorten , je 800-ml-Fl , (1 l = 2.86)",Aktion,"2,29 €","b'ProduktbeschreibungArtikelnummer 4908848Mit der originalen Hela W\xc3\xbcrzung\r\nUnser scharf-s\xc3\xbc\xc3\x9flicher Gew\xc3\xbcrz Ketchup Curry scharf ist die ideale Erg\xc3\xa4nzung f\xc3\xbcr all unsere Fans, die es gern etwas pikanter m\xc3\xb6gen.Zutaten & AllergeneZutaten: Tomatensaft, Zucker, Dextrose, Kochsalz, Curry (SENFMEHL, Pfeffer, Paprika, Chili, Nelken, Gew\xc3\xbcrze), Branntweinessig, modifizierte Maisst\xc3\xa4rke, S\xc3\xa4uerungsmittel: Citronens\xc3\xa4ure, Verdickungsmittel: (Guarkernmehl, Johannisbrotkernmehl), Kr\xc3\xa4uter (enth\xc3\xa4lt SELLERIE), S\xc3\xa4ureregulator: Natriumlactat, Geschmacksverst\xc3\xa4rker: Mononatriumglutamat.Allergenhinweise: Enth\xc3\xa4lt: Senf- und Senferzeugnisse. Sellerie und Sellerieerzeugnisse.N\xc3\xa4hrwerteDurchschnittliche N\xc3\xa4hrwerteUnzubereitet pro 100 gEnergie573 kJEnergie137 kcalFett0,3 gFett, davon ges\xc3\xa4ttigte Fetts\xc3\xa4uren0,1 gKohlenhydrate30,8 gKohlenhydrate, davon Zucker29,4 gEiwei\xc3\x9f0,8 gSalz2,2 gHinweiseAufbewahrungs- und Verwendungshinweis: Nach erster \xc3\x96ffnung bitte im K\xc3\xbchlschrank lagern und kurzfristig verzehren!ArtikeldetailsMarke: HelaUrsprungsland: DeutschlandPackungsgr\xc3\xb6\xc3\x9fe: 800mlKontaktKontaktname: Hela Gew\xc3\xbcrzwerk Hermann Laue GmbHKontaktadresse: D-22923 AhrensburgMaximale Bestellmenge: 15 St\xc3\xbcckF\xc3\xbcr die vorstehenden Angaben wird keine Haftung \xc3\xbcbernommen. Bitte pr\xc3\xbcfen Sie im Einzelfall die Angaben auf der jeweiligen Produktverpackung, nur diese sind verbindlich.Das Produktdesign kann von der Abbildung abweichen.'",Ladenburger Str. 68,Rewe,Kochen & Backen,2023-07-09,"Gültig ab morgen bis Samstag, 15.07.2023"
Barilla Spaghetti Al Bronzo,https://img.rewe-static.de/KLEIN28_2023/8745035/37803714-8_digital-image.png?impolicy=s-offers&imwidth=200&output-format=image/webp,,https://shop.rewe.de/productList?search=2832136,,"je 400-g-Pckg , (1 kg = 4.48)",Aktion,"1,79 €","b'ProduktbeschreibungArtikelnummer 8745035Zutaten & AllergeneZutaten: HARTWEIZENGRIESS, Wasser. Kann Spuren von Sojabohnen und Senf enthalten.Allergenhinweise: Enth\xc3\xa4lt: Weizen und Weizenerzeugnisse (glutenhaltiges Getreide). Glutenhaltiges Getreide und glutenhaltige Getreideerzeugnisse. Kann enthalten: Soja und Sojaerzeugnisse. Senf- und Senferzeugnisse.N\xc3\xa4hrwerteDurchschnittliche N\xc3\xa4hrwerteUnzubereitet pro 100 gEnergie1.521 kJEnergie359 kcalFett2 gFett, davon ges\xc3\xa4ttigte Fetts\xc3\xa4uren0,4 gKohlenhydrate69,7 gKohlenhydrate, davon Zucker3,5 gBallaststoffe3 gEiwei\xc3\x9f14 gSalz0,013 gHinweiseAufbewahrungs- und Verwendungshinweis: Trocken, vor Licht und W\xc3\xa4rme gesch\xc3\xbctzt lagern.ArtikeldetailsMarke: BarillaUrsprungsland: ItalienKontaktKontaktname: Barilla G. e R. Fratelli S.p.A.Kontaktadresse: Via Mantova 166, Parma - ItalyMaximale Bestellmenge: 15 St\xc3\xbcckF\xc3\xbcr die vorstehenden Angaben wird keine Haftung \xc3\xbcbernommen. Bitte pr\xc3\xbcfen Sie im Einzelfall die Angaben auf der jeweiligen Produktverpackung, nur diese sind verbindlich.Das Produktdesign kann von der Abbildung abweichen.'",Ladenburger Str. 68,Rewe,Kochen & Backen,2023-07-09,"Gültig ab morgen bis Samstag, 15.07.2023"
Fabbri Amarenakirschen,https://img.rewe-static.de/KLEIN28_2023/3797015/1603730-43_digital-image.png?impolicy=s-offers&imwidth=200&output-format=image/webp,,https://shop.rewe.de/productList?search=2832136,,"Frucht in Sirup , je 230-g-Glas , (1 kg = 39.90) , 100-g-Abtropfgew.",Aktion,"3,99 €","b'ProduktbeschreibungArtikelnummer 3797015Zutaten & AllergeneZutaten: Zucker, Sauerkirschen (43%), Glukose Sirup, Wasser, Sauerkirschen saft (4%), S\xc3\xa4uerungsmittel Zitronens\xc3\xa4ure, Aromen, Farbstoff Anthocyane aus Pflanzenextrakt.N\xc3\xa4hrwerteDurchschnittliche N\xc3\xa4hrwerteUnzubereitet pro 100 gEnergie1.160 kJEnergie273 kcalFett0 gFett, davon ges\xc3\xa4ttigte Fetts\xc3\xa4uren0 gKohlenhydrate67 gKohlenhydrate, davon Zucker61 gEiwei\xc3\x9f0 gSalz0,03 gArtikeldetailsMarke: FabbriNettof\xc3\xbcllmenge: 230 GUrsprungsland: ItalienAbtropfgewicht: 100 gKontaktKontaktname: G. Fabbri Deutschland GmbHKontaktadresse: Witneystr. 1 - 82008 UnterhachingMaximale Bestellmenge: 15 St\xc3\xbcckF\xc3\xbcr die vorstehenden Angaben wird keine Haftung \xc3\xbcbernommen. Bitte pr\xc3\xbcfen Sie im Einzelfall die Angaben auf der jeweiligen Produktverpackung, nur diese sind verbindlich.Das Produktdesign kann von der Abbildung abweichen.'",Ladenburger Str. 68,Rewe,Kochen & Backen,2023-07-09,"Gültig ab morgen bis Samstag, 15.07.2023"
REWE Beste Wahl Bolognese Pasta Sauce,https://img.rewe-static.de/KLEIN28_2023/7123786/27851232-24_digital-image.png?impolicy=s-offers&imwidth=200&output-format=image/webp,,https://shop.rewe.de/productList?search=2832136,,"je 380-ml-Glas , (1 l = 4.18)",Aktion,"1,59 €","b'ProduktbeschreibungArtikelnummer 7123786Zutaten & AllergeneZutaten: Passierte Tomaten 61%, Rindfleisch 28%, Gem\xc3\xbcse 6% (Karotten, Zwiebeln, Knoblauch), Zucker, Salz, S\xc3\xa4uerungsmittel Milchs\xc3\xa4ure, Sonnenblumen\xc3\xb6l, Kr\xc3\xa4uter, Gew\xc3\xbcrze.    Zusatzstoffe: E 270N\xc3\xa4hrwerteDurchschnittliche N\xc3\xa4hrwertepro 100 mlEnergie392 kJEnergie94 kcalFett4,6 gFett, davon ges\xc3\xa4ttigte Fetts\xc3\xa4uren2,3 gKohlenhydrate6,1 gKohlenhydrate, davon Zucker5 gEiwei\xc3\x9f5,9 gSalz1,4 gHinweiseAufbewahrungshinweise: Nach dem \xc3\x96ffnen im K\xc3\xbchlschrank aufbewahren und innerhalb von 3-4 Tagen verbrauchen.Verwendungshinweise: Trocken lagern. Vor W\xc3\xa4rme sch\xc3\xbctzen.ArtikeldetailsMarke: REWE Beste WahlUrsprungsland: ItalienKontaktKontaktname: LA DORIA S.P.A.Kontaktadresse: Via Nazionale, 320, Angri, 84012, ItalienMaximale Bestellmenge: 15 St\xc3\xbcckF\xc3\xbcr die vorstehenden Angaben wird keine Haftung \xc3\xbcbernommen. Bitte pr\xc3\xbcfen Sie im Einzelfall die Angaben auf der jeweiligen Produktverpackung, nur diese sind verbindlich.Das Produktdesign kann von der Abbildung abweichen.'",Ladenburger Str. 68,Rewe,Kochen & Backen,2023-07-09,"Gültig ab morgen bis Samstag, 15.07.2023"
Saupiquet Thunfisch,https://img.rewe-static.de/KLEIN28_2023/2071371/2519210-44_digital-image.png?impolicy=s-offers&imwidth=200&output-format=image/webp,,https://shop.rewe.de/productList?search=2832136,,"Naturale ohne Öl oder in Sonnenblumenöl , je 185-g-Dose , (1 kg = 17.79) , 140-g-Abtropfgew.",Aktion,"2,49 €","b'ProduktbeschreibungArtikelnummer 2071371Zutaten & AllergeneZutaten: THUNFISCH (Skipjack, Katsuwonus pelamis), Wasser, Salz.Allergenhinweise: Enth\xc3\xa4lt: Fisch und Fischerzeugnisse.N\xc3\xa4hrwerteDurchschnittliche N\xc3\xa4hrwerteUnzubereitet pro 100 gEnergie410 kJEnergie97 kcalFett0,5 gFett, davon ges\xc3\xa4ttigte Fetts\xc3\xa4uren0,2 gKohlenhydrate0 gKohlenhydrate, davon Zucker0 gBallaststoffe0 gEiwei\xc3\x9f23 gSalz1,3 gHinweiseAufbewahrungs- und Verwendungshinweis: Mindestens haltbar bis: siehe VerpackungsaufdruckArtikeldetailsMarke: SaupiquetNettof\xc3\xbcllmenge: 185 GUrsprungsland: EcuadorAbtropfgewicht: 140 gSorte: Naturale ohne \xc3\x96lKontaktKontaktname: Saupiquet D GmbHKontaktadresse: Postfach 9307, 47750 KrefeldMaximale Bestellmenge: 15 St\xc3\xbcckF\xc3\xbcr die vorstehenden Angaben wird keine Haftung \xc3\xbcbernommen. Bitte pr\xc3\xbcfen Sie im Einzelfall die Angaben auf der jeweiligen Produktverpackung, nur diese sind verbindlich.Das Produktdesign kann von der Abbildung abweichen.'",Ladenburger Str. 68,Rewe,Kochen & Backen,2023-07-09,"Gültig ab morgen bis Samstag, 15.07.2023"
Oryza Reisspezialität,https://img.rewe-static.de/KLEIN28_2023/2600315/1231150-46_digital-image.png?impolicy=s-offers&imwidth=200&output-format=image/webp,,https://shop.rewe.de/productList?search=2832136,,"Himalaya Basmati , je 500-g-Btl , (1 kg = 3.58)",Aktion,"1,79 €","b'ProduktbeschreibungArtikelnummer 2600315Zutaten & AllergeneZutaten: Basmati ReisAllergenhinweise: Enth\xc3\xa4lt: Keine deklarationspflichtigen Allergene enthalten.N\xc3\xa4hrwerteDurchschnittliche N\xc3\xa4hrwerteUnzubereitet pro 100 gEnergie1.469 kJEnergie351 kcalFett1 gFett, davon ges\xc3\xa4ttigte Fetts\xc3\xa4uren0,3 gKohlenhydrate75 gKohlenhydrate, davon Zucker0,5 gBallaststoffe3,6 gEiwei\xc3\x9f8,8 gSalz0,01 gHinweiseAufbewahrungs- und Verwendungshinweis: Produkt vor W\xc3\xa4rme sch\xc3\xbctzen und trocken lagern.ArtikeldetailsMarke: OryzaUrsprungsland: BelgienKontaktKontaktname: Euryza GmbHKontaktadresse: Paul-Dessau-Str. 5, 22761 HamburgMaximale Bestellmenge: 15 St\xc3\xbcckF\xc3\xbcr die vorstehenden Angaben wird keine Haftung \xc3\xbcbernommen. Bitte pr\xc3\xbcfen Sie im Einzelfall die Angaben auf der jeweiligen Produktverpackung, nur diese sind verbindlich.Das Produktdesign kann von der Abbildung abweichen.'",Ladenburger Str. 68,Rewe,Kochen & Backen,2023-07-09,"Gültig ab morgen bis Samstag, 15.07.2023"
Milka Schokolade,https://img.rewe-static.de/KLEIN28_2023/0196479/3851190-69_digital-image.png?impolicy=s-offers&imwidth=200&output-format=image/webp,,https://shop.rewe.de/productList?search=2832136,,"Alpenmilch oder Noisette , je 100-g-Tafel , (1 kg = 7.90)",Knaller,"0,79 €","b'ProduktbeschreibungArtikelnummer 196479Milkas Alpenmilch Schokoladentafel ist der Klassiker f\xc3\xbcr alle Schokoladen-Fans. Der leckere, zartschmelzende Schokoladengenuss aus 100% Alpenmilch darf in keinem Haushalt fehlen. Zutaten & AllergeneZutaten: Zucker, Kakaobutter, Kakaomasse, MAGERMILCHPULVER, S\xc3\xbcssmolkenpulver (aus MILCH), BUTTERREINFETT, Emulgator (SOJALECITHINE), HASELNUSSMASSE, Aroma. KANN ANDERE N\xc3\x9cSSE UND WEIZEN ENTHALTEN.Allergenhinweise: MAGERMILCHPULVER, MILCH, BUTTERREINFETT, SOJALECITHINE, HASELNUSSMASSEEnth\xc3\xa4lt: Soja und Sojaerzeugnisse. Haselnuss und Haselnusserzeugnisse. Milch und Milcherzeugnisse (einschlie\xc3\x9flich Lactose). N\xc3\xbcsse und Nusserzeugnisse. Kann enthalten: Weizen und Weizenerzeugnisse (glutenhaltiges Getreide). Glutenhaltiges Getreide und glutenhaltige Getreideerzeugnisse.N\xc3\xa4hrwerteDurchschnittliche N\xc3\xa4hrwerteUnzubereitet pro 100 gEnergie2.251 kJEnergie539 kcalFett31 gFett, davon ges\xc3\xa4ttigte Fetts\xc3\xa4uren19 gKohlenhydrate57 gKohlenhydrate, davon Zucker55 gBallaststoffe2,3 gEiwei\xc3\x9f6,5 gSalz0,28 gHinweiseAufbewahrungs- und Verwendungshinweis: Trocken lagern und vor W\xc3\xa4rme sch\xc3\xbctzen.Information: Kakao: 33% mindestens.ArtikeldetailsMarke: MilkaUrsprungsland: DeutschlandSorte: AlpenmilchKontaktKontaktname: Mondelez Deutschland GmbHKontaktadresse: D-28078 BremenMaximale Bestellmenge: 15 St\xc3\xbcckF\xc3\xbcr die vorstehenden Angaben wird keine Haftung \xc3\xbcbernommen. Bitte pr\xc3\xbcfen Sie im Einzelfall die Angaben auf der jeweiligen Produktverpackung, nur diese sind verbindlich.Das Produktdesign kann von der Abbildung abweichen.'",Ladenburger Str. 68,Rewe,Süßes & Salziges,2023-07-09,"Gültig ab morgen bis Samstag, 15.07.2023"
Storck Toffifee,https://img.rewe-static.de/KLEIN28_2023/0205605/21816375-32_digital-image.png?impolicy=s-offers&imwidth=200&output-format=image/webp,,https://shop.rewe.de/productList?search=2832136,,"je 125-g-Pckg , (1 kg = 7.92)",Aktion,"0,99 €","b'ProduktbeschreibungArtikelnummer 205605So viel Gutes steckt in Toffifee: Eine knackige Haselnuss in Karamell mit Nougatcreme und einem Klecks kr\xc3\xa4ftiger Schokolade - eine Kombination, die f\xc3\xbcr jeden Geschmack genau das Richtige bietet. Es steckt viel Spa\xc3\x9f in Toffifee! Egal ob jung oder \xc3\xa4lter, gro\xc3\x9f oder klein, Mama oder Papa, gro\xc3\x9fer Bruder, kleine Schwester - in Toffifee steckt, was allen schmeckt: Leckeres Karamell, knackig ger\xc3\xb6stete Haselnuss, zarte Nougatcreme sowie eine kr\xc3\xa4ftige Schokoladenschicht als T\xc3\xbcpfelchen auf dem \xe2\x80\x9eMmhh\xe2\x80\x9c.  Mit Toffifee kommt der Spa\xc3\x9f in jedes zu Hause.Zutaten & AllergeneZutaten: Zucker, pflanzliche Fette (Palm, Shea), HASELN\xc3\x9cSSE, Glukosesirup, MAGERMILCHPULVER, Feuchthaltemittel Sorbitsirup, Kakaomasse, kondensierte MAGERMILCH, kondensierte S\xc3\x9cSSMOLKE, MILCHZUCKER, magerer Kakao, Kakaobutter, BUTTERREINFETT, Rohrzuckersirup, MOLKENERZEUGNIS, Emulgator Lecithine (SOJA), Salz, Aromen. KANN AUCH MANDEL, ERDNUSS UND ANDERE N\xc3\x9cSSE ENTHALTEN.Allergenhinweise: Enth\xc3\xa4lt: Milch und Milcherzeugnisse (einschlie\xc3\x9flich Lactose). N\xc3\xbcsse und Nusserzeugnisse. Soja und Sojaerzeugnisse. Haselnuss und Haselnusserzeugnisse. Kann enthalten: Erdn\xc3\xbcsse und Erdnusserzeugnisse. Mandeln und Mandelerzeugnisse. Kaschunuss und Kaschunusserzeugnisse. Pecannuss und Pecannusserzeugnisse. Macadamianuss und Macadamianusserzeugnisse. Paranuss und Paranusserzeugnisse. Pistazie und Pistazienerzeugnisse. Walnuss und Walnusserzeugnisse.N\xc3\xa4hrwerteDurchschnittliche N\xc3\xa4hrwerteUnzubereitet pro 100 gEnergie2.177 kJEnergie521 kcalFett29 gFett, davon ges\xc3\xa4ttigte Fetts\xc3\xa4uren12,7 gKohlenhydrate58,9 gKohlenhydrate, davon Zucker48,8 gEiwei\xc3\x9f6 gSalz0,27 gHinweiseAufbewahrungs- und Verwendungshinweis: Vor W\xc3\xa4rme sch\xc3\xbctzen!ArtikeldetailsMarke: ToffifeeUrsprungsland: DeutschlandPackungsgr\xc3\xb6\xc3\x9fe: 125gKontaktKontaktname: AUGUST STORCK KGKontaktadresse: Waldstr. 27, D-13403 BerlinMaximale Bestellmenge: 15 St\xc3\xbcckF\xc3\xbcr die vorstehenden Angaben wird keine Haftung \xc3\xbcbernommen. Bitte pr\xc3\xbcfen Sie im Einzelfall die Angaben auf der jeweiligen Produktverpackung, nur diese sind verbindlich.Das Produktdesign kann von der Abbildung abweichen.'",Ladenburger Str. 68,Rewe,Süßes & Salziges,2023-07-09,"Gültig ab morgen bis Samstag, 15.07.2023"
Belli Cantuccini,https://img.rewe-static.de/KLEIN28_2023/0218662/22322908-38_digital-image.png?impolicy=s-offers&imwidth=200&output-format=image/webp,,https://shop.rewe.de/productList?search=2832136,,"je 250-g-Btl , (1 kg = 10.36)",Aktion,"2,59 €","b""ProduktbeschreibungArtikelnummer 218662Mit 25% Mandelanteil. Zutaten & AllergeneZutaten: WEIZENMEHL, Zucker, MANDELN (25%), pasteurisierte VOLLEIER, pasteurisiertes H\xc3\x9cHNEREIGELB, BUTTER, Bl\xc3\xbctenhonig, Salz. Backtriebmittel: Ammoniumhydrogencarbonat, Dinatriumdiphosphat, Natriumhydrogencarbonat, Aromen. Kann Spuren von anderen SCHALENFR\xc3\x9cCHTEN und SOJA enthalten.Allergenhinweise: Enth\xc3\xa4lt: Weizen und Weizenerzeugnisse (glutenhaltiges Getreide). Mandeln und Mandelerzeugnisse. Eier und Eierzeugnisse. Milch und Milcherzeugnisse (einschlie\xc3\x9flich Lactose). Kann enthalten: Soja und Sojaerzeugnisse. N\xc3\xbcsse und Nusserzeugnisse.N\xc3\xa4hrwerteDurchschnittliche N\xc3\xa4hrwerteUnzubereitet pro 100 gEnergie1.774 kJEnergie424 kcalFett16 gFett, davon ges\xc3\xa4ttigte Fetts\xc3\xa4uren3 gKohlenhydrate60 gKohlenhydrate, davon Zucker32 gEiwei\xc3\x9f10 gSalz0,06 gHinweiseAufbewahrungs- und Verwendungshinweis: K\xc3\xbchl und trocken lagern.ArtikeldetailsUrsprungsland: ItalienKontaktKontaktname: Biscottificio Belli srlKontaktadresse: Via dell'Albereto, 26/28/30, I-50041 Calenzano - FirenzeMaximale Bestellmenge: 15 St\xc3\xbcckF\xc3\xbcr die vorstehenden Angaben wird keine Haftung \xc3\xbcbernommen. Bitte pr\xc3\xbcfen Sie im Einzelfall die Angaben auf der jeweiligen Produktverpackung, nur diese sind verbindlich.Das Produktdesign kann von der Abbildung abweichen.""",Ladenburger Str. 68,Rewe,Süßes & Salziges,2023-07-09,"Gültig ab morgen bis Samstag, 15.07.2023"
Mitsuba Japanese Peanut Crunch & Crispies,https://img.rewe-static.de/KLEIN28_2023/8348948/31504369-13_digital-image.png?impolicy=s-offers&imwidth=200&output-format=image/webp,,https://shop.rewe.de/productList?search=2832136,,"je 100-g-Btl , (1 kg = 14.90)",Aktion,"1,49 €","b'ProduktbeschreibungArtikelnummer 8348948Zutaten & AllergeneZutaten: 53% Reis, WEIZENMEHL, Zucker, 8% ERDN\xc3\x9cSSE, modifizierte Maisst\xc3\xa4rke, 5% Sojaso\xc3\x9fe (Wasser, SOJABOHNEN, WEIZEN, Salz), SESAM, Glukosesirup, 0,7% Meeresalgen, Maltodextrin, Hefeextrakt, Salz, St\xc3\xa4rke (Tapioka, Kartoffel), Farbstoff (Zuckerkul\xc3\xb6r, Paprikaextrakt, E141).Allergenhinweise: Enth\xc3\xa4lt: Weizen und Weizenerzeugnisse (glutenhaltiges Getreide). Erdn\xc3\xbcsse und Erdnusserzeugnisse. Soja und Sojaerzeugnisse.N\xc3\xa4hrwerteDurchschnittliche N\xc3\xa4hrwerteUnzubereitet pro 100 gEnergie1.661 kJEnergie393 kcalFett5,2 gFett, davon ges\xc3\xa4ttigte Fetts\xc3\xa4uren1,1 gKohlenhydrate76 gKohlenhydrate, davon Zucker13,2 gBallaststoffe4,1 gEiwei\xc3\x9f8,6 gSalz1,3 gHinweiseAufbewahrungs- und Verwendungshinweis: Mindestens haltbar bis Ende: siehe VerpackungsaufdruckArtikeldetailsMarke: MitsubaEigenschaften: *Neu*KontaktKontaktname: Menken Orlando B.V.,Kontaktadresse: Kerketuinenweg 35, NL-2544 CV, Den Haag, The NetherlandsMaximale Bestellmenge: 15 St\xc3\xbcckF\xc3\xbcr die vorstehenden Angaben wird keine Haftung \xc3\xbcbernommen. Bitte pr\xc3\xbcfen Sie im Einzelfall die Angaben auf der jeweiligen Produktverpackung, nur diese sind verbindlich.Das Produktdesign kann von der Abbildung abweichen.'",Ladenburger Str. 68,Rewe,Süßes & Salziges,2023-07-09,"Gültig ab morgen bis Samstag, 15.07.2023"
Mitsuba Thai Chilli Crispies,https://img.rewe-static.de/KLEIN28_2023/8349986/30311577-9_digital-image.png?impolicy=s-offers&imwidth=200&output-format=image/webp,,https://shop.rewe.de/productList?search=2832136,,"je 85-g-Pckg , (1 kg = 17.53)",Aktion,"1,49 €","b""ProduktbeschreibungArtikelnummer 8349986You've found the real Asian flavour experience with Mitsuba! Our range of extraordinary savoury snacks inspired by the spices & herbs you can discover across Asia. Each pack is full of flavours and satisfying crunchy textures. Discover real Asian flavours. With a Crunch! Inspired by Kyoto Wasabi flavoured. MSG free. Palm oil free. Inspired by Phuket. Sweet chilli flavoured.Zutaten & AllergeneZutaten: 45% Jasminreis, Sonnenblumenol, Zucker, Tapiokast\xc3\xa4rke,Sojaso\xc3\x9fe (Wasser, SOJABOHNEN, WEIZEN, Salz,) Salz, Knoblauchpulver, 0,3% Chillipulver, Farbstoff(Paprikaextrakt), S\xc3\xbc\xc3\x9fholzpulver, S\xc3\xa4ureregulator(Citronens\xc3\xa4ure). Kann ERDN\xc3\x9cSSEN, SCHALENFR\xc3\x9cCHTE & SESAM enthalten.Allergenhinweise: Enth\xc3\xa4lt: Soja und Sojaerzeugnisse. Weizen und Weizenerzeugnisse (glutenhaltiges Getreide). Glutenhaltiges Getreide und glutenhaltige Getreideerzeugnisse. Kann enthalten: Erdn\xc3\xbcsse und Erdnusserzeugnisse. N\xc3\xbcsse und Nusserzeugnisse. Sesamsamen und Sesamsamenerzeugnisse.N\xc3\xa4hrwerteDurchschnittliche N\xc3\xa4hrwerteUnzubereitet pro 100 gEnergie2.254 kJEnergie540 kcalFett32,3 gFett, davon ges\xc3\xa4ttigte Fetts\xc3\xa4uren2,8 gKohlenhydrate58,1 gKohlenhydrate, davon Zucker14,5 gBallaststoffe1,3 gEiwei\xc3\x9f3,6 gSalz2,4 gHinweiseAufbewahrungs- und Verwendungshinweis: K\xc3\xbchl, trocken und lichtgesch\xc3\xbctzt lagern.Information: Unter Schutzatmosph\xc3\xa4re verpackt.ArtikeldetailsMarke: MitsubaUrsprungsland: NiederlandeKontaktKontaktname: MitsubaKontaktadresse: P.O. Box 43464, 2504 AL The Hague, NLF\xc3\xbcr die vorstehenden Angaben wird keine Haftung \xc3\xbcbernommen. Bitte pr\xc3\xbcfen Sie im Einzelfall die Angaben auf der jeweiligen Produktverpackung, nur diese sind verbindlich.Das Produktdesign kann von der Abbildung abweichen.""",Ladenburger Str. 68,Rewe,Süßes & Salziges,2023-07-09,"Gültig ab morgen bis Samstag, 15.07.2023"
Pepsi,https://img.rewe-static.de/KLEIN28_2023/8541362/32711974-34_digital-image.png?impolicy=s-offers&imwidth=200&output-format=image/webp,,https://shop.rewe.de/productList?search=2832136,,"versch. Sorten, koffeinhaltig , je 1,5-l-Fl , (1 l = 0.66) , zzgl. 0.25 Pfand",Knaller,"0,99 €","b'ProduktbeschreibungArtikelnummer 8541362Zutaten & AllergeneZutaten: Wasser, Zucker, Kohlens\xc3\xa4ure, Farbstoff E 150d, S\xc3\xa4uerungsmittel Phosphors\xc3\xa4ure, Aroma, S\xc3\xbc\xc3\x9fungsmittel (Acesulfam K, Sucralose), Aroma Koffein.N\xc3\xa4hrwerteDurchschnittliche N\xc3\xa4hrwerteUnzubereitet pro 100 mlEnergie120 kJEnergie28 kcalFett0 gFett, davon ges\xc3\xa4ttigte Fetts\xc3\xa4uren0 gKohlenhydrate7 gKohlenhydrate, davon Zucker7 gEiwei\xc3\x9f0 gSalz< 0,01 gHinweiseAufbewahrungs- und Verwendungshinweis: Mindestens haltbar bis: Siehe Flaschenhals.ArtikeldetailsMarke: PepsiNettof\xc3\xbcllmenge: 1,5 LUrsprungsland: DeutschlandKontaktKontaktname: PepsiCo Deutschland GmbHKontaktadresse: D-63263 Neu-IsenburgMaximale Bestellmenge: 15 St\xc3\xbcckF\xc3\xbcr die vorstehenden Angaben wird keine Haftung \xc3\xbcbernommen. Bitte pr\xc3\xbcfen Sie im Einzelfall die Angaben auf der jeweiligen Produktverpackung, nur diese sind verbindlich.Das Produktdesign kann von der Abbildung abweichen.'",Ladenburger Str. 68,Rewe,Alkoholfreie Getränke,2023-07-09,"Gültig ab morgen bis Samstag, 15.07.2023"
Rockstar Energy Drink,https://img.rewe-static.de/KLEIN28_2023/7861466/33881992-10_digital-image.png?impolicy=s-offers&imwidth=200&output-format=image/webp,,https://shop.rewe.de/productList?search=2832136,,"versch. Sorten, koffeinhaltig , je 0,5-l-Dose , (1 l = 1.76) , zzgl. 0.25 Pfand",Aktion,"0,88 €","b'ProduktbeschreibungArtikelnummer 7861466Zutaten & AllergeneZutaten: Wasser, Zucker, S\xc3\xa4uerungsmittel Citronens\xc3\xa4ure, Kohlens\xc3\xa4ure, S\xc3\xa4ureregulator Natriumcitrate, Aroma, Koffein (0,03%), Vitamine (Vitamin C, Nicotins\xc3\xa4ureamid, Vitamin B6), Farbstoffe (Ammoniak-Zuckerkul\xc3\xb6r, Riboflavine), Taurin (0,02%), Inosit (0,01%), Ginseng-Aromaextrakt (0,0004%).N\xc3\xa4hrwerteDurchschnittliche N\xc3\xa4hrwerteUnzubereitet pro 100 mlEnergie221 kJEnergie52 kcalFett0 gFett, davon ges\xc3\xa4ttigte Fetts\xc3\xa4uren0 gKohlenhydrate13 gKohlenhydrate, davon Zucker12 gEiwei\xc3\x9f0 gSalz0,17 gVitamin C16 mgNiacin3,2 mgVitamin B60,28 mgHinweiseAufbewahrungs- und Verwendungshinweis: K\xc3\xbchl und trocken aufbewahren.Information: Erh\xc3\xb6hter Koffeingehalt. F\xc3\xbcr Kinder und schwangere oder stillende Frauen nicht empfohlen (Koffeingehalt:31mg/100ml). Nicht empfohlen f\xc3\xbcr Personen, die empfindlich auf Koffein reagieren. In moderaten Mengen konsumieren. Nicht empfohlen mit Alkohol zu mischen.ArtikeldetailsMarke: RockstarNettof\xc3\xbcllmenge: 0,5 LUrsprungsland: DeutschlandKontaktKontaktname: PepsiCo Deutschland GmbHKontaktadresse: D-63263 Neu-IsenburgMaximale Bestellmenge: 15 St\xc3\xbcckF\xc3\xbcr die vorstehenden Angaben wird keine Haftung \xc3\xbcbernommen. Bitte pr\xc3\xbcfen Sie im Einzelfall die Angaben auf der jeweiligen Produktverpackung, nur diese sind verbindlich.Das Produktdesign kann von der Abbildung abweichen.'",Ladenburger Str. 68,Rewe,Alkoholfreie Getränke,2023-07-09,"Gültig ab morgen bis Samstag, 15.07.2023"
Lipton Ice Tea oder Sparkling,https://img.rewe-static.de/KLEIN28_2023/8553666/32715823-10_digital-image.png?impolicy=s-offers&imwidth=200&output-format=image/webp,,https://shop.rewe.de/productList?search=2832136,,"versch. Sorten , je 1,5-l-Fl , (1 l = 0.66) , zzgl. 0.25 Pfand",Aktion,"0,99 €","b'ProduktbeschreibungArtikelnummer 8553666Zutaten & AllergeneZutaten: Wasser, Zucker, Fruktose, S\xc3\xa4uerungsmittel (Citronens\xc3\xa4ure), Schwarztee-Extrakt\xe2\x81\xbd\xc2\xb9\xe2\x81\xbe (0,12%), Zitronensaft aus Zitronensaftkonzentrat (0,1%), Aromen, S\xc3\xa4ureregulator Trinatriumcitrat, Antioxidationsmittel Ascorbins\xc3\xa4ure, S\xc3\xbc\xc3\x9fungsmittel Steviolglycoside.\xe2\x81\xbd\xc2\xb9\xe2\x81\xbe Rainforest Alliance Certified.Mehr Informationen unter ra.org.N\xc3\xa4hrwerteDurchschnittliche N\xc3\xa4hrwerteUnzubereitet pro 100 mlEnergie81 kJEnergie19 kcalFett< 0,5 gFett, davon ges\xc3\xa4ttigte Fetts\xc3\xa4uren< 0,1 gKohlenhydrate4,6 gKohlenhydrate, davon Zucker4,5 gEiwei\xc3\x9f< 0,5 gSalz0,03 gHinweiseAufbewahrungs- und Verwendungshinweis: Nach dem \xc3\x96ffnen im K\xc3\xbchlschrank aufbewahren und bald konsumieren.ArtikeldetailsMarke: LiptonNettof\xc3\xbcllmenge: 1,5 LUrsprungsland: DeutschlandKontaktKontaktname: PepsiCo Deutschland GmbHKontaktadresse: D-63263 Neu-IsenburgMaximale Bestellmenge: 15 St\xc3\xbcckF\xc3\xbcr die vorstehenden Angaben wird keine Haftung \xc3\xbcbernommen. Bitte pr\xc3\xbcfen Sie im Einzelfall die Angaben auf der jeweiligen Produktverpackung, nur diese sind verbindlich.Das Produktdesign kann von der Abbildung abweichen.'",Ladenburger Str. 68,Rewe,Alkoholfreie Getränke,2023-07-09,"Gültig ab morgen bis Samstag, 15.07.2023"
S. Pellegrino Mineralwasser,https://img.rewe-static.de/KLEIN28_2023/0106565/9482880-6_digital-image.png?impolicy=s-offers&imwidth=200&output-format=image/webp,,https://shop.rewe.de/productList?search=2832136,,"je 1-l-Fl , zzgl. 0.25 Pfand",Aktion,"0,79 €","b'ProduktbeschreibungArtikelnummer 106565S.Pellegrino bringt echtes italienisches Lebensgef\xc3\xbchl direkt zu Ihnen nach Hause. Ein feinperliges nat\xc3\xbcrliches Mineralwasser f\xc3\xbcr Genie\xc3\x9fer, das stilvoll erfrischt.\n\nUnnachahmlich prickelnd und frisch, so schmeckt S.Pellegrino. Das liegt an der einzigartigen Balance, die das Mineralwasser besonders feinperlig sprudeln l\xc3\xa4sst. Ausgewogen mineralisiert, ist S.Pellegrino ein ebenso spritziger wie authentischer Genuss.\n\nEin Wasser mit Tradition\n\nS.Pellegrino, das bereits seit 1899 Genie\xc3\x9fer begeistert, entspringt in der nahezu unber\xc3\xbchrten Natur der lombardischen Alpen. Auf seiner langen Reise durch breite Schichten Dolomit- und Gipsgestein erh\xc3\xa4lt das Wasser seine ausgewogene Mineralisierung und seine besondere Reinheit. \n\nImmer ein Genuss\n\nMit seinem nat\xc3\xbcrlichen und lebendigen Temperament ist S.Pellegrino ein Wasser, das einfach \xc3\xbcberall genossen werden kann. Darum gibt es den italienischen Klassiker auch in handlichen 1,0L Pet-Flaschen \xe2\x80\x93 Wie geschaffen f\xc3\xbcr geselliges Beisammensein und genussvolles Miteinander. Besonders praktisch: Im Sixpack haben Sie immer eine Flasche in Reserve.\n\nS.Pellegrino\n- Nat\xc3\xbcrliches feinperliges Mineralwasser\n- Erfrischt einfach herrlich italienisch\n- Ein Wasser f\xc3\xbcr anspruchsvolle Genie\xc3\x9fer\n- Ausgewogen mineralisiert und besonders prickelnd\n- Wassergenuss f\xc3\xbcr jede Gelegenheit in handlichen Pet-Flaschen... mehr anzeigenSeit 1899 ist S.Pellegrino eine Ikone italienischen Stils und eines der bekanntesten nat\xc3\xbcrlichen Mineralwasser der Welt. Dank seiner perfekten Balance aus feinperliger Kohlens\xc3\xa4ure, Mineralisierung und einzigartigem Geschmack \xc3\xbcberzeugt es Sommeliers und Spitzenk\xc3\xb6che. \nSo inspiriert S.Pellegrino dazu, genussvolle Momente auszukosten und sie zu teilen.N\xc3\xa4hrwerteDurchschnittliche N\xc3\xa4hrwerteUnzubereitet pro 1 lChlorid49,4 mgCalcium166 mgMagnesium49,5 mgBikarbonat244 mgNatrium30 mgSulfat 4+401 mgHinweiseAufbewahrungs- und Verwendungshinweis: Vor Sonne und Frost sch\xc3\xbctzen und an einem sauberen, trockenen, k\xc3\xbchlen und geruchlosen Ort lagern.Information: Abdampfr\xc3\xbcckstand bei 180 Grad: 853 mg/LpH-Wert an der Quelle: 7,7Aus der S.PELLEGRINO Quelle in SAN PELLEGRINO TERME (BERGAMO) ITALIENArtikeldetailsMarke: San PellegrinoNettof\xc3\xbcllmenge: 1 LUrsprungsland: ItalienPackungsgr\xc3\xb6\xc3\x9fe: 1,0lKontaktKontaktname: SANPELLEGRINO S.P.A.Kontaktadresse: 24016 SAN PELLEGRINO TERME (BG)LOCALIT\xc3\x80 RUSPINO - ITALIENMaximale Bestellmenge: 15 St\xc3\xbcckF\xc3\xbcr die vorstehenden Angaben wird keine Haftung \xc3\xbcbernommen. Bitte pr\xc3\xbcfen Sie im Einzelfall die Angaben auf der jeweiligen Produktverpackung, nur diese sind verbindlich.Das Produktdesign kann von der Abbildung abweichen.'",Ladenburger Str. 68,Rewe,Alkoholfreie Getränke,2023-07-09,"Gültig ab morgen bis Samstag, 15.07.2023"
Leffe Blonde oder Brune,https://img.rewe-static.de/KLEIN28_2023/7225629/28252993-14_digital-image.png?impolicy=s-offers&imwidth=200&output-format=image/webp,,https://shop.rewe.de/productList?search=2832136,,"je 4 x 0,33-l-Fl.-Pckg , (1 l = 4.16) , zzgl. 0.32 Pfand",Aktion,"5,49 €","b""Bestellung ab 18 Jahren.F\xc3\xbcr dieses Produkt gilt das Jugendschutzgesetz.ProduktbeschreibungArtikelnummer 7225629Zutaten & AllergeneZutaten: Wasser, GERSTENMALZ, Mais, Zucker, Hopfen und HopfenextraktN\xc3\xa4hrwerteDurchschnittliche N\xc3\xa4hrwerteUnzubereitet pro 100 mlEnergie243 kJEnergie58 kcalFett0,01 gFett, davon ges\xc3\xa4ttigte Fetts\xc3\xa4uren0 gKohlenhydrate5,4 gKohlenhydrate, davon Zucker0,7 gBallaststoffe0,4 gEiwei\xc3\x9f0,4 gSalz0,1 gHinweiseInformation: Kein Verzehr in Zusammenhang mita)dem F\xc3\xbchren von Fahrzeugen,b)einer Schwangerschaft,c)Medikamenten-EinnahmeArtikeldetailsMarke: LeffeAlkoholgehalt: 6,6 % Vol.KontaktKontaktname: Br.Abbaye de Leffe s.a./n.v.,Place de l'Abbaye 1Kontaktadresse: B-5500 Dinant,BelgienMaximale Bestellmenge: 15 St\xc3\xbcckF\xc3\xbcr die vorstehenden Angaben wird keine Haftung \xc3\xbcbernommen. Bitte pr\xc3\xbcfen Sie im Einzelfall die Angaben auf der jeweiligen Produktverpackung, nur diese sind verbindlich.Das Produktdesign kann von der Abbildung abweichen.""",Ladenburger Str. 68,Rewe,Bier,2023-07-09,"Gültig ab morgen bis Samstag, 15.07.2023"
CyberZ Beer Mix,https://img.rewe-static.de/KLEIN28_2023/8897146/39521337-9_digital-image.png?impolicy=s-offers&imwidth=200&output-format=image/webp,,https://shop.rewe.de/productList?search=2832136,,"versch. Sorten , je 4 x 0,33-l-Fl.-Pckg , (1 l = 3.78) , zzgl. 0.32 Pfand",Aktion,"4,99 €","b'Bestellung ab 18 Jahren.F\xc3\xbcr dieses Produkt gilt das Jugendschutzgesetz.ProduktbeschreibungArtikelnummer 8897146Times for Limez. CYBERZ vereint Bier mit s\xc3\xbc\xc3\x9f-sauren Caipi-Limetten-\nFlavour. Ein neuer frischer Mix ohne\xc2\xa0Kompromisse.\nTurn up your Flavour \xe2\x80\x93 und starte mit aufregenden 5,9% vol. in Deine\nPartymood und einen Abend ganz nach deinem Geschmack.Zutaten & AllergeneZutaten: 85% Bier (Wasser, GERSTENmalz, Hopfen, Hopfenextrakt), 15% Erfrischungsgetr\xc3\xa4nk mit Caipirinha-Geschmack (Wasser, Zucker, Limettensaft* (1,5%), Orangensaft* (1,5%), Zitronensaft* (1,0%), S\xc3\xa4uerungsmittel Citronens\xc3\xa4ure, nat\xc3\xbcrliches Limettenaroma mit anderen nat\xc3\xbcrlichen Aromen, Kohlens\xc3\xa4ure, Stabilisator Johannisbrotkernmehl). *aus FruchtsaftkonzentratenN\xc3\xa4hrwerteDurchschnittliche N\xc3\xa4hrwerteUnzubereitet pro 100 mlEnergie267 kJEnergie64 kcalFett0 gFett, davon ges\xc3\xa4ttigte Fetts\xc3\xa4uren0 gKohlenhydrate7,1 gKohlenhydrate, davon Zucker5,3 gEiwei\xc3\x9f< 0,5 gSalz< 0,01 gArtikeldetailsEigenschaften: *Neu*Alkoholgehalt: 5,9 % Vol.KontaktKontaktname: Gesellschaft f. Importbiere u. Bierspezialit\xc3\xa4ten mbHKontaktadresse: Darmst\xc3\xa4dter Landstr. 185 60598 Frankfurt am MainMaximale Bestellmenge: 15 St\xc3\xbcckF\xc3\xbcr die vorstehenden Angaben wird keine Haftung \xc3\xbcbernommen. Bitte pr\xc3\xbcfen Sie im Einzelfall die Angaben auf der jeweiligen Produktverpackung, nur diese sind verbindlich.Das Produktdesign kann von der Abbildung abweichen.'",Ladenburger Str. 68,Rewe,Bier,2023-07-09,"Gültig ab morgen bis Samstag, 15.07.2023"
Veltins Pilsener,https://img.rewe-static.de/KLEIN28_2023/0017005/2245920-31_digital-image.png?impolicy=s-offers&imwidth=200&output-format=image/webp,,https://shop.rewe.de/productList?search=2832136,,"je 0,5-l-Dose , (1 l = 1.58) , zzgl. 0.25 Pfand",Aktion,"0,79 €","b'Bestellung ab 18 Jahren.F\xc3\xbcr dieses Produkt gilt das Jugendschutzgesetz.ProduktbeschreibungArtikelnummer 17005Zutaten & AllergeneZutaten: Wasser, GERSTENMALZ, HopfenAllergenhinweise: Enth\xc3\xa4lt: Gerste und Gerstenerzeugnisse (glutenhaltiges Getreide).N\xc3\xa4hrwerteDurchschnittliche N\xc3\xa4hrwerteUnzubereitet pro 100 mlEnergie167 kJEnergie40 kcalFett< 0,1 gFett, davon ges\xc3\xa4ttigte Fetts\xc3\xa4uren< 0,1 gKohlenhydrate2,9 gKohlenhydrate, davon Zucker1,4 gEiwei\xc3\x9f0,63 gSalz< 0,01 gArtikeldetailsMarke: VeltinsUrsprungsland: DeutschlandAlkoholgehalt: 4,8 % Vol.Packungsgr\xc3\xb6\xc3\x9fe: 0,5lKontaktKontaktname: Brauerei C.&A. Veltins GmbH & Co. KGKontaktadresse: D-59872 Meschede-GrevensteinMaximale Bestellmenge: 15 St\xc3\xbcckF\xc3\xbcr die vorstehenden Angaben wird keine Haftung \xc3\xbcbernommen. Bitte pr\xc3\xbcfen Sie im Einzelfall die Angaben auf der jeweiligen Produktverpackung, nur diese sind verbindlich.Das Produktdesign kann von der Abbildung abweichen.'",Ladenburger Str. 68,Rewe,Bier,2023-07-09,"Gültig ab morgen bis Samstag, 15.07.2023"
Corona Mexican Beer,https://img.rewe-static.de/KLEIN28_2023/1306571/19881660-30_digital-image.png?impolicy=s-offers&imwidth=200&output-format=image/webp,,https://shop.rewe.de/productList?search=2832136,,"je 6 x 0,355-l-Fl.-Sixpack , (1 l = 3.05) , zzgl. 0.48 Pfand",Aktion,"6,49 €","b'Bestellung ab 18 Jahren.F\xc3\xbcr dieses Produkt gilt das Jugendschutzgesetz.ProduktbeschreibungArtikelnummer 1306571Zutaten & AllergeneZutaten: Wasser, Gerstenmalz, Mais, HopfenN\xc3\xa4hrwerteDurchschnittliche N\xc3\xa4hrwerteUnzubereitet pro 100 mlEnergie176 kJEnergie42 kcalFett0 gFett, davon ges\xc3\xa4ttigte Fetts\xc3\xa4uren0 gKohlenhydrate4 gKohlenhydrate, davon Zucker0,15 gBallaststoffe0,3 gEiwei\xc3\x9f0,3 gSalz0,005 gHinweiseInformation: Kein Verzehr in Zusammenhang mita)dem F\xc3\xbchren von Fahrzeugen,b)einer Schwangerschaft,c)Medikamenten-EinnahmeArtikeldetailsMarke: CoronaAlkoholgehalt: 4,5 % Vol.Packungsgr\xc3\xb6\xc3\x9fe: 0,35lx6KontaktKontaktname: Anheuser-Busch !nBev Deutschland GmbH & Co.KGKontaktadresse: Am Deich 18/19, 28199 BremenMaximale Bestellmenge: 15 St\xc3\xbcckF\xc3\xbcr die vorstehenden Angaben wird keine Haftung \xc3\xbcbernommen. Bitte pr\xc3\xbcfen Sie im Einzelfall die Angaben auf der jeweiligen Produktverpackung, nur diese sind verbindlich.Das Produktdesign kann von der Abbildung abweichen.'",Ladenburger Str. 68,Rewe,Bier,2023-07-09,"Gültig ab morgen bis Samstag, 15.07.2023"
Jack Daniel's Tennessee Whiskey,https://img.rewe-static.de/KLEIN28_2023/4676050/3229750-32_digital-image.png?impolicy=s-offers&imwidth=200&output-format=image/webp,,https://shop.rewe.de/productList?search=2832136,,"40% Vol. oder Honey 35% Vol. , je 0,7-l-Fl , (1 l = 22.84)",Knaller,"15,99 €","b""Bestellung ab 18 Jahren.F\xc3\xbcr dieses Produkt gilt das Jugendschutzgesetz.ProduktbeschreibungArtikelnummer 4676050Tropfen f\xc3\xbcr Tropfen \xe2\x80\x93 eindeutig Jack!\nEs gibt \xc3\xbcber ein Dutzend Theorien, warum Jack Daniel seinen Whiskey \xe2\x80\x9eOld No.7\xe2\x80\x9c genannt hat. Eine davon besagt, dass er den sieben wichtigsten Frauen in seinem Leben ein Denkmal setzen wollte. Den wahren Grund kennt aber nur Jack \xe2\x80\x93 und der l\xc3\xa4sst seine Biografen weiter r\xc3\xa4tseln. \nSeit 1866 wird Old No.7 nach dem unver\xc3\xa4nderten Originalrezept von Jack Daniel hergestellt. Sein rauchigmildes Aroma hat ihn zu einem der bekanntesten Whiskey-Klassiker gemacht. \nOb pur, mit Wasser, mit Cola, mit Ginger oder im Cocktail: Jack ist aus den Bars der Welt nicht mehr wegzudenken. Wer nicht selbst mixen m\xc3\xb6chte, der bedient sich mit Jack Daniel\xe2\x80\x98s Premix Longdrinks: klassisch mit Cola oder erfrischend herb mit Ginger. Jack Daniel\xe2\x80\x98s Old No.7 \xe2\x80\x93 auch in den kleinsten \xe2\x80\x9eWhiskeyf\xc3\xa4ssern der Welt\xe2\x80\x9c immer der perfekte Genuss.... mehr anzeigenSeit 1866 wird Old No. 7 nach unver\xc3\xa4ndertem Originalrezept von Jack Daniel hergestellt. Rauchig mildes Aroma mit einem Mix aus Karamell, Vanille und Holznoten.ArtikeldetailsMarke: Jack Daniel'sUrsprungsland: Vereinigte StaatenAlkoholgehalt: 40 % Vol.KontaktKontaktname: BROWN-FORMAN DEUTSCHLAND GMBHKontaktadresse: Dammtorwall 7, 20354 Hamburg, DeutschlandMaximale Bestellmenge: 15 St\xc3\xbcckF\xc3\xbcr die vorstehenden Angaben wird keine Haftung \xc3\xbcbernommen. Bitte pr\xc3\xbcfen Sie im Einzelfall die Angaben auf der jeweiligen Produktverpackung, nur diese sind verbindlich.Das Produktdesign kann von der Abbildung abweichen.""",Ladenburger Str. 68,Rewe,Wein & Spirituosen,2023-07-09,"Gültig ab morgen bis Samstag, 15.07.2023"
Faber Sekt oder Light Live alkoholfrei,https://img.rewe-static.de/KLEIN28_2023/0315192/34673571-3_digital-image.png?impolicy=s-offers&imwidth=200&output-format=image/webp,,https://shop.rewe.de/productList?search=2832136,,"versch. Sorten , je 0,75-l-Fl , (1 l = 3.32)",Aktion,"2,49 €","b'Bestellung ab 18 Jahren.F\xc3\xbcr dieses Produkt gilt das Jugendschutzgesetz.ProduktbeschreibungArtikelnummer 315192Bring Faber in dein Leben!Zutaten & AllergeneZutaten: Enth\xc3\xa4lt SULFITEAllergenhinweise: Enth\xc3\xa4lt: Schwefeldioxid und Sulfite.HinweiseAufbewahrungs- und Verwendungshinweis: Stets k\xc3\xbchl und dunkel lagern.ArtikeldetailsMarke: FaberUrsprungsland: DeutschlandAlkoholgehalt: 11 % Vol.Packungsgr\xc3\xb6\xc3\x9fe: 0,75lKontaktKontaktname: Sektkellerei Faber GmbHKontaktadresse: Niederkircher Str. 27, 54294 Trier/DeutschlandMaximale Bestellmenge: 15 St\xc3\xbcckF\xc3\xbcr die vorstehenden Angaben wird keine Haftung \xc3\xbcbernommen. Bitte pr\xc3\xbcfen Sie im Einzelfall die Angaben auf der jeweiligen Produktverpackung, nur diese sind verbindlich.Das Produktdesign kann von der Abbildung abweichen.'",Ladenburger Str. 68,Rewe,Wein & Spirituosen,2023-07-09,"Gültig ab morgen bis Samstag, 15.07.2023"
Mionetto Prosecco Spumante DOC,https://img.rewe-static.de/KLEIN28_2023/2104631/22280027-24_digital-image.png?impolicy=s-offers&imwidth=200&output-format=image/webp,,https://shop.rewe.de/productList?search=2832136,,"versch. Sorten , je 0,75-l-Fl , (1 l = 9.32)",Aktion,"6,99 €","b""Bestellung ab 18 Jahren.F\xc3\xbcr dieses Produkt gilt das Jugendschutzgesetz.ProduktbeschreibungArtikelnummer 2104631Der Prosecco D.O.C. Treviso Brut der Prestige-Linie \xc3\xbcberrascht selbst ausgesprochene Kenner. \nDieser hochwertige Spumante interpretiert die Kategorie 'Brut' v\xc3\xb6llig neu und z\xc3\xa4hlt geschmacklich zu den modernsten seiner Klasse. \nDer Prosecco D.O.C. Treviso Brut besticht durch seine leuchtend strohgelbe Farbe, intensive Perlage, ein fruchtiges Bukett nach Golden Delicious \xc3\x84pfeln und Birnen \nsowie durch feine Aromen nach Akazienhonig. Mionetto Prosecco D.O.C. Treviso Brut zeichnet sich durch sein elegantes Design aus. Das raffiniert moderne Etikett im 27-Grad-Winkel spiegelt sich in der Halsschleife wider.\n\nAlkoholgehalt: 11% Vol.... mehr anzeigenZutaten & AllergeneZutaten:  Enth\xc3\xa4lt Sulfite Zusatzstoffe: E 220Allergenhinweise: Schwefeldioxid und Sulfite in einer Konzentration von mehr als 10 mg/kg oder 10 mg/l, als SO2 angegebenArtikeldetailsMarke: MionettoUrsprungsland: ItalienKontaktKontaktname: Mionetto SPAKontaktadresse: Valdobbiadene, ItalienMaximale Bestellmenge: 15 St\xc3\xbcckF\xc3\xbcr die vorstehenden Angaben wird keine Haftung \xc3\xbcbernommen. Bitte pr\xc3\xbcfen Sie im Einzelfall die Angaben auf der jeweiligen Produktverpackung, nur diese sind verbindlich.Das Produktdesign kann von der Abbildung abweichen.""",Ladenburger Str. 68,Rewe,Wein & Spirituosen,2023-07-09,"Gültig ab morgen bis Samstag, 15.07.2023"
Cellini Grappa Oro,https://img.rewe-static.de/KLEIN28_2023/9687947/3673940-23_digital-image.png?impolicy=s-offers&imwidth=200&output-format=image/webp,,https://shop.rewe.de/productList?search=2832136,,"38% Vol. , je 0,7-l-Fl , (1 l = 12.84)",Aktion,"8,99 €","b'Bestellung ab 18 Jahren.F\xc3\xbcr dieses Produkt gilt das Jugendschutzgesetz.ProduktbeschreibungArtikelnummer 9687947Zutaten & AllergeneAllergenhinweise: Enth\xc3\xa4lt: Keine deklarationspflichtigen Allergene enthalten.HinweiseAufbewahrungs- und Verwendungshinweis: Lagerf\xc3\xa4higkeit 2-3 Jahre, bei Zimmertemperatur servierenArtikeldetailsMarke: CelliniUrsprungsland: ItalienAlkoholgehalt: 38 % Vol.KontaktKontaktname: Rolf Herzberger GmbH & Co. KGKontaktadresse: Am Felsbrunnen 8, 66119 Saarbr\xc3\xbcckenMaximale Bestellmenge: 15 St\xc3\xbcckF\xc3\xbcr die vorstehenden Angaben wird keine Haftung \xc3\xbcbernommen. Bitte pr\xc3\xbcfen Sie im Einzelfall die Angaben auf der jeweiligen Produktverpackung, nur diese sind verbindlich.Das Produktdesign kann von der Abbildung abweichen.'",Ladenburger Str. 68,Rewe,Wein & Spirituosen,2023-07-09,"Gültig ab morgen bis Samstag, 15.07.2023"
La Gioiosa Prosecco Frizzante Treviso DOC,https://img.rewe-static.de/KLEIN28_2023/0321558/7433190-34_digital-image.png?impolicy=s-offers&imwidth=200&output-format=image/webp,,https://shop.rewe.de/productList?search=2832136,,"je 0,75-l-Fl , (1 l = 7.99)",Aktion,"5,99 €","b'Bestellung ab 18 Jahren.F\xc3\xbcr dieses Produkt gilt das Jugendschutzgesetz.ProduktbeschreibungArtikelnummer 321558Alkoholgehalt: 10 % Vol. Zutaten & AllergeneZutaten: Nicht deklariert:Perlwein, Antioxidationsmittel (Ascorbins\xc3\xa4ure, Schwefeldioxid). Zusatzstoffe: E 220Allergenhinweise: Schwefeldioxid und Sulfite in einer Konzentration von mehr als 10 mg/kg oder 10 mg/l, als SO2 angegebenN\xc3\xa4hrwerteDurchschnittliche N\xc3\xa4hrwertepro 100 mlEnergie292 kJEnergie70 kcalFett0 gFett, davon ges\xc3\xa4ttigte Fetts\xc3\xa4uren0 gKohlenhydrate2,9 gKohlenhydrate, davon Zucker1,1 gEiwei\xc3\x9f< 0,1 gSalz< 0,02 gHinweiseVerwendungshinweise: Trocken und k\xc3\xbchl lagern. Vor Licht sch\xc3\xbctzen.ArtikeldetailsMarke: La GioiosaUrsprungsland: ItalienKontaktKontaktname: La Gioiosa S.p.A.Kontaktadresse: Crocetta del Montello, 31035, ItalienMaximale Bestellmenge: 15 St\xc3\xbcckF\xc3\xbcr die vorstehenden Angaben wird keine Haftung \xc3\xbcbernommen. Bitte pr\xc3\xbcfen Sie im Einzelfall die Angaben auf der jeweiligen Produktverpackung, nur diese sind verbindlich.Das Produktdesign kann von der Abbildung abweichen.'",Ladenburger Str. 68,Rewe,Wein & Spirituosen,2023-07-09,"Gültig ab morgen bis Samstag, 15.07.2023"
Ariel Allin1 Pods Universal,https://img.rewe-static.de/KLEIN28_2023/8899882/38159502-11_digital-image.png?impolicy=s-offers&imwidth=200&output-format=image/webp,,https://shop.rewe.de/productList?search=2832136,,"je 15-WL-Pckg , (1 WL = 0.30)",Knaller,"4,49 €","b'Gefahren- / WarnhinweiseGefahrVerursacht Hautreizungen. Verursacht schwere Augensch\xc3\xa4den. Sch\xc3\xa4dlich f\xc3\xbcr Wasserorganismen, mit langfristiger Wirkung. Enth\xc3\xa4lt Methyl 2-[[[4-(4-hydroxy-4-methylpentyl)-3-cyclohexenyl]methylene]amino]Benzoate Kann allergische Reaktionen hervorrufen. BEI KONTAKT MIT DEN AUGEN: Einige Minuten lang behutsam mit Wasser sp\xc3\xbclen. BEI BER\xc3\x9cHRUNG MIT DER HAUT: Mit viel Wasser waschen. Sofort GIFTINFORMATIONSZENTRUM/Arzt anrufen. Beh\xc3\xa4lter nur v\xc3\xb6llig restentleert gem\xc3\xa4\xc3\x9f den jeweiligen \xc3\xb6rtlichen Regelungen der Wertstoffsammlung / Entsorgung zuf\xc3\xbchren. Darf nicht in die H\xc3\xa4nde von Kindern gelangen. BEI VERSCHLUCKEN: Mund aussp\xc3\xbclen. KEIN Erbrechen herbeif\xc3\xbchren. ProduktbeschreibungArtikelnummer 8899882Entdecke Ariel, die Nr. 1 meist empfohlene Waschmittelmarke von f\xc3\xbchrenden Waschmaschinenmarken in Deutschland, wie: Bauknecht, Siemens, Bosch, AEG. Die Ariel All-in-1 PODS Universal+ haben eine zus\xc3\xa4tzliche rote Kammer und bieten ausgezeichnete Fleckentfernung selbst in kaltem Wasser beim 1. Waschen. Sie wirken selbst bei 7 Tage alten, eingetrockneten Flecken. Die Ariel All-in-1 PODS Waschkapseln wurden f\xc3\xbcr die Kaltw\xc3\xa4sche entwickelt und l\xc3\xb6sen sich selbst in kaltem Wasser schnell auf. Wasche k\xc3\xa4lter mit den Ariel All-in-1 PODS Universal+: Spare Energie bei jedem Waschgang und reduziere Deine CO\xe2\x82\x82-Emissionen. Zudem tragen die Ariel All-in-1 PODS auch zum Reduzieren von Plastik bei dank der recycelbaren ECOCLIC Kartonbox, die in der Altpapiertonne recycelbar ist. Zu 70 % aus recycelten Fasern hergestellt, enth\xc3\xa4lt sie nur maximal 5 % Plastik und wurde entwickelt, um Deine PODS zu sch\xc3\xbctzen. Die zu 100 % wasserl\xc3\xb6sliche Folie der Ariel All-in-1 PODS-Waschkapseln l\xc3\xb6st sich schnell bei Kontakt mit dem Wasser auf und setzt die kraftvolle Formel zur Fleckenentfernung frei. Achtung: Darf nicht in die H\xc3\xa4nde von Kindern gelangen. Verursacht schwere Augensch\xc3\xa4den und Hautreizungen. Bewahre die Ariel All-in-1 PODS Waschkapseln stets au\xc3\x9fer Reichweite von Kindern auf. Mehr unter keepcapsfromkids.eu.HinweiseInformation: Verursacht schwere Augensch\xc3\xa4den. Verursacht Hautreizungen. Sch\xc3\xa4dlich f\xc3\xbcr Wasserorganismen, mit langfristiger Wirkung. Darf nicht in die H\xc3\xa4nde von Kindern gelangen. BEI KONTAKT MIT DEN AUGEN: Einige Minuten lang behutsam mit Wasser sp\xc3\xbclen. BEI BER\xc3\x9cHRUNG MIT DER HAUT: Mit viel Wasser waschen. BEI VERSCHLUCKEN: Mund aussp\xc3\xbclen. KEIN Erbrechen herbeif\xc3\xbchren. Sofort GIFTINFORMATIONSZENTRUM/Arzt anrufen. Enth\xc3\xa4lt MEA-C10-13 Alkyl Benzenesulfonate, MEA-Laureth Sulfate, C12-14 Pareth-n. Enth\xc3\xa4lt Tetramethyl Acetyloctahydronaphthalenes, Methyl Hydroxy-Methylpentylcyclohexenyl-Methyleneaminobenzoate. Kann allergische Reaktionen hervorrufen. Mit trockenen H\xc3\xa4nden verwenden. Nicht einstechen, aufrei\xc3\x9fen oder zerschneiden.ArtikeldetailsMarke: ArielUrsprungsland: FrankreichKontaktKontaktname: Procter & Gamble International Operations SAKontaktadresse: 47 route de Saint-Georges, 1213 Petit-Lancy, Switzerland.F\xc3\xbcr die vorstehenden Angaben wird keine Haftung \xc3\xbcbernommen. Bitte pr\xc3\xbcfen Sie im Einzelfall die Angaben auf der jeweiligen Produktverpackung, nur diese sind verbindlich.Das Produktdesign kann von der Abbildung abweichen.'",Ladenburger Str. 68,Rewe,Haushalt,2023-07-09,"Gültig ab morgen bis Samstag, 15.07.2023"
Ariel Colorwaschmittel flüssig,https://img.rewe-static.de/KLEIN28_2023/7706043/38159482-5_digital-image.png?impolicy=s-offers&imwidth=200&output-format=image/webp,,https://shop.rewe.de/productList?search=2832136,,"je 20-WL-Fl , (1 WL = 0.24)",Knaller,"4,49 €","b'Gefahren- / WarnhinweiseAchtungVerursacht schwere Augenreizung. Enth\xc3\xa4lt Benzisothiazolinone, Isoeugenol, Delta-Damascone, Tetrahydrolinalool Kann allergische Reaktionen\nBEI VERSCHLUCKEN: Bei Unwohlsein GIFTINFORMATIONSZENTRUM oder Arzt anrufen. Darf nicht in die H\xc3\xa4nde von Kindern gelangen. BEI KONTAKT MIT DEN AUGEN: Einige Minuten lang behutsam mit Wasser sp\xc3\xbclen. ProduktbeschreibungArtikelnummer 7706043Entdecke Ariel, die Nr.1 meist empfohlene Waschmittelmarke von f\xc3\xbchrenden Waschmaschinenmarken in Deutschland, wie: Bauknecht Siemens Bosch AEG. Ariel pr\xc3\xa4sentiert das Fl\xc3\xbcssigwaschmittel Color+ f\xc3\xbcr ausgezeichnete Fleckentfernung beim 1. Waschen selbst in k\xc3\xa4lteren Temperaturen. Die Formel mit der einzigartigen COOL CLEAN Technologie wurde speziell f\xc3\xbcr die Kaltw\xc3\xa4sche entwickelt. Wasche k\xc3\xa4lter mit Ariel Fl\xc3\xbcssigwaschmittel: Spare bei jedem Waschgang Energie und reduziere die CO\xe2\x82\x82-Emissionen deiner W\xc3\xa4sche. Der Flaschenk\xc3\xb6rper von Ariel Fl\xc3\xbcssigwaschmittel ist zu 100 % recyclebar (Dosierkappe und Etikett ausgenommen). Du kannst Ariel Fl\xc3\xbcssigwaschmittel Farbschutz mit der gr\xc3\xbcnen Dosierkappe au\xc3\x9ferdem zur Vorbehandlung von Flecken verwenden, bevor du deine Kleidung in die Waschmaschine gibst. F\xc3\xbcr beste Ergebnisse, gebe eine mit Ariel Waschmittel gef\xc3\xbcllte Dosierkappe in die Waschmaschinentrommel. Aus Umweltgr\xc3\xbcnden verf\xc3\xbcgen nicht alle Flaschen \xc3\xbcber eine Dosierhilfe. Diese ist kostenlos \xc3\xbcber die Webseite ariel.info erh\xc3\xa4ltlich.HinweiseInformation: Verursacht schwere Augenreizung. Darf nicht in die H\xc3\xa4nde von Kindern gelangen. BEI KONTAKT MIT DEN AUGEN: Einige Minuten lang behutsam mit Wasser sp\xc3\xbclen. BEI VERSCHLUCKEN: Bei Unwohlsein GIFTINFORMATIONSZENTRUM/Arzt anrufen. Enth\xc3\xa4lt Benzisothiazolinone, Delta-Damascone, Tetrahydrolinalool, Isoeugenol. Kann allergische Reaktionen hervorrufen.ArtikeldetailsMarke: ArielUrsprungsland: FrankreichKontaktKontaktname: Procter & Gamble International Operations SAKontaktadresse: 47 route de Saint-Georges, 1213 Petit-Lancy, Switzerland.F\xc3\xbcr die vorstehenden Angaben wird keine Haftung \xc3\xbcbernommen. Bitte pr\xc3\xbcfen Sie im Einzelfall die Angaben auf der jeweiligen Produktverpackung, nur diese sind verbindlich.Das Produktdesign kann von der Abbildung abweichen.'",Ladenburger Str. 68,Rewe,Haushalt,2023-07-09,"Gültig ab morgen bis Samstag, 15.07.2023"
Febreze 3 Volution Duftstecker,https://img.rewe-static.de/KLEIN28_2023/7715733/37775440-3_digital-image.png?impolicy=s-offers&imwidth=200&output-format=image/webp,,https://shop.rewe.de/productList?search=2832136,,"Vanille , je 20-ml-Pckg , (1 l = 249.50)",Aktion,"4,99 €",nan,Ladenburger Str. 68,Rewe,Haushalt,2023-07-09,"Gültig ab morgen bis Samstag, 15.07.2023"
Spee Aktiv Gel Waschmittel,https://img.rewe-static.de/KLEIN28_2023/8907195/38626507-8_digital-image.png?impolicy=s-offers&imwidth=200&output-format=image/webp,,https://shop.rewe.de/productList?search=2832136,,"je 22-WL-Fl , (1 WL = 0.18)",Aktion,"3,99 €","b'Gefahren- / WarnhinweiseAchtungKann allergische Hautreaktionen verursachen. Verursacht schwere Augenreizung. Ist \xc3\xa4rztlicher Rat erforderlich, Verpackung oder Kennzeichnungsetikett bereithalten. Darf nicht in die H\xc3\xa4nde von Kindern gelangen. Schutzhandschuhe/Schutzkleidung/Augenschutz/Gesichtsschutz tragen. BEI BER\xc3\x9cHRUNG MIT DER HAUT: Mit viel Wasser waschen. BEI KONTAKT MIT DEN AUGEN: Einige Minuten lang behutsam mit Wasser sp\xc3\xbclen. Eventuell vorhandene Kontaktlinsen nach M\xc3\xb6glichkeit entfernen. Weiter sp\xc3\xbclen. Bei anhaltender Augenreizung: \xc3\x84rztlichen Rat einholen/\xc3\xa4rztliche Hilfe hinzuziehen. Inhalt/Beh\xc3\xa4lter gem\xc3\xa4\xc3\x9f nationalen Vorschriften der Entsorgung zuf\xc3\xbchren. ProduktbeschreibungArtikelnummer 8907195ArtikeldetailsMarke: SpeeUrsprungsland: DeutschlandKontaktKontaktname: Henkel AG & Co. KGaAKontaktadresse: D-40191 D\xc3\xbcsseldorfMaximale Bestellmenge: 15 St\xc3\xbcckF\xc3\xbcr die vorstehenden Angaben wird keine Haftung \xc3\xbcbernommen. Bitte pr\xc3\xbcfen Sie im Einzelfall die Angaben auf der jeweiligen Produktverpackung, nur diese sind verbindlich.Das Produktdesign kann von der Abbildung abweichen.'",Ladenburger Str. 68,Rewe,Haushalt,2023-07-09,"Gültig ab morgen bis Samstag, 15.07.2023"
Febreze Bad Lufterfrischer,https://img.rewe-static.de/KLEIN28_2023/7667920/37775438-3_digital-image.png?impolicy=s-offers&imwidth=200&output-format=image/webp,,https://shop.rewe.de/productList?search=2832136,,"Vanille , je 15-ml-Pckg , (1 l = 332.67)",Aktion,"4,99 €",nan,Ladenburger Str. 68,Rewe,Haushalt,2023-07-09,"Gültig ab morgen bis Samstag, 15.07.2023"
Somat Allin1 Geschirrreingertabs,https://img.rewe-static.de/KLEIN28_2023/8866769/38621807-5_digital-image.png?impolicy=s-offers&imwidth=200&output-format=image/webp,,https://shop.rewe.de/productList?search=2832136,,"je 25-Tab-Pckg , (1 Tab = 0.18)",Aktion,"4,49 €","b'Gefahren- / WarnhinweiseAchtungVerursacht schwere Augenreizung. Ist \xc3\xa4rztlicher Rat erforderlich, Verpackung oder Kennzeichnungsetikett bereithalten. Darf nicht in die H\xc3\xa4nde von Kindern gelangen. Schutzhandschuhe/Schutzkleidung/Augenschutz/Gesichtsschutz tragen. BEI KONTAKT MIT DEN AUGEN: Einige Minuten lang behutsam mit Wasser sp\xc3\xbclen. Eventuell vorhandene Kontaktlinsen nach M\xc3\xb6glichkeit entfernen. Weiter sp\xc3\xbclen. Bei anhaltender Augenreizung: \xc3\x84rztlichen Rat einholen/\xc3\xa4rztliche Hilfe hinzuziehen. ProduktbeschreibungArtikelnummer 8866769ArtikeldetailsMarke: SomatUrsprungsland: DeutschlandKontaktKontaktname: Henkel Wasch- und Reinigungsmittel GmbHKontaktadresse: D-40191 D\xc3\xbcsseldorfMaximale Bestellmenge: 15 St\xc3\xbcckF\xc3\xbcr die vorstehenden Angaben wird keine Haftung \xc3\xbcbernommen. Bitte pr\xc3\xbcfen Sie im Einzelfall die Angaben auf der jeweiligen Produktverpackung, nur diese sind verbindlich.Das Produktdesign kann von der Abbildung abweichen.'",Ladenburger Str. 68,Rewe,Haushalt,2023-07-09,"Gültig ab morgen bis Samstag, 15.07.2023"
Somat Classic Geschirrreinigertabs,https://img.rewe-static.de/KLEIN28_2023/8867064/38620868-4_digital-image.png?impolicy=s-offers&imwidth=200&output-format=image/webp,,https://shop.rewe.de/productList?search=2832136,,"je 36-Tab-Pckg , (1 Tab = 0.12)",Aktion,"4,49 €","b'Gefahren- / WarnhinweiseAchtungVerursacht schwere Augenreizung. Ist \xc3\xa4rztlicher Rat erforderlich, Verpackung oder Kennzeichnungsetikett bereithalten. Darf nicht in die H\xc3\xa4nde von Kindern gelangen. Schutzhandschuhe/Schutzkleidung/Augenschutz/Gesichtsschutz tragen. BEI KONTAKT MIT DEN AUGEN: Einige Minuten lang behutsam mit Wasser sp\xc3\xbclen. Eventuell vorhandene Kontaktlinsen nach M\xc3\xb6glichkeit entfernen. Weiter sp\xc3\xbclen. Bei anhaltender Augenreizung: \xc3\x84rztlichen Rat einholen/\xc3\xa4rztliche Hilfe hinzuziehen. ProduktbeschreibungArtikelnummer 8867064ArtikeldetailsMarke: SomatUrsprungsland: DeutschlandKontaktKontaktname: Henkel Wasch- und Reinigungsmittel GmbHKontaktadresse: D-40191 D\xc3\xbcsseldorfMaximale Bestellmenge: 15 St\xc3\xbcckF\xc3\xbcr die vorstehenden Angaben wird keine Haftung \xc3\xbcbernommen. Bitte pr\xc3\xbcfen Sie im Einzelfall die Angaben auf der jeweiligen Produktverpackung, nur diese sind verbindlich.Das Produktdesign kann von der Abbildung abweichen.'",Ladenburger Str. 68,Rewe,Haushalt,2023-07-09,"Gültig ab morgen bis Samstag, 15.07.2023"
Toppits Zipper Allzweck-Beutel,https://img.rewe-static.de/KLEIN28_2023/2383028/23889292-18_digital-image.png?impolicy=s-offers&imwidth=200&output-format=image/webp,,https://shop.rewe.de/productList?search=2832136,,"3 Liter , je 8-St.-Pckg",Aktion,"1,79 €","b'ProduktbeschreibungArtikelnummer 2383028Der Zipper von Toppits ist die Allzweckl\xc3\xb6sung im Haushalt. Egal ob zum Frischhalten und Einfrieren von Lebensmitteln oder zum bequemen Transport - der Zipper ist der vielseitige K\xc3\xbcchenhelfer schlechthin. Der patentierte Zipper Rei\xc3\x9fverschluss und der praktische Standboden machen den Zipper zu etwas ganz besonderem. \n\nInhalt: 8 Beutel. Ma\xc3\x9fe: 25,4cm L\xc3\xa4nge / 27cm Breite. Die Toppits\xc2\xae Zipper\xc2\xae Beutel sind die Allrounder f\xc3\xbcr zuhause und unterwegs. Dank ihres Rei\xc3\x9fverschlusses halten sie absolut dicht und schlie\xc3\x9fen mit dem typischen ZZZiip Ger\xc3\xa4usch. Ihre hochwertige Spezialfolie ist besonders rei\xc3\x9ffest und wasserdicht. Die wiederverschlie\xc3\x9fbaren Zipper\xc2\xae  Beutel sind mehrfach und universell einsetzbar - ob zum Einfrieren und Frischhalten von Lebensmitteln oder zum sicheren und bequemen Aufbewahren, Sortieren und Transportieren kleinerer Gegenst\xc3\xa4nde aller Art und d\xc3\xbcrfen sogar in der Sp\xc3\xbclmaschine gereinigt werden.HinweiseInformation: Kein Spielzeug! Von Kindern fernhalten - ErstickungsgefahrArtikeldetailsMarke: ToppitsUrsprungsland: PolenKontaktKontaktname: Cofresco Frischhalteprodukte GmbH & Co. KGKontaktadresse: Ringstrasse 99, 32427 MindenMaximale Bestellmenge: 15 St\xc3\xbcckF\xc3\xbcr die vorstehenden Angaben wird keine Haftung \xc3\xbcbernommen. Bitte pr\xc3\xbcfen Sie im Einzelfall die Angaben auf der jeweiligen Produktverpackung, nur diese sind verbindlich.Das Produktdesign kann von der Abbildung abweichen.'",Ladenburger Str. 68,Rewe,Haushalt,2023-07-09,"Gültig ab morgen bis Samstag, 15.07.2023"
Toppits Zipper Allzweck-Beutel,https://img.rewe-static.de/KLEIN28_2023/2383024/23889433-20_digital-image.png?impolicy=s-offers&imwidth=200&output-format=image/webp,,https://shop.rewe.de/productList?search=2832136,,"1 Liter , je 12-St.-Pckg",Aktion,"1,79 €","b'ProduktbeschreibungArtikelnummer 2383024Der Zipper von Toppits ist die Allzweckl\xc3\xb6sung im Haushalt. Egal ob zum Frischhalten und Einfrieren von Lebensmitteln oder zum bequemen Transport - der Zipper ist der vielseitige K\xc3\xbcchenhelfer schlechthin. Der patentierte Zipper Rei\xc3\x9fverschluss und der praktische Standboden machen den Zipper zu etwas ganz besonderem. \nInhalt: 12 Beutel. Ma\xc3\x9fe: 20,5cm Breite / 16,2cm L\xc3\xa4nge. Die Toppits\xc2\xae Zipper\xc2\xae Beutel sind die Allrounder f\xc3\xbcr zuhause und unterwegs. Dank ihres Rei\xc3\x9fverschlusses halten sie absolut dicht und schlie\xc3\x9fen mit dem typischen ZZZiip Ger\xc3\xa4usch. Ihre hochwertige Spezialfolie ist besonders rei\xc3\x9ffest und wasserdicht. Die wiederverschlie\xc3\x9fbaren Zipper\xc2\xae  Beutel sind mehrfach und universell einsetzbar - ob zum Einfrieren und Frischhalten von Lebensmitteln oder zum sicheren und bequemen Aufbewahren, Sortieren und Transportieren kleinerer Gegenst\xc3\xa4nde aller Art und d\xc3\xbcrfen sogar in der Sp\xc3\xbclmaschine gereinigt werden.HinweiseInformation: Kein Spielzeug! Von Kindern fernhalten \xe2\x80\x93 Erstickungsgefahr!ArtikeldetailsMarke: ToppitsUrsprungsland: PolenKontaktKontaktname: Cofresco Frischhalteprodukte GmbH & Co. KGKontaktadresse: Ringstrasse 99, 32427 MindenMaximale Bestellmenge: 15 St\xc3\xbcckF\xc3\xbcr die vorstehenden Angaben wird keine Haftung \xc3\xbcbernommen. Bitte pr\xc3\xbcfen Sie im Einzelfall die Angaben auf der jeweiligen Produktverpackung, nur diese sind verbindlich.Das Produktdesign kann von der Abbildung abweichen.'",Ladenburger Str. 68,Rewe,Haushalt,2023-07-09,"Gültig ab morgen bis Samstag, 15.07.2023"
Der General Allzweckreiniger,https://img.rewe-static.de/KLEIN28_2023/2440649/32569301-7_digital-image.png?impolicy=s-offers&imwidth=200&output-format=image/webp,,https://shop.rewe.de/productList?search=2832136,,"Bergfrühling , je 750-ml-Fl , (1 l = 2.12)",Aktion,"1,59 €","b'Gefahren- / WarnhinweiseEnth\xc3\xa4lt POLYETHERPOLYPHOSPHAT. Kann allergische Reaktionen\r\nhervorrufen.ProduktbeschreibungArtikelnummer 2440649\xe2\x80\xa2Repair und Refresh Effekt \xe2\x80\x93 DER GENERAL f\xc3\xbcllt wirksam kleinste Kratzer und Besch\xc3\xa4digungen auf und sorgt f\xc3\xbcr langanhaltenden Glanz und Frische auf den behandelten Oberfl\xc3\xa4chen \n \n\xe2\x80\xa2Ideale Reinigung \xe2\x80\x93 DER GENERAL Universalreiniger beseitigt hartn\xc3\xa4ckigen Schmutz und Fett wie bew\xc3\xa4hrt leicht und gr\xc3\xbcndlich \n \n\xe2\x80\xa2Langanhaltende Frische - Der typisch frische Duft des Bergfr\xc3\xbchlings sorgt f\xc3\xbcr ein langanhaltendes Dufterlebnis, auch noch lange nach dem Putzen \n \n\xe2\x80\xa2Schnelle Trocknung und Strahlender Glanz \xe2\x80\x93 DER GENERAL Universalreiniger trocknet schnell und sorgt f\xc3\xbcr ein streifenfreies Ergebnis ohne R\xc3\xbcckst\xc3\xa4nde, damit kein Nachwischen erforderlich ist. \n \n \nDER GENERAL Universalreiniger Bergfr\xc3\xbchling beseitigt sowohl hartn\xc3\xa4ckigen Schmutz als auch Fett bew\xc3\xa4hrt leicht und gr\xc3\xbcndlich und sorgt f\xc3\xbcr strahlenden Glanz auf allen Oberfl\xc3\xa4chen. Gl\xc3\xa4nzendes Ergebnis auf allen feucht abwischbaren Oberfl\xc3\xa4chen schon nach dem ersten Wisch.Der typisch frische Fr\xc3\xbchlingsduft wie in den Bergen bereitet ein lang anhaltendes Dufterlebnis noch lange nach dem Putzen.... mehr anzeigenArtikeldetailsMarke: Der GeneralUrsprungsland: DeutschlandKontaktKontaktname: Henkel Wasch- und Reinigungsmittel GmbHKontaktadresse: D-40191 D\xc3\xbcsseldorfMaximale Bestellmenge: 15 St\xc3\xbcckF\xc3\xbcr die vorstehenden Angaben wird keine Haftung \xc3\xbcbernommen. Bitte pr\xc3\xbcfen Sie im Einzelfall die Angaben auf der jeweiligen Produktverpackung, nur diese sind verbindlich.Das Produktdesign kann von der Abbildung abweichen.'",Ladenburger Str. 68,Rewe,Haushalt,2023-07-09,"Gültig ab morgen bis Samstag, 15.07.2023"
Perwoll Renew Schwarz Waschmittel,https://img.rewe-static.de/KLEIN28_2023/7725449/38485168-5_digital-image.png?impolicy=s-offers&imwidth=200&output-format=image/webp,,https://shop.rewe.de/productList?search=2832136,,"je 25-WL-Fl , (1 WL = 0.17)",Aktion,"4,29 €","b'Gefahren- / WarnhinweiseAchtungVerursacht schwere Augenreizung. Kann allergische Hautreaktionen verursachen. Ist \xc3\xa4rztlicher Rat erforderlich, Verpackung oder Kennzeichnungsetikett bereithalten. Darf nicht in die H\xc3\xa4nde von Kindern gelangen. Schutzhandschuhe/Schutzkleidung/Augenschutz/Gesichtsschutz tragen. BEI BER\xc3\x9cHRUNG MIT DER HAUT: Mit viel Wasser waschen. BEI KONTAKT MIT DEN AUGEN: Einige Minuten lang behutsam mit Wasser sp\xc3\xbclen. Eventuell vorhandene Kontaktlinsen nach M\xc3\xb6glichkeit entfernen. Weiter sp\xc3\xbclen. Bei anhaltender Augenreizung: \xc3\x84rztlichen Rat einholen/\xc3\xa4rztliche Hilfe hinzuziehen. Inhalt/Beh\xc3\xa4lter gem\xc3\xa4\xc3\x9f nationalen Vorschriften der Entsorgung zuf\xc3\xbchren.ProduktbeschreibungArtikelnummer 7725449ArtikeldetailsMarke: PerwollUrsprungsland: DeutschlandKontaktKontaktname: Henkel Wasch- und Reinigungsmittel GmbHKontaktadresse: D-40191 D\xc3\xbcsseldorfMaximale Bestellmenge: 15 St\xc3\xbcckF\xc3\xbcr die vorstehenden Angaben wird keine Haftung \xc3\xbcbernommen. Bitte pr\xc3\xbcfen Sie im Einzelfall die Angaben auf der jeweiligen Produktverpackung, nur diese sind verbindlich.Das Produktdesign kann von der Abbildung abweichen.'",Ladenburger Str. 68,Rewe,Haushalt,2023-07-09,"Gültig ab morgen bis Samstag, 15.07.2023"
Perwoll Renew Wolle & Feines Waschmittel,https://img.rewe-static.de/KLEIN28_2023/8867091/38485180-5_digital-image.png?impolicy=s-offers&imwidth=200&output-format=image/webp,,https://shop.rewe.de/productList?search=2832136,,"je 21-WL-Fl , (1 WL = 0.20)",Aktion,"4,29 €","b'Gefahren- / WarnhinweiseAchtungVerursacht schwere Augenreizung. Kann allergische Hautreaktionen verursachen.  Ist \xc3\xa4rztlicher Rat erforderlich, Verpackung oder Kennzeichnungsetikett bereithalten. Darf nicht in die H\xc3\xa4nde von Kindern gelangen. Schutzhandschuhe/Schutzkleidung/Augenschutz/Gesichtsschutz tragen. BEI BER\xc3\x9cHRUNG MIT DER HAUT: Mit viel Wasser waschen. BEI KONTAKT MIT DEN AUGEN: Einige Minuten lang behutsam mit Wasser sp\xc3\xbclen. Eventuell vorhandene Kontaktlinsen nach M\xc3\xb6glichkeit entfernen. Weiter sp\xc3\xbclen. Bei anhaltender Augenreizung: \xc3\x84rztlichen Rat einholen/\xc3\xa4rztliche Hilfe hinzuziehen. Inhalt/Beh\xc3\xa4lter gem\xc3\xa4\xc3\x9f nationalen Vorschriften der Entsorgung zuf\xc3\xbchren.ProduktbeschreibungArtikelnummer 8867091ArtikeldetailsMarke: PerwollUrsprungsland: DeutschlandKontaktKontaktname: Henkel Wasch- und Reinigungsmittel GmbHKontaktadresse: D-40191 D\xc3\xbcsseldorfMaximale Bestellmenge: 15 St\xc3\xbcckF\xc3\xbcr die vorstehenden Angaben wird keine Haftung \xc3\xbcbernommen. Bitte pr\xc3\xbcfen Sie im Einzelfall die Angaben auf der jeweiligen Produktverpackung, nur diese sind verbindlich.Das Produktdesign kann von der Abbildung abweichen.'",Ladenburger Str. 68,Rewe,Haushalt,2023-07-09,"Gültig ab morgen bis Samstag, 15.07.2023"
Love Nature Colorwaschmittel flüssig,https://img.rewe-static.de/KLEIN28_2023/7778383/36786099-8_digital-image.png?impolicy=s-offers&imwidth=200&output-format=image/webp,,https://shop.rewe.de/productList?search=2832136,,"je 20-WL-Fl , (1 WL = 0.21)",Aktion,"4,29 €","b'Gefahren- / WarnhinweiseGefahrVerursacht Hautreizungen. Verursacht schwere Augensch\xc3\xa4den. Ist \xc3\xa4rztlicher Rat erforderlich, Verpackung oder Kennzeichnungsetikett bereithalten. Darf nicht in die H\xc3\xa4nde von Kindern gelangen. Schutzhandschuhe/Schutzkleidung/Augenschutz/Gesichtsschutz tragen. BEI BER\xc3\x9cHRUNG MIT DER HAUT: Mit viel Wasser waschen. BEI KONTAKT MIT DEN AUGEN: Einige Minuten lang behutsam mit Wasser sp\xc3\xbclen. Eventuell vorhandene Kontaktlinsen nach M\xc3\xb6glichkeit entfernen. Weiter sp\xc3\xbclen. Sofort GIFTINFORMATIONSZENTRUM oder Arzt anrufen. ProduktbeschreibungArtikelnummer 7778383Inhaltsstoffe: 5-15%: anionische Tenside, nichtionische Tenside, Seife. Weitere Inhaltsstoffe: Duftstoffe, Konservierungsmittel (Benzisothiazolinone, Phenoxyethanol), Enzyme (Amylase, Subtilisin, Lipase, Cellulase, Mannanase). ArtikeldetailsMarke: Love NatureUrsprungsland: DeutschlandKontaktKontaktname: Love Nature GmbHKontaktadresse: Niederheider Stra\xc3\x9fe 22. 40589 D\xc3\xbcsseldorfMaximale Bestellmenge: 15 St\xc3\xbcckF\xc3\xbcr die vorstehenden Angaben wird keine Haftung \xc3\xbcbernommen. Bitte pr\xc3\xbcfen Sie im Einzelfall die Angaben auf der jeweiligen Produktverpackung, nur diese sind verbindlich.Das Produktdesign kann von der Abbildung abweichen.'",Ladenburger Str. 68,Rewe,Haushalt,2023-07-09,"Gültig ab morgen bis Samstag, 15.07.2023"
Pril Geschirrspülmittel,https://img.rewe-static.de/KLEIN28_2023/7984180/32682384-2_digital-image.png?impolicy=s-offers&imwidth=200&output-format=image/webp,,https://shop.rewe.de/productList?search=2832136,,"Original , je 675-ml-Fl , (1 l = 2.21)",Aktion,"1,49 €","b'Gefahren- / WarnhinweiseAchtungKann allergische Hautreaktionen verursachen. Verursacht schwere Augenreizung. Sch\xc3\xa4dlich f\xc3\xbcr Wasserorganismen, mit langfristiger Wirkung.Ist \xc3\xa4rztlicher Rat erforderlich, Verpackung oder Kennzeichnungsetikett bereithalten. Darf nicht in die H\xc3\xa4nde von Kindern gelangen. BEI KONTAKT MIT DEN AUGEN: Einige Minuten lang behutsam mit Wasser sp\xc3\xbclen. Eventuell vorhandene Kontaktlinsen nach M\xc3\xb6glichkeit entfernen. Weiter sp\xc3\xbclen. Bei anhaltender Augenreizung: \xc3\x84rztlichen Rat einholen/\xc3\xa4rztliche Hilfe hinzuziehen. Inhalt/Beh\xc3\xa4lter gem\xc3\xa4\xc3\x9f nationalen Vorschriften der Entsorgung zuf\xc3\xbchren.ProduktbeschreibungArtikelnummer 7984180Inhaltsstoffe: 5-15%: anionische Tenside, <5%: nichtionische Tenside. Weitere Inhaltsstoffe: Konservierungsmittel (Methylisothiazolinone, Benzisothiazolinone), Duftstoffe (Limonene), Enzyme. ArtikeldetailsMarke: PrilUrsprungsland: DeutschlandKontaktKontaktname: Henkel Wasch- und Reinigungsmittel GmbHKontaktadresse: D-40191 D\xc3\xbcsseldorfMaximale Bestellmenge: 15 St\xc3\xbcckF\xc3\xbcr die vorstehenden Angaben wird keine Haftung \xc3\xbcbernommen. Bitte pr\xc3\xbcfen Sie im Einzelfall die Angaben auf der jeweiligen Produktverpackung, nur diese sind verbindlich.Das Produktdesign kann von der Abbildung abweichen.'",Ladenburger Str. 68,Rewe,Haushalt,2023-07-09,"Gültig ab morgen bis Samstag, 15.07.2023"
Spee Power Caps Colorwaschmittel,https://img.rewe-static.de/KLEIN28_2023/8904688/38802581-5_digital-image.png?impolicy=s-offers&imwidth=200&output-format=image/webp,,https://shop.rewe.de/productList?search=2832136,,"je 18-WL-Pckg , (1 WL = 0.22)",Aktion,"3,99 €","b'Gefahren- / WarnhinweiseAchtungVerursacht Hautreizungen. Verursacht schwere Augenreizung. Sch\xc3\xa4dlich f\xc3\xbcr Wasserorganismen, mit langfristiger Wirkung. Enth\xc3\xa4lt Subtilisin. Kann allergische Reaktionen hervorrufen. Ist \xc3\xa4rztlicher Rat erforderlich, Verpackung oder Kennzeichnungsetikett bereithalten. Darf nicht in die H\xc3\xa4nde von Kindern gelangen. BEI BER\xc3\x9cHRUNG MIT DER HAUT: Mit viel Wasser waschen. BEI KONTAKT MIT DEN AUGEN: Einige Minuten lang behutsam mit Wasser sp\xc3\xbclen. Eventuell vorhandene Kontaktlinsen nach M\xc3\xb6glichkeit entfernen. Weiter sp\xc3\xbclen. Bei anhaltender Augenreizung: \xc3\x84rztlichen Rat einholen/\xc3\xa4rztliche Hilfe hinzuziehen. BEI VERSCHLUCKEN: Mund aussp\xc3\xbclen. KEIN Erbrechen herbeif\xc3\xbchren. Sofort GIFTINFORMATIONSZENTRUM/Arzt anrufen. Inhalt/Beh\xc3\xa4lter gem\xc3\xa4\xc3\x9f nationalen Vorschriften der Entsorgung zuf\xc3\xbchren.ProduktbeschreibungArtikelnummer 8904688ArtikeldetailsMarke: SpeeUrsprungsland: UngarnKontaktKontaktname: Henkel AG & Co. KGaAKontaktadresse: D-40191 D\xc3\xbcsseldorfMaximale Bestellmenge: 15 St\xc3\xbcckF\xc3\xbcr die vorstehenden Angaben wird keine Haftung \xc3\xbcbernommen. Bitte pr\xc3\xbcfen Sie im Einzelfall die Angaben auf der jeweiligen Produktverpackung, nur diese sind verbindlich.Das Produktdesign kann von der Abbildung abweichen.'",Ladenburger Str. 68,Rewe,Haushalt,2023-07-09,"Gültig ab morgen bis Samstag, 15.07.2023"
Pril Geschirrspülmittel,https://img.rewe-static.de/KLEIN28_2023/8430871/30955216-20_digital-image.png?impolicy=s-offers&imwidth=200&output-format=image/webp,,https://shop.rewe.de/productList?search=2832136,,"Sensitive Aloe Vera , je 450-ml-Fl , (1 l = 3.31)",Aktion,"1,49 €","b'Gefahren- / WarnhinweiseAchtungVerursacht schwere Augenreizung.Ist \xc3\xa4rztlicher Rat erforderlich, Verpackung oder Kennzeichnungsetikett bereithalten. Darf nicht in die H\xc3\xa4nde von Kindern gelangen. BEI KONTAKT MIT DEN AUGEN: Einige Minuten lang behutsam mit Wasser sp\xc3\xbclen. Eventuell vorhandene Kontaktlinsen nach M\xc3\xb6glichkeit entfernen. Weiter sp\xc3\xbclen. Bei anhaltender Augenreizung: \xc3\x84rztlichen Rat einholen/\xc3\xa4rztliche Hilfe hinzuziehenProduktbeschreibungArtikelnummer 8430871Inhaltsstoffe: 5-15%: anionische Tenside, <5%: amphotere Tenside. Weitere Inhaltsstoffe: Konservierungsmittel (Benzisothiazolinone, Phenoxyethanol), Duftstoffe. ArtikeldetailsMarke: PrilUrsprungsland: DeutschlandKontaktKontaktname: Henkel Wasch- und Reinigungsmittel GmbHKontaktadresse: D-40191 D\xc3\xbcsseldorfMaximale Bestellmenge: 15 St\xc3\xbcckF\xc3\xbcr die vorstehenden Angaben wird keine Haftung \xc3\xbcbernommen. Bitte pr\xc3\xbcfen Sie im Einzelfall die Angaben auf der jeweiligen Produktverpackung, nur diese sind verbindlich.Das Produktdesign kann von der Abbildung abweichen.'",Ladenburger Str. 68,Rewe,Haushalt,2023-07-09,"Gültig ab morgen bis Samstag, 15.07.2023"
WC Frisch Kraft-Aktiv,https://img.rewe-static.de/KLEIN28_2023/8033644/30582431-9_digital-image.png?impolicy=s-offers&imwidth=200&output-format=image/webp,,https://shop.rewe.de/productList?search=2832136,,"versch. Sorten , je 50-g-Pckg , (1 kg = 33.80)",Aktion,"1,69 €","b'Gefahren- / WarnhinweiseAchtungVerursacht schwere Augenreizung. Verursacht Hautreizungen. Enth\xc3\xa4lt Cineol. Kann allergische Reaktionen hervorrufen. Ist \xc3\xa4rztlicher Rat erforderlich, Verpackung oder Kennzeichnungsetikett bereithalten. Darf nicht in die H\xc3\xa4nde von Kindern gelangen. Schutzhandschuhe/Schutzkleidung/Augenschutz/Gesichtsschutz tragen. BEI BER\xc3\x9cHRUNG MIT DER MAUT: Mit viel Wasser waschen. BEI KONTAKT MIT DEN AUGEN: Einige Minuten lang behutsam mit Wasser sp\xc3\xbclen. Eventuell vorhandene Kontaktlinsen nach M\xc3\xb6glichkeit entfernen. Weiter sp\xc3\xbclen. Bei anhaltender Augenreizung: \xc3\x84rztlichen Rat einholen/\xc3\xa4rztliche Hilfe hinzuziehen. Inhalt/Beh\xc3\xa4lter gem\xc3\xa4\xc3\x9f nationalen Vorschriften der Entsorgung zuf\xc3\xbchren.ProduktbeschreibungArtikelnummer 8033644ArtikeldetailsMarke: WC FrischUrsprungsland: DeutschlandKontaktKontaktname: Henkel Wasch- und Reinigungsmittel GmbHKontaktadresse: D-40191 D\xc3\xbcsseldorfMaximale Bestellmenge: 15 St\xc3\xbcckF\xc3\xbcr die vorstehenden Angaben wird keine Haftung \xc3\xbcbernommen. Bitte pr\xc3\xbcfen Sie im Einzelfall die Angaben auf der jeweiligen Produktverpackung, nur diese sind verbindlich.Das Produktdesign kann von der Abbildung abweichen.'",Ladenburger Str. 68,Rewe,Haushalt,2023-07-09,"Gültig ab morgen bis Samstag, 15.07.2023"
Sil Fleckenspray,https://img.rewe-static.de/KLEIN28_2023/8522595/32524924-7_digital-image.png?impolicy=s-offers&imwidth=200&output-format=image/webp,,https://shop.rewe.de/productList?search=2832136,,"je 500-ml-Fl , (1 l = 5.18)",Aktion,"2,59 €","b'Gefahren- / WarnhinweiseGefahrVerursacht schwere Augensch\xc3\xa4den.Ist \xc3\xa4rztlicher Rat erforderlich, Verpackung oder Kennzeichnungsetikett bereithalten. Darf nicht in die H\xc3\xa4nde von Kindern gelangen. Schutzhandschuhe/Schutzkleidung/Augenschutz/Gesichtsschutz tragen. Nur im Freien oder in gut bel\xc3\xbcfteten R\xc3\xa4umen verwenden. Einatmen von Staub/Rauch/Gas/Nebel/Dampf/Aerosol vermeiden. BEI KONTAKT MIT DEN AUGEN: Einige Minuten lang behutsam mit Wasser sp\xc3\xbclen. Eventuell vorhandene Kontaktlinsen nach M\xc3\xb6glichkeit entfernen. Weiter sp\xc3\xbclen. Sofort GIFTINFORMATIONSZENTRUM/Arzt anrufen. ProduktbeschreibungArtikelnummer 8522595Inhaltsstoffe: 5-15%: anionische Tenside, <5%: nichtionische Tenside.\nWeitere Inhaltsstoffe: Duftstoffe. ArtikeldetailsMarke: SilUrsprungsland: DeutschlandKontaktKontaktname: Henkel Wasch- und Reinigungsmittel GmbHKontaktadresse: D-40191 D\xc3\xbcsseldorfMaximale Bestellmenge: 15 St\xc3\xbcckF\xc3\xbcr die vorstehenden Angaben wird keine Haftung \xc3\xbcbernommen. Bitte pr\xc3\xbcfen Sie im Einzelfall die Angaben auf der jeweiligen Produktverpackung, nur diese sind verbindlich.Das Produktdesign kann von der Abbildung abweichen.'",Ladenburger Str. 68,Rewe,Haushalt,2023-07-09,"Gültig ab morgen bis Samstag, 15.07.2023"
Palmolive Flüssigseife,https://img.rewe-static.de/KLEIN28_2023/1227889/27384433-26_digital-image.png?impolicy=s-offers&imwidth=200&output-format=image/webp,,https://shop.rewe.de/productList?search=2832136,,"versch. Sorten , je 300-ml-Spender , (1 l = 3.30)",Aktion,"0,99 €","b'ProduktbeschreibungArtikelnummer 1227889Palmolive Hygiene-Plus Sensitive Fl\xc3\xbcssigseife enth\xc3\xa4lt Aloe-Vera-Extrakt und einen nat\xc3\xbcrlichen, antibakteriellen Wirkstoff. Die milde Formel, auch f\xc3\xbcr sensible Haut geeignet, reinigt Ihre H\xc3\xa4nde sanft und hygienisch. Hautvertr\xc3\xa4glichkeit dermatologisch getestet. ArtikeldetailsMarke: PalmoliveUrsprungsland: FrankreichKontaktKontaktname: Colgate Palmolive GABA GmbHKontaktadresse: Beim Strohhause 17 Hamburg 20097Maximale Bestellmenge: 15 St\xc3\xbcckF\xc3\xbcr die vorstehenden Angaben wird keine Haftung \xc3\xbcbernommen. Bitte pr\xc3\xbcfen Sie im Einzelfall die Angaben auf der jeweiligen Produktverpackung, nur diese sind verbindlich.Das Produktdesign kann von der Abbildung abweichen.'",Ladenburger Str. 68,Rewe,Drogerie,2023-07-09,"Gültig ab morgen bis Samstag, 15.07.2023"
Elvital Spülung,https://img.rewe-static.de/KLEIN28_2023/3233160/26208077-16_digital-image.png?impolicy=s-offers&imwidth=200&output-format=image/webp,,https://shop.rewe.de/productList?search=2832136,,"Color , je 250-ml-Fl , (1 l = 11.96)",Aktion,"2,99 €","b""Gefahren- / WarnhinweiseBei Kontakt mit den Augen diese gr\xc3\xbcndlich aussp\xc3\xbclen.ProduktbeschreibungArtikelnummer 3233160Die Sp\xc3\xbclung ist die ideale Erg\xc3\xa4nzung zum Color-Glanz Shampoo von Elvital. Die Haarfarbe wird gesch\xc3\xbctzt und ihr wird zu l\xc3\xa4ngerer Leuchtkraft verholfen. F\xc3\xbcr mehr Farbintensit\xc3\xa4t und Farbtreue bis zu zehn Wochen.Inhaltsstoffe1217072 B - INGREDIENTS:  AQUA / WATER \xe2\x80\xa2 CETEARYL ALCOHOL \xe2\x80\xa2 BEHENTRIMONIUM CHLORIDE \xe2\x80\xa2 CETYL ESTERS \xe2\x80\xa2 COCOS NUCIFERA OIL / COCONUT OIL \xe2\x80\xa2 SODIUM BENZOATE \xe2\x80\xa2 PHENOXYETHANOL \xe2\x80\xa2 PAEONIA OFFICINALIS FLOWER EXTRACT \xe2\x80\xa2 ETHYLHEXYL SALICYLATE \xe2\x80\xa2 TRIDECETH-6 \xe2\x80\xa2 CHLORHEXIDINE DIGLUCONATE \xe2\x80\xa2 BENZYL ALCOHOL \xe2\x80\xa2 BENZYL SALICYLATE \xe2\x80\xa2 LINALOOL \xe2\x80\xa2 AMODIMETHICONE \xe2\x80\xa2 ISOPROPYL ALCOHOL \xe2\x80\xa2 ALPHA-ISOMETHYL IONONE \xe2\x80\xa2 GERANIOL \xe2\x80\xa2 CITRIC ACID \xe2\x80\xa2 POTASSIUM HYDROXIDE \xe2\x80\xa2 CITRONELLOL \xe2\x80\xa2 CETRIMONIUM CHLORIDE \xe2\x80\xa2 POTASSIUM SORBATE \xe2\x80\xa2 HEXYL CINNAMAL \xe2\x80\xa2 GLYCERIN \xe2\x80\xa2 PARFUM / FRAGRANCE (F.I.L. C259456/1).HinweiseInformation: Bei Kontakt mit den Augen diese gr\xc3\xbcndlich aussp\xc3\xbclen.ArtikeldetailsMarke: L'Or\xc3\xa9al ParisUrsprungsland: Elfenbeink\xc3\xbcsteSorte: Color GlanzLaufzeit nach \xc3\x96ffnen: 12 MonateKontaktKontaktname: L'Or\xc3\xa9al Deutschland GmbHKontaktadresse: TSA 75000 93684 ST OUEN CEDEX FRMaximale Bestellmenge: 15 St\xc3\xbcckF\xc3\xbcr die vorstehenden Angaben wird keine Haftung \xc3\xbcbernommen. Bitte pr\xc3\xbcfen Sie im Einzelfall die Angaben auf der jeweiligen Produktverpackung, nur diese sind verbindlich.Das Produktdesign kann von der Abbildung abweichen.""",Ladenburger Str. 68,Rewe,Drogerie,2023-07-09,"Gültig ab morgen bis Samstag, 15.07.2023"
Elvital Shampoo,https://img.rewe-static.de/KLEIN28_2023/2789935/25113040-23_digital-image.png?impolicy=s-offers&imwidth=200&output-format=image/webp,,https://shop.rewe.de/productList?search=2832136,,"Color , je 300-ml-Fl , (1 l = 9.97)",Aktion,"2,99 €","b""Gefahren- / WarnhinweiseBei Kontakt mit den Augen diese gr\xc3\xbcndlich aussp\xc3\xbclen.ProduktbeschreibungArtikelnummer 2789935L'Or\xc3\xa9al Paris Elvital Color-Glanz Pflege-Shampoo pflegt coloriertes Haar und erh\xc3\xa4lt die Leuchtkraft der Farbe. Coloriertes, get\xc3\xb6ntes oder gestr\xc3\xa4hntes\xc2\xa0 Haar ist besonders sensibel gegen\xc3\xbcber \xc3\xa4u\xc3\x9feren Einfl\xc3\xbcssen. So f\xc3\xbchren z. B. regelm\xc3\xa4\xc3\x9figes Haare-Waschen oder UV-Strahlen dazu, dass die Farbe verblasst, sich ver\xc3\xa4ndert und schnell an Leuchtkraft und Farbintensit\xc3\xa4t verliert. Das L'Oreal Paris Elvital Color-Glanz Pflege-Shampoo sch\xc3\xbctzt die Sch\xc3\xb6nheit der Haarfarbe mit einer besonderen 3-fach-Wirkung: Intensiver Farbschutz\nSchutz vor UV-bedingtem Ausbleichen\nVerl\xc3\xa4ngerte LeuchtkraftInhaltsstoffe1199588 C - INGREDIENTS:  AQUA / WATER \xe2\x80\xa2 SODIUM LAURETH SULFATE \xe2\x80\xa2 DIMETHICONE \xe2\x80\xa2 COCO-BETAINE \xe2\x80\xa2 SODIUM CHLORIDE \xe2\x80\xa2 GLYCOL DISTEARATE \xe2\x80\xa2 GUAR HYDROXYPROPYLTRIMONIUM CHLORIDE \xe2\x80\xa2 COCAMIDE MIPA \xe2\x80\xa2 COCOS NUCIFERA OIL / COCONUT OIL \xe2\x80\xa2 SODIUM BENZOATE \xe2\x80\xa2 SODIUM HYDROXIDE \xe2\x80\xa2 PAEONIA OFFICINALIS FLOWER EXTRACT \xe2\x80\xa2 ETHYLHEXYL SALICYLATE \xe2\x80\xa2 SALICYLIC ACID \xe2\x80\xa2 FUMARIC ACID \xe2\x80\xa2 BENZYL ALCOHOL \xe2\x80\xa2 BENZYL SALICYLATE \xe2\x80\xa2 LINALOOL \xe2\x80\xa2 ALPHA-ISOMETHYL IONONE \xe2\x80\xa2 CARBOMER \xe2\x80\xa2 GERANIOL \xe2\x80\xa2 CITRIC ACID \xe2\x80\xa2 CITRONELLOL \xe2\x80\xa2 POTASSIUM SORBATE \xe2\x80\xa2 HEXYLENE GLYCOL \xe2\x80\xa2 HEXYL CINNAMAL \xe2\x80\xa2 GLYCERIN \xe2\x80\xa2 PARFUM / FRAGRANCE (F.I.L. C259250/1).HinweiseInformation: Bei Kontakt mit den Augen diese sofort gr\xc3\xbcndlich aussp\xc3\xbclen.ArtikeldetailsMarke: L'Or\xc3\xa9al ParisUrsprungsland: GeorgienSorte: Color GlanzLaufzeit nach \xc3\x96ffnen: 12 MonateKontaktKontaktname: L'Or\xc3\xa9al Deutschland GmbHKontaktadresse: TSA 75000 93684 ST OUEN CEDEX FRMaximale Bestellmenge: 15 St\xc3\xbcckF\xc3\xbcr die vorstehenden Angaben wird keine Haftung \xc3\xbcbernommen. Bitte pr\xc3\xbcfen Sie im Einzelfall die Angaben auf der jeweiligen Produktverpackung, nur diese sind verbindlich.Das Produktdesign kann von der Abbildung abweichen.""",Ladenburger Str. 68,Rewe,Drogerie,2023-07-09,"Gültig ab morgen bis Samstag, 15.07.2023"
Axe Duschgel,https://img.rewe-static.de/KLEIN28_2023/9157379/27629412-14_digital-image.png?impolicy=s-offers&imwidth=200&output-format=image/webp,,https://shop.rewe.de/productList?search=2832136,,"versch. Sorten , je 250-ml-Fl , (1 l = 8.76)",Aktion,"2,19 €","b'ProduktbeschreibungArtikelnummer 9157379\xe2\x80\xa2 AXE Duschgel Alaska f\xc3\xbcr M\xc3\xa4nner sorgt f\xc3\xbcr eine intensive Pflege \n\xe2\x80\xa2 Verbesserte Formulierung dank 12h Long-Lasting Fragrance f\xc3\xbcr ein langanhaltendes Duft- und Frischegef\xc3\xbchl auf der Haut \n\xe2\x80\xa2 Ein w\xc3\xbcrzig-maskuliner Duft nach Sandelholz und Amber, kombiniert mit fruchtigen Akkorden. \n\xe2\x80\xa2 Duschgel mit Skin Active Technology: Pflanzenbasierte Pr\xc3\xa4biotika, die gute Hautbakterien f\xc3\xb6rdern und geruchsbildende Hautbakterien reduzieren, sorgen f\xc3\xbcr weniger K\xc3\xb6rpergeruch und mehr AXE-Duft \n\xe2\x80\xa2 Das Duschgel ist pH-hautneutral, dermatologisch getestet und enth\xc3\xa4lt 5x mehr Feuchtigkeitsspender \xe2\x80\x93 f\xc3\xbcr die beste AXE-Pflege \n\xe2\x80\xa2 Dieses M\xc3\xa4nnerduschgel kombiniert Nat\xc3\xbcrlichkeit mit einer sportlichen, selbstbewussten Note... mehr anzeigenEin gro\xc3\x9fartiger Tag beginnt mit einer gro\xc3\x9fartigen Dusche und es ist nicht egal, welches Duschgel M\xc3\xa4nner verwenden. Denn Duschgele gibt es viele. Aber nur das AXE Duschgel Alaska verbindet Nat\xc3\xbcrlichkeit mit einer sportlichen, selbstbewussten Note. Das Bodywash verleiht einen w\xc3\xbcrzig-maskulinen Duft nach Sandelholz und Amber, kombiniert mit fruchtigen Akkorden. Ein arktisch-k\xc3\xbchler Duft aus \xc3\x96len von Grapefruit und Bergamotte mit den fruchtigen Noten von Melone und Ananas, der erfrischt und neue Energie gibt.\n\nDoch nicht nur das: Das Duschgel von AXE enth\xc3\xa4lt die neue Skin Active Technology: Das sind pflanzenbasierte Pr\xc3\xa4biotika, die gute Hautbakterien f\xc3\xb6rdern und geruchsbildende Hautbakterien reduzieren. Die Folge: weniger K\xc3\xb6rpergeruch, mehr AXE-Duft. Au\xc3\x9ferdem enth\xc3\xa4lt es 5x mehr Feuchtigkeitsspender \xe2\x80\x93 f\xc3\xbcr die beste AXE-Pflege. Das Dusch Gel ist zudem ph-hautneutral und dermatologisch getestet. \n\nAnwendung: Die trockene Haut unter der Dusche befeuchten, die Bodywash in den H\xc3\xa4nden verteilen. K\xc3\xb6rper einsch\xc3\xa4umen. Gr\xc3\xbcndlich absp\xc3\xbclen. Sauber f\xc3\xbchlen. Gut duften. Das AXE Duschgel mit dem 12h Long-Lasting Fragrance \xe2\x80\x93 f\xc3\xbcr ein verbessertes Dufterlebnis unter der Dusche und ein langanhaltendes Duft- und Frischegef\xc3\xbchl auf der Haut.\n\nAXE steht f\xc3\xbcr Nachhaltigkeit \xe2\x80\x93 die Inhaltsstoffe des Duschgels sind zu 87% nat\xc3\xbcrlichen Ursprungs und die Flasche besteht aus 100% recyceltem Plastik (au\xc3\x9fer dem Deckel). \n\nDas AXE Duschgel Alaska passt perfekt zu allen Produkten aus der AXE Alaska Serie, l\xc3\xa4sst sich aber auch mit allen anderen AXE-D\xc3\xbcften kombinieren, sodass man sich voll auf das konzentrieren kann, worauf man Lust hat. AXE Duschgel Alaska \xe2\x80\x93 mit dem sensationellen Duft, der dazu einl\xc3\xa4dt, das Leben in vollen Z\xc3\xbcgen zu genie\xc3\x9fen. \n\nAXE \xe2\x80\x93 The AXE EffectInhaltsstoffeAqua, Sodium Laureth Sulfate, Parfum, Citric Acid, Cocamide MEA, Glycerin, PPG-12, Sodium Benzoate, Sodium Chloride, Sodium Sulfate, Alpha-Isomethyl Ionone, Benzyl Salicylate, Citronellol, Coumarin, Hexyl Cinnamal, Limolene, Linalool, CI 42090.ArtikeldetailsMarke: AxeUrsprungsland: DeutschlandSorte: AlaskaLaufzeit nach \xc3\x96ffnen: 12 MonateKontaktKontaktname: Unilever RAKontaktadresse: 455, 3013 AL, NLMaximale Bestellmenge: 15 St\xc3\xbcckF\xc3\xbcr die vorstehenden Angaben wird keine Haftung \xc3\xbcbernommen. Bitte pr\xc3\xbcfen Sie im Einzelfall die Angaben auf der jeweiligen Produktverpackung, nur diese sind verbindlich.Das Produktdesign kann von der Abbildung abweichen.'",Ladenburger Str. 68,Rewe,Drogerie,2023-07-09,"Gültig ab morgen bis Samstag, 15.07.2023"
Duschdas Duschgel,https://img.rewe-static.de/KLEIN28_2023/8911414/38937664-11_digital-image.png?impolicy=s-offers&imwidth=200&output-format=image/webp,,https://shop.rewe.de/productList?search=2832136,,"versch. Sorten , je 225-ml-Fl , (1 l = 4.40)",Aktion,"0,99 €","b'ProduktbeschreibungArtikelnummer 8911414Mit Duschdas 3-in-1 Duschgel & Shampoo Noire mit Fresh-Energy-Duftformel aktiv und vital in einen erlebnisreichen Tag starten. Der anregend-w\xc3\xbcrzige Duft vermittelt ein Gef\xc3\xbchl purer Lebendigkeit und gibt einem die Energie, die man f\xc3\xbcr einen vollgepackten Tag braucht. Die praktische Kombination aus Duschgel und Shampoo ist anwendbar f\xc3\xbcr K\xc3\xb6rper, Gesicht und Haar und sorgt f\xc3\xbcr erfrischende Momente im Alltag. Das Duschdas Duschgel & Shampoo kommt in der praktischen nachf\xc3\xbcllbaren 225 ml Flasche, die aus 100% recyceltem Plastik** (rPET) besteht und wiederum vollst\xc3\xa4ndig recycelt werden kann. Sie ist standsicher, leicht zu \xc3\xb6ffnen und eignet sich f\xc3\xbcr ein- oder mehrmaliges Nachf\xc3\xbcllen. Durch das bew\xc3\xa4hrte Kopfsteher-Format ist das 3-in-1 Duschbad in der Eco-Flasche sofort einsatzbereit und sorgt dar\xc3\xbcber hinaus f\xc3\xbcr ein Duschdas Duscherlebnis bis zum letzten Tropfen. Das erfrischende Duschgel ist leicht dosierbar, l\xc3\xa4sst sich schnell auf dem K\xc3\xb6rper und Haar aufsch\xc3\xa4umen und leicht absp\xc3\xbclen. Es hinterl\xc3\xa4sst ein frisches und sauberes Gef\xc3\xbchl. Das Duschdas Duschgel & Shampoo ist pH-hautneutral und somit besonders sanft zur Haut. Es eignet sich f\xc3\xbcr die t\xc3\xa4gliche Anwendung. Einfach die trockene Haut und das Haar unter der Dusche anfeuchten, das Duschgel auf Haut und Haar verteilen, einmassieren und absp\xc3\xbclen. Vitalisiert, erfrischt oder belebt \xe2\x80\x93 so l\xc3\xa4sst das Duschgel M\xc3\xa4nner mit positiver Stimmung in den Tag starten.\n\nJetzt auch die weiteren Duschgele von Duschdas entdecken. Als erste Duschgelmarke Deutschlands liefert Duschdas zuverl\xc3\xa4ssig gute Qualit\xc3\xa4t, eine gro\xc3\x9fe Auswahl an inspirierenden D\xc3\xbcften und langanhaltende Frische f\xc3\xbcr alle. Und das mit einer gut biologisch abbaubaren Formel in einer nachhaltigen Verpackung. Schn\xc3\xb6rkellos, zeitlos, bodenst\xc3\xa4ndig, starke Ergebnisse im funktionalen Nutzen. Beim Thema Duschen denken die Leute an Duschdas. Duschdas hinterl\xc3\xa4sst ein erfrischendes Gef\xc3\xbchl und wirkt k\xc3\xb6rperlich und geistig revitalisierend. Hol Dir frische Energie \xe2\x80\x93 mit Duschdas. *Gem\xc3\xa4\xc3\x9f OECD-Methoden **Ohne Kappe und EtikettInhaltsstoffeIngredients: Aqua, Sodium Laureth Sulfate, Sodium Chloride, Cocamidopropyl Betaine, Parfum, Glycerin, Sodium Benzoate, Citric Acid, Sodium Lactate, Tetrasodium EDTA, Alpha-Isomethyl Ionone, Coumarin, Geraniol, Hexyl Cinnamal, Limonene, Linalool, CI 17200,CI 19140.ArtikeldetailsMarke: DuschdasUrsprungsland: DeutschlandLaufzeit nach \xc3\x96ffnen: 12 MonateKontaktKontaktname: Unilever RAKontaktadresse: 455, 3013 AL, NLMaximale Bestellmenge: 15 St\xc3\xbcckF\xc3\xbcr die vorstehenden Angaben wird keine Haftung \xc3\xbcbernommen. Bitte pr\xc3\xbcfen Sie im Einzelfall die Angaben auf der jeweiligen Produktverpackung, nur diese sind verbindlich.Das Produktdesign kann von der Abbildung abweichen.'",Ladenburger Str. 68,Rewe,Drogerie,2023-07-09,"Gültig ab morgen bis Samstag, 15.07.2023"
Pampers Baby Dry Windeln Single Pack,https://img.rewe-static.de/KLEIN28_2023/8688573/35018085-9_digital-image.png?impolicy=s-offers&imwidth=200&output-format=image/webp,,https://shop.rewe.de/productList?search=2832136,,"Maxi Größe 4 , je 30-St.-Pckg",Aktion,"7,99 €",nan,Ladenburger Str. 68,Rewe,Drogerie,2023-07-09,"Gültig ab morgen bis Samstag, 15.07.2023"
Pampers Baby Dry Pants Single Pack,https://img.rewe-static.de/KLEIN28_2023/7839196/35199201-12_digital-image.png?impolicy=s-offers&imwidth=200&output-format=image/webp,,https://shop.rewe.de/productList?search=2832136,,"Größe 5 , je 24-St.-Pckg",Aktion,"7,99 €",nan,Ladenburger Str. 68,Rewe,Drogerie,2023-07-09,"Gültig ab morgen bis Samstag, 15.07.2023"
Gliss Kur Shampoo,https://img.rewe-static.de/KLEIN28_2023/7207275/27570160-11_digital-image.png?impolicy=s-offers&imwidth=200&output-format=image/webp,,https://shop.rewe.de/productList?search=2832136,,"versch. Sorten , je 250-ml-Fl , (1 l = 9.96)",Aktion,"2,49 €","b'ProduktbeschreibungArtikelnummer 7207275HABEN SIE STROHIGE HAARE UND SPLISS? T\xc3\xa4gliches K\xc3\xa4mmen & Stylen strapaziert das Haar, wodurch die Haarspitzen strohig werden und Haarbruch entsteht. Damit die Haare gesund & geschmeidig bleiben, brauchen sie eine intensive Pflege. GLISS KUR OIL NUTRITIVE bietet: \xe2\x80\x89TIEFENREPAIR OHNE ZU BESCHWEREN SINNLICHE GESCHMEIDIGKEIT UND GESUND GL\xc3\x84NZENDES HAAR GLISS KUR Formeln mit KERATIN SERUM reparieren vorhandene Sch\xc3\xa4den und verst\xc3\xa4rken die Zellstruktur, um zuk\xc3\xbcnftigen Sch\xc3\xa4den vorzubeugen. OIL NUTRITIVE Abgestimmt auf die Bed\xc3\xbcrfnisse von strohigem, splissanf\xc3\xa4lligem Haar, n\xc3\xa4hrt die OIL NUTRITIVE Linie das Haar mit WERTVOLLEN BEAUTY-\xc3\x96LEN. F\xc3\xbcr ein optimales Pflege-Ergebnis, folgen Sie dem GLISS KUR REPARATUR-SYSTEM: SHAMPOO reinigt  SP\xc3\x9cLUNG entwirrt  KUREN pflegenInhaltsstoffeAqua,Sodium Laureth Sulfate, Cocamidopropyl Betaine, Sodium Chloride, Macadamia Ternifolia Seed Oil, Prunus Armeniaca Kernel Oil, Tocopheryl Acetate, Panthenol, Hydrolyzed Keratin, Cocamide MEA, Disodium Cocoamphodiacetate, Sodium Benzoate, Citric Acid, PEG-7 Glyceryl Cocoate, Polyquaternium-10, Parfum, PEG-40 Hydrogenated Castor Oil, PEG-120 Methyl Glucose Dioleate, Propylene Glycol, Butylphenyl Methylpropional, Linalool, CI 19140, CI 15985, CI 47005ArtikeldetailsMarke: Gliss KurUrsprungsland: DeutschlandLaufzeit nach \xc3\x96ffnen: 12 MonateKontaktKontaktname: Schwarzkopf & Henkel GmbHKontaktadresse: D-40191 D\xc3\xbcsseldorfMaximale Bestellmenge: 15 St\xc3\xbcckF\xc3\xbcr die vorstehenden Angaben wird keine Haftung \xc3\xbcbernommen. Bitte pr\xc3\xbcfen Sie im Einzelfall die Angaben auf der jeweiligen Produktverpackung, nur diese sind verbindlich.Das Produktdesign kann von der Abbildung abweichen.'",Ladenburger Str. 68,Rewe,Drogerie,2023-07-09,"Gültig ab morgen bis Samstag, 15.07.2023"
Blend-a-Med Zahncreme,https://img.rewe-static.de/KLEIN28_2023/3075942/35085314-3_digital-image.png?impolicy=s-offers&imwidth=200&output-format=image/webp,,https://shop.rewe.de/productList?search=2832136,,"Classic oder Frisch , je 75-ml-Tube , (1 l = 11.87)",Aktion,"0,89 €","b'ProduktbeschreibungArtikelnummer 3075942Die blend-a-med Classic Zahncreme enth\xc3\xa4lt Aktiv-Fluorid f\xc3\xbcr saubere, gesunde und starke Z\xc3\xa4hne. Mit dem klassischen Menthol-Geschmack von blend-a-med. Blend-a-med Rundumschutz Classic Zahnpasta bietet 24 Stunden Schutz, bei zweimal t\xc3\xa4glich putzen. Mit dem klassischem Menthol-Geschmack von blend-a-med.InhaltsstoffeIngredients: Aqua, Hydrated Silica, Sorbitol, Sodium Lauryl Sulfate, Cellulose Gum, Aroma, Trisodium Phosphate, Sodium Fluoride, Carbomer, Cl 77891, Sodium Saccharin, Limonene, Sodium Hydroxide, Eugenol, Polysorbate 80HinweiseInformation: F\xc3\xbcr Kinder bis 6 Jahre: Nur erbsengro\xc3\x9fe Menge Zahnpasta benutzen. Zur Vermeidung \xc3\xbcberm\xc3\xa4\xc3\x9figen Verschluckens Z\xc3\xa4hneputzen nur unter Aufsicht. Bei zus\xc3\xa4tzlicher Aufnahme von Fluorid den Zahnarzt oder Arzt befragen. Enth\xc3\xa4lt Natriumfluorid (1450 ppm Fluorid).ArtikeldetailsMarke: Blend-a-medUrsprungsland: DeutschlandKontaktKontaktname: Procter & GambleKontaktadresse: 65823 Schwalbach/Ts., GermanyMaximale Bestellmenge: 15 St\xc3\xbcckF\xc3\xbcr die vorstehenden Angaben wird keine Haftung \xc3\xbcbernommen. Bitte pr\xc3\xbcfen Sie im Einzelfall die Angaben auf der jeweiligen Produktverpackung, nur diese sind verbindlich.Das Produktdesign kann von der Abbildung abweichen.'",Ladenburger Str. 68,Rewe,Drogerie,2023-07-09,"Gültig ab morgen bis Samstag, 15.07.2023"
Colgate Total Zahncreme,https://img.rewe-static.de/KLEIN28_2023/2226666/34953247-8_digital-image.png?impolicy=s-offers&imwidth=200&output-format=image/webp,,https://shop.rewe.de/productList?search=2832136,,"je 75-ml-Tuben-Pckg , (1 l = 30.53)",Aktion,"2,29 €","b'ProduktbeschreibungArtikelnummer 2226666Colgate Total Zahnapasta enth\xc3\xa4lt eine fortschrittliche Technologie, die Ihren gesamten Mund proaktiv sch\xc3\xbctzt und einen hervorragenden Schutz gegen Plaque, Empfindlichkeit, Verf\xc3\xa4rbungen, Zahnstein und Karies bietet. Sie macht Bakterien ausfindig und bek\xc3\xa4mpft sie, um den Zahnschmelz zu sch\xc3\xbctzen, neutralisiert sofort Ger\xc3\xbcche, die Mundgeruch verursachen, und enth\xc3\xa4lt verbesserte Aromen, die in Ihrem Mund f\xc3\xbcr ein Gef\xc3\xbchl der Sauberkeit und Frische sorgen. Diese Zahnpasta tr\xc3\xa4gt \xc3\xbcberdies dazu bei, Zahnfleischerkrankungen und Zahnschmelzabbau vorzubeugen. Um einen gesunden Mund zu haben, reicht es nicht aus, sich nur um die Z\xc3\xa4hne zu k\xc3\xbcmmern. Deshalb bek\xc3\xa4mpft die Zahnpasta Colgate Total Original Bakterien nicht nur auf Ihren Z\xc3\xa4hnen, sondern auch auf der Zunge, den Wangeninnenseiten und dem Zahnfleisch proaktiv bis zu 12 Stunden lang,* um die Gesundheit des ganzen Mundes zu gew\xc3\xa4hrleisten.** \n *nach 4 Wochen regelm\xc3\xa4\xc3\x9figer Anwendung \n **Schutz f\xc3\xbcr Ihren ganzen Mund, d. h. Z\xc3\xa4hne, Zunge, Wangeninnenseiten und Zahnfleisch... mehr anzeigenInhaltsstoffeAqua, Glycerin, Hydrated Silica, PVM/MA Copolymer, Sodium Lauryl Sulfate, Cellulose Gum, Aroma, Sodium Hydroxide, Carrageenan, Sodium Fluoride, Triclosan, Sodium Saccharin, Limonene, Cl 77891ArtikeldetailsMarke: ColgateUrsprungsland: DeutschlandLaufzeit nach \xc3\x96ffnen: 12 MonatePackungsgr\xc3\xb6\xc3\x9fe: 75mlMaximale Bestellmenge: 15 St\xc3\xbcckF\xc3\xbcr die vorstehenden Angaben wird keine Haftung \xc3\xbcbernommen. Bitte pr\xc3\xbcfen Sie im Einzelfall die Angaben auf der jeweiligen Produktverpackung, nur diese sind verbindlich.Das Produktdesign kann von der Abbildung abweichen.'",Ladenburger Str. 68,Rewe,Drogerie,2023-07-09,"Gültig ab morgen bis Samstag, 15.07.2023"
Vitakraft Poésie Katzennahrung,https://img.rewe-static.de/KLEIN28_2023/2751452/24817125-19_digital-image.png?impolicy=s-offers&imwidth=200&output-format=image/webp,,https://shop.rewe.de/productList?search=2832136,,"versch. Sorten , je 85-g-Schale/Btl , (1 kg = 4.59)",Aktion,"0,39 €","b'ProduktbeschreibungArtikelnummer 2751452K\xc3\xb6stlich fleischige H\xc3\xa4ppchen, raffiniert kombiniert mit einer feinen K\xc3\xa4sesauce \xe2\x80\x93 dieses leckere Men\xc3\xbc in der Herzschale ist jeden Tag aufs Neue ein Gedicht f\xc3\xbcr Ihre Katze!Jede Schale Po\xc3\xa9sie\xc2\xae Cr\xc3\xa9ation enth\xc3\xa4lt unwiderstehlichen Geschmack, beste Zutaten und eine ausgewogene Portion Liebe, also genau das, was sich Ihr Tiger w\xc3\xbcnscht. Dabei ist das schmackhafte Men\xc3\xbc selbstverst\xc3\xa4ndlich ideal auf die ern\xc3\xa4hrungsphysiologischen Bed\xc3\xbcrfnisse von Katzen abgestimmt und \xc3\xbcberzeugt durch h\xc3\xb6chste Qualit\xc3\xa4t. Und die kann man dank der schonenden Zubereitung sogar sehen. Vitakraft. Aus Liebe.ZusammensetzungZusammensetzung: Fleisch u. tierische Nebenerzeugnisse 55% (Rind, Schwein und Gefl\xc3\xbcgel, 5% Pute);Getreide (Weizen);Mineralstoffe;Milch und Molkereierzeugnisse (2% K\xc3\xa4se);InulinAnalytische Bestandteile: 83,0 % Feuchtigkeit;9,5 % Protein;5,0 % Fettgehalt0,3 % Rohfaser;2,0 % RohascheZusatzstoffe pro kg: 250 i.E. E671 Vitamin D3;15 mg E1 Eisen;1,0 mg E4 Kupfer;1,0 mg E5 Mangan;18,0 mg 3b605, Zink;445 mg TaurinF\xc3\xbctterungsempfehlungEine Katze mit einem Gewicht von 4 kg ben\xc3\xb6tigt ca. 2-3 Schalen pro Tag, abh\xc3\xa4ngig von Aktivit\xc3\xa4t, Alter und Rasse des Tieres. Dazu frisches Trinkwasser reichen.HinweiseAufbewahrungs- und Verwendungshinweis: K\xc3\xbchl und trocken lagern.ArtikeldetailsMarkeVitakraftUrsprungslandDeutschlandGeschmacksrichtungPute in K\xc3\xa4sesauceTierartKatzeAltersstufe des HaustieresAdultFutterartAlleinfutterKontaktKontakt: 0421 48960Zulassungsnummer: DE BW 200010Kontaktname: Vitakraft pet care GmbH & Co. KGKontaktadresse: D-28295 Bremen.Maximale Bestellmenge: 15 St\xc3\xbcckF\xc3\xbcr die vorstehenden Angaben wird keine Haftung \xc3\xbcbernommen. Bitte pr\xc3\xbcfen Sie im Einzelfall die Angaben auf der jeweiligen Produktverpackung, nur diese sind verbindlich.Das Produktdesign kann von der Abbildung abweichen.'",Ladenburger Str. 68,Rewe,Tier,2023-07-09,"Gültig ab morgen bis Samstag, 15.07.2023"
Catsan Hygiene Plus,https://img.rewe-static.de/KLEIN28_2023/8009189/31263213-5_digital-image.png?impolicy=s-offers&imwidth=200&output-format=image/webp,,https://shop.rewe.de/productList?search=2832136,,"je 9-l-Btl , (1 l = 0.55)",Aktion,"4,99 €","b'ProduktbeschreibungArtikelnummer 8009189CATSAN\xe2\x84\xa2 Hygiene Plus ist eine hochwirksame, nicht-klumpende Katzenstreu, die Fl\xc3\xbcssigkeit schnell und effektiv aufsaugt, bevor Geruch entsteht. Wie ein Schwamm nimmt die Hygienestreu Fl\xc3\xbcssigkeit auf und schlie\xc3\x9ft sie sicher ein. So bleibt die Katzentoilette f\xc3\xbcr Ihre Katze sp\xc3\xbcrbar trocken und hygienisch. Der Extra-Mineralschutz von CATSAN\xe2\x84\xa2 Hygiene bindet Ger\xc3\xbcche besonders lang und zuverl\xc3\xa4ssig. Katzen wissen die geruchsbindende Katsenstreu zu sch\xc3\xa4tzen - und ihre Eigent\xc3\xbcmer auch. \nCATSAN\xe2\x84\xa2 Hygienestreu besteht zu 100 % aus nat\xc3\xbcrlichen Rohstoffen (Quarzsand und Kalk). So entsteht die hygienisch wei\xc3\x9fe Farbe von CATSAN\xe2\x84\xa2 Hygienestreu, ohne auf gef\xc3\xa4hrliche Stoffe wie Bleichmittel zur\xc3\xbcckgreifen zu m\xc3\xbcssen. CATSAN\xe2\x84\xa2 ist frei von gef\xc3\xa4hrlichen Fasern oder anderen unvertr\xc3\xa4glichen Bestandteilen. \nAuch f\xc3\xbcr K\xc3\xa4tzchen geeignet.HinweiseAufbewahrungs- und Verwendungshinweis: Bitte trocken lagern.ArtikeldetailsMarke: CatsanUrsprungsland: DeutschlandKontaktKontaktname: Mars GmbHKontaktadresse: Postfach 1280, 27281 Verden (Aller)Maximale Bestellmenge: 15 St\xc3\xbcckF\xc3\xbcr die vorstehenden Angaben wird keine Haftung \xc3\xbcbernommen. Bitte pr\xc3\xbcfen Sie im Einzelfall die Angaben auf der jeweiligen Produktverpackung, nur diese sind verbindlich.Das Produktdesign kann von der Abbildung abweichen.'",Ladenburger Str. 68,Rewe,Tier,2023-07-09,"Gültig ab morgen bis Samstag, 15.07.2023"
"Edelweiss
            1",https://img.rewe-static.de/KLEIN28_2023/8905443/39778752-4_digital-image.png?impolicy=s-offers&imwidth=200&output-format=image/webp,,https://shop.rewe.de/productList?search=2832136,,"Sorte »Vroni«, mit silberweißen Blüten , je Topf",Aktion,"2,29 €",nan,Ladenburger Str. 68,Rewe,Freizeit & Mode,2023-07-09,"Gültig ab morgen bis Samstag, 15.07.2023"
"Portulakröschen oder Zauberglöckchen
            1",https://img.rewe-static.de/KLEIN28_2023/1832840/2541080-5_digital-image.png?impolicy=s-offers&imwidth=200&output-format=image/webp,,https://shop.rewe.de/productList?search=2832136,,"versch. Farben , je Topf",Aktion,"1,99 €",nan,Ladenburger Str. 68,Rewe,Freizeit & Mode,2023-07-09,"Gültig ab morgen bis Samstag, 15.07.2023"
"Enzian
            1",https://img.rewe-static.de/KLEIN28_2023/1729713/25244190-6_digital-image.png?impolicy=s-offers&imwidth=200&output-format=image/webp,,https://shop.rewe.de/productList?search=2832136,,"blühfreudige Sommerpflanze, mit leuchtend blauer Blüte , je Topf",Aktion,"2,99 €",nan,Ladenburger Str. 68,Rewe,Freizeit & Mode,2023-07-09,"Gültig ab morgen bis Samstag, 15.07.2023"
